<?xml version="1.0" encoding="UTF-8"?>
<!DOCTYPE html PUBLIC "-//W3C//DTD XHTML 1.0 Transitional//EN"
    "http://www.w3.org/TR/xhtml1/DTD/xhtml1-transitional.dtd">
<html xmlns="http://www.w3.org/1999/xhtml" xml:lang="en" lang="en">
 <head>
  <title>
</title>
<meta http-equiv="Content-Type" content="text/html;charset=utf-8" />
  <meta name='ocr-system' content='tesseract 3.04.00' />
  <meta name='ocr-capabilities' content='ocr_page ocr_carea ocr_par ocr_line ocrx_word'/>
</head>
<body>
  <div class='ocr_page' id='page_1' title='image "./corporishaerese02oehlgoog_0391.png"; bbox 0 0 3186 4928; ppageno 0'>
   <div class='ocr_carea' id='block_1_1' title="bbox 360 229 1159 292">
    <p class='ocr_par' dir='ltr' id='par_1_1' title="bbox 360 229 1159 292">
     <span class='ocr_line' id='line_1_1' title="bbox 360 229 1159 292; baseline -0.003 -2"><span class='ocrx_word' id='word_1_1' title='bbox 360 229 421 292; x_wconf 83' lang='lat'><strong><em>370</em></strong></span> <span class='ocrx_word' id='word_1_2' title='bbox 785 238 908 290; x_wconf 78' lang='grc' dir='ltr'><strong><em>ειαστι</em></strong></span> <span class='ocrx_word' id='word_1_3' title='bbox 925 239 1095 290; x_wconf 67' lang='lat' dir='ltr'><strong>nummu</strong></span> <span class='ocrx_word' id='word_1_4' title='bbox 1156 265 1159 279; x_wconf 84' lang='lat'>·</span> 
     </span>
    </p>
   </div>
   <div class='ocr_carea' id='block_1_2' title="bbox 350 351 1574 2802">
    <p class='ocr_par' dir='ltr' id='par_1_2' title="bbox 350 351 1573 2802">
     <span class='ocr_line' id='line_1_2' title="bbox 360 351 1517 438; baseline -0.002 -16"><span class='ocrx_word' id='word_1_5' title='bbox 360 357 632 437; x_wconf 60' lang='grc' dir='ltr'><strong><em>άνακσινίζωνιμου</em></strong></span> <span class='ocrx_word' id='word_1_6' title='bbox 650 353 702 421; x_wconf 90' lang='grc' dir='ltr'><strong><em>τόν</em></strong></span> <span class='ocrx_word' id='word_1_7' title='bbox 722 351 822 434; x_wconf 87' lang='grc' dir='ltr'><strong><em>οίιιον,</em></strong></span> <span class='ocrx_word' id='word_1_8' title='bbox 844 357 974 421; x_wconf 73' lang='grc' dir='ltr'><strong><em>τουτέστι</em></strong></span> <span class='ocrx_word' id='word_1_9' title='bbox 990 354 1024 421; x_wconf 88' lang='grc' dir='ltr'><strong><em>τό</em></strong></span> <span class='ocrx_word' id='word_1_10' title='bbox 1041 364 1127 438; x_wconf 77' lang='grc' dir='ltr'><strong><em>σῶμα</em></strong></span> <span class='ocrx_word' id='word_1_11' title='bbox 1144 353 1178 420; x_wconf 89' lang='grc' dir='ltr'><strong><em>τό</em></strong></span> <span class='ocrx_word' id='word_1_12' title='bbox 1200 353 1304 434; x_wconf 82' lang='grc' dir='ltr'><strong><em>πεσόν,</em></strong></span> <span class='ocrx_word' id='word_1_13' title='bbox 1326 356 1376 422; x_wconf 80' lang='grc' dir='ltr'><strong><em>καί</em></strong></span> <span class='ocrx_word' id='word_1_14' title='bbox 1392 351 1452 420; x_wconf 79' lang='grc' dir='ltr'><strong><em>οάιτ</em></strong></span> <span class='ocrx_word' id='word_1_15' title='bbox 1472 353 1517 420; x_wconf 76' lang='grc' dir='ltr'><strong><em>εό-</em></strong></span> 
     </span>
     <span class='ocr_line' id='line_1_3' title="bbox 361 453 1519 545; baseline -0.003 -19"><span class='ocrx_word' id='word_1_16' title='bbox 361 485 480 545; x_wconf 87' lang='grc' dir='ltr'><strong><em>φρανας</em></strong></span> <span class='ocrx_word' id='word_1_17' title='bbox 494 457 565 534; x_wconf 81' lang='grc' dir='ltr'><strong><em>τοιίς</em></strong></span> <span class='ocrx_word' id='word_1_18' title='bbox 580 456 708 544; x_wconf 79' lang='grc' dir='ltr'><strong><em>ἐχθρούς</em></strong></span> <span class='ocrx_word' id='word_1_19' title='bbox 723 485 782 541; x_wconf 88' lang='grc' dir='ltr'><strong><em>μου</em></strong></span> <span class='ocrx_word' id='word_1_20' title='bbox 799 459 857 540; x_wconf 84' lang='grc' dir='ltr'><strong><em>ἐμί.</em></strong></span> <span class='ocrx_word' id='word_1_21' title='bbox 903 461 964 522; x_wconf 87' lang='grc' dir='ltr'><strong><em>Καί</em></strong></span> <span class='ocrx_word' id='word_1_22' title='bbox 977 453 1122 540; x_wconf 79' lang='grc' dir='ltr'><strong><em>Σολομοέν</em></strong></span> <span class='ocrx_word' id='word_1_23' title='bbox 1137 460 1169 522; x_wconf 84' lang='grc' dir='ltr'><strong><em>ἐν</em></strong></span> <span class='ocrx_word' id='word_1_24' title='bbox 1183 461 1365 542; x_wconf 86' lang='grc' dir='ltr'><strong><em>Παροιμίαις</em></strong></span> <span class='ocrx_word' id='word_1_25' title='bbox 1380 455 1519 534; x_wconf 77' lang='grc' dir='ltr'><strong><em>άςαότας</em></strong></span> 
     </span>
     <span class='ocr_line' id='line_1_4' title="bbox 360 559 1519 646; baseline -0.001 -21"><span class='ocrx_word' id='word_1_26' title='bbox 360 564 402 638; x_wconf 87' lang='grc' dir='ltr'><strong><em>είς</em></strong></span> <span class='ocrx_word' id='word_1_27' title='bbox 422 559 478 646; x_wconf 72' lang='grc' dir='ltr'><strong><em>τὴν</em></strong></span> <span class='ocrx_word' id='word_1_28' title='bbox 498 564 590 628; x_wconf 78' lang='grc' dir='ltr'><strong><em>ἐκεῖσε</em></strong></span> <span class='ocrx_word' id='word_1_29' title='bbox 607 563 775 644; x_wconf 82' lang='grc' dir='ltr'><strong><em>ἓτοιμασίαν</em></strong></span> <span class='ocrx_word' id='word_1_30' title='bbox 796 559 833 624; x_wconf 86' lang='grc' dir='ltr'><strong><em>τά</em></strong></span> <span class='ocrx_word' id='word_1_31' title='bbox 849 559 947 625; x_wconf 87' lang='grc' dir='ltr'><strong><em>πάντα</em></strong></span> <span class='ocrx_word' id='word_1_32' title='bbox 965 568 1018 643; x_wconf 77' lang='grc' dir='ltr'><strong><em>τῆς</em></strong></span> <span class='ocrx_word' id='word_1_33' title='bbox 1035 563 1153 635; x_wconf 84' lang='grc' dir='ltr'><strong><em>ἐλπίδος</em></strong></span> <span class='ocrx_word' id='word_1_34' title='bbox 1175 560 1403 646; x_wconf 74' lang='grc' dir='ltr'><strong><em>παρασκευάζων</em></strong></span> <span class='ocrx_word' id='word_1_35' title='bbox 1428 559 1519 645; x_wconf 80' lang='grc' dir='ltr'><strong><em>προῦ·</em></strong></span> 
     </span>
     <span class='ocr_line' id='line_1_5' title="bbox 350 660 1519 750; baseline 0 -22"><span class='ocrx_word' id='word_1_36' title='bbox 350 665 463 750; x_wconf 83' lang='grc' dir='ltr'><strong><em>τρεπε,</em></strong></span> <span class='ocrx_word' id='word_1_37' title='bbox 485 663 627 745; x_wconf 84' lang='grc' dir='ltr'><strong><em>φάσκων,</em></strong></span> <span class='ocrx_word' id='word_1_38' title='bbox 654 661 803 745; x_wconf 83' lang='grc' dir='ltr'><strong><em>Ἑτοίμαζε</em></strong></span> <span class='ocrx_word' id='word_1_39' title='bbox 822 664 864 738; x_wconf 89' lang='grc' dir='ltr'><strong><em>είς</em></strong></span> <span class='ocrx_word' id='word_1_40' title='bbox 881 660 934 746; x_wconf 77' lang='grc' dir='ltr'><strong><em>τὴν</em></strong></span> <span class='ocrx_word' id='word_1_41' title='bbox 949 666 1052 740; x_wconf 75' lang='grc' dir='ltr'><strong><em>ἔξοδον</em></strong></span> <span class='ocrx_word' id='word_1_42' title='bbox 1067 661 1102 728; x_wconf 83' lang='grc' dir='ltr'><strong><em>τά</em></strong></span> <span class='ocrx_word' id='word_1_43' title='bbox 1124 665 1196 748; x_wconf 74' lang='grc' dir='ltr'><strong><em>ἔργα</em></strong></span> <span class='ocrx_word' id='word_1_44' title='bbox 1210 685 1282 743; x_wconf 86' lang='grc' dir='ltr'><strong><em>σου,</em></strong></span> <span class='ocrx_word' id='word_1_45' title='bbox 1304 666 1407 741; x_wconf 81' lang='grc' dir='ltr'><strong><em>ἐξοδον</em></strong></span> <span class='ocrx_word' id='word_1_46' title='bbox 1430 666 1519 748; x_wconf 77' lang='grc' dir='ltr'><strong><em>λίγαν</em></strong></span> 
     </span>
     <span class='ocr_line' id='line_1_6' title="bbox 357 762 1519 851; baseline -0.001 -20"><span class='ocrx_word' id='word_1_47' title='bbox 357 767 411 850; x_wconf 75' lang='grc' dir='ltr'><strong><em>τήν</em></strong></span> <span class='ocrx_word' id='word_1_48' title='bbox 430 765 613 833; x_wconf 80' lang='grc' dir='ltr'><strong><em>άπεντειῑθεν</em></strong></span> <span class='ocrx_word' id='word_1_49' title='bbox 632 764 817 850; x_wconf 79' lang='grc' dir='ltr'><strong><em>άπαλλαγήν,</em></strong></span> <span class='ocrx_word' id='word_1_50' title='bbox 839 768 907 844; x_wconf 85' lang='grc' dir='ltr'><strong><em>καί,</em></strong></span> <span class='ocrx_word' id='word_1_51' title='bbox 932 762 1122 847; x_wconf 79' lang='grc' dir='ltr'><strong><em>Ἑτοιμάζου,</em></strong></span> <span class='ocrx_word' id='word_1_52' title='bbox 1145 768 1253 848; x_wconf 86' lang='grc' dir='ltr'><strong><em>φησίν,</em></strong></span> <span class='ocrx_word' id='word_1_53' title='bbox 1276 768 1319 842; x_wconf 86' lang='grc' dir='ltr'><strong><em>είς</em></strong></span> <span class='ocrx_word' id='word_1_54' title='bbox 1340 764 1390 831; x_wconf 89' lang='grc' dir='ltr'><strong><em>τόν</em></strong></span> <span class='ocrx_word' id='word_1_55' title='bbox 1414 764 1519 851; x_wconf 79' lang='grc' dir='ltr'><strong><em>άγρόν,</em></strong></span> 
     </span>
     <span class='ocr_line' id='line_1_7' title="bbox 357 865 1519 953; baseline -0.003 -18"><span class='ocrx_word' id='word_1_56' title='bbox 357 868 435 952; x_wconf 82' lang='grc' dir='ltr'><strong><em>όμοῦ</em></strong></span> <span class='ocrx_word' id='word_1_57' title='bbox 451 877 525 936; x_wconf 78' lang='grc' dir='ltr'><strong><em>πᾶσι</em></strong></span> <span class='ocrx_word' id='word_1_58' title='bbox 542 868 596 953; x_wconf 72' lang='grc' dir='ltr'><strong><em>τὴν</em></strong></span> <span class='ocrx_word' id='word_1_59' title='bbox 615 873 776 936; x_wconf 78' lang='grc' dir='ltr'><strong><em>νουθεσίαν</em></strong></span> <span class='ocrx_word' id='word_1_60' title='bbox 789 867 1027 950; x_wconf 77' lang='grc' dir='ltr'><strong><em>ἐπεκτεινόμενος</em></strong></span> <span class='ocrx_word' id='word_1_61' title='bbox 1041 875 1103 944; x_wconf 83' lang='grc' dir='ltr'><strong><em>τοῖς</em></strong></span> <span class='ocrx_word' id='word_1_62' title='bbox 1121 865 1197 934; x_wconf 89' lang='grc' dir='ltr'><strong><em>κατά</em></strong></span> <span class='ocrx_word' id='word_1_63' title='bbox 1214 865 1308 953; x_wconf 81' lang='grc' dir='ltr'><strong><em>άγρόν</em></strong></span> <span class='ocrx_word' id='word_1_64' title='bbox 1325 894 1354 934; x_wconf 91' lang='grc' dir='ltr'><strong><em>τε</em></strong></span> <span class='ocrx_word' id='word_1_65' title='bbox 1370 871 1424 932; x_wconf 84' lang='grc' dir='ltr'><strong><em>καί</em></strong></span> <span class='ocrx_word' id='word_1_66' title='bbox 1445 867 1519 932; x_wconf 83' lang='grc' dir='ltr'><strong><em>ιιατά</em></strong></span> 
     </span>
     <span class='ocr_line' id='line_1_8' title="bbox 356 967 1519 1059; baseline -0.002 -21"><span class='ocrx_word' id='word_1_67' title='bbox 356 971 447 1053; x_wconf 87' lang='grc' dir='ltr'><strong><em>άστυ,</em></strong></span> <span class='ocrx_word' id='word_1_68' title='bbox 469 977 578 1059; x_wconf 75' lang='grc' dir='ltr'><strong><em>λογίοις</em></strong></span> <span class='ocrx_word' id='word_1_69' title='bbox 595 997 626 1036; x_wconf 90' lang='grc' dir='ltr'><strong><em>τε</em></strong></span> <span class='ocrx_word' id='word_1_70' title='bbox 641 973 692 1036; x_wconf 88' lang='grc' dir='ltr'><strong><em>καί</em></strong></span> <span class='ocrx_word' id='word_1_71' title='bbox 709 980 771 1046; x_wconf 87' lang='grc' dir='ltr'><strong><em>τοῖς</em></strong></span> <span class='ocrx_word' id='word_1_72' title='bbox 786 969 840 1046; x_wconf 88' lang='grc' dir='ltr'><strong><em>τάς</em></strong></span> <span class='ocrx_word' id='word_1_73' title='bbox 861 970 1031 1053; x_wconf 71' lang='grc' dir='ltr'><strong><em>βαναύσους</em></strong></span> <span class='ocrx_word' id='word_1_74' title='bbox 1047 972 1147 1053; x_wconf 76' lang='grc' dir='ltr'><strong><em>τίηνας</em></strong></span> <span class='ocrx_word' id='word_1_75' title='bbox 1165 973 1380 1056; x_wconf 67' lang='grc' dir='ltr'><strong><em>ἐπιχειροῦσα,</em></strong></span> <span class='ocrx_word' id='word_1_76' title='bbox 1402 967 1453 1046; x_wconf 83' lang='grc' dir='ltr'><strong><em>οίς</em></strong></span> <span class='ocrx_word' id='word_1_77' title='bbox 1470 971 1519 1036; x_wconf 86' lang='grc' dir='ltr'><strong><em>σιἰ-</em></strong></span> 
     </span>
     <span class='ocr_line' id='line_1_9' title="bbox 356 1071 1519 1161; baseline -0.002 -21"><span class='ocrx_word' id='word_1_78' title='bbox 356 1079 445 1156; x_wconf 90' lang='grc' dir='ltr'><strong><em>δεμία</em></strong></span> <span class='ocrx_word' id='word_1_79' title='bbox 466 1078 587 1161; x_wconf 83' lang='grc' dir='ltr'><strong><em>ἐργασία</em></strong></span> <span class='ocrx_word' id='word_1_80' title='bbox 603 1073 677 1140; x_wconf 87' lang='grc' dir='ltr'><strong><em>κατά</em></strong></span> <span class='ocrx_word' id='word_1_81' title='bbox 694 1071 788 1159; x_wconf 85' lang='grc' dir='ltr'><strong><em>ιἰγρόν</em></strong></span> <span class='ocrx_word' id='word_1_82' title='bbox 804 1075 1026 1156; x_wconf 81' lang='grc' dir='ltr'><strong><em>ἐπιζητονμίνη.</em></strong></span> <span class='ocrx_word' id='word_1_83' title='bbox 1072 1071 1180 1138; x_wconf 88' lang='grc' dir='ltr'><strong><em>Πόθεν</em></strong></span> <span class='ocrx_word' id='word_1_84' title='bbox 1202 1072 1259 1158; x_wconf 81' lang='grc' dir='ltr'><strong><em>γάρ</em></strong></span> <span class='ocrx_word' id='word_1_85' title='bbox 1279 1081 1450 1160; x_wconf 81' lang='grc' dir='ltr'><strong><em>λινουργοίς</em></strong></span> <span class='ocrx_word' id='word_1_86' title='bbox 1470 1075 1519 1138; x_wconf 85' lang='grc' dir='ltr'><strong><em>καί</em></strong></span> 
     </span>
     <span class='ocr_line' id='line_1_10' title="bbox 356 1172 1519 1264; baseline -0.003 -20"><span class='ocrx_word' id='word_1_87' title='bbox 356 1175 568 1264; x_wconf 81' lang='grc' dir='ltr'><strong><em>άρμυρσχόοις,</em></strong></span> <span class='ocrx_word' id='word_1_88' title='bbox 591 1186 729 1262; x_wconf 78' lang='grc' dir='ltr'><strong><em>ποιηταῖς</em></strong></span> <span class='ocrx_word' id='word_1_89' title='bbox 743 1201 773 1240; x_wconf 88' lang='grc' dir='ltr'><strong><em>τε</em></strong></span> <span class='ocrx_word' id='word_1_90' title='bbox 790 1179 842 1242; x_wconf 86' lang='grc' dir='ltr'><strong><em>καί</em></strong></span> <span class='ocrx_word' id='word_1_91' title='bbox 858 1175 1072 1262; x_wconf 79' lang='grc' dir='ltr'><strong><em>λογομράφοις,</em></strong></span> <span class='ocrx_word' id='word_1_92' title='bbox 1094 1172 1116 1257; x_wconf 70' lang='grc' dir='ltr'><strong><em>τί</em></strong></span> <span class='ocrx_word' id='word_1_93' title='bbox 1130 1174 1205 1240; x_wconf 86' lang='grc' dir='ltr'><strong><em>κατά</em></strong></span> <span class='ocrx_word' id='word_1_94' title='bbox 1222 1172 1277 1259; x_wconf 72' lang='grc' dir='ltr'><strong><em>τὴν</em></strong></span> <span class='ocrx_word' id='word_1_95' title='bbox 1291 1174 1427 1260; x_wconf 90' lang='grc' dir='ltr'><strong><em>άρουραν</em></strong></span> <span class='ocrx_word' id='word_1_96' title='bbox 1446 1177 1519 1240; x_wconf 81' lang='grc' dir='ltr'><strong><em>ἕτοι-</em></strong></span> 
     </span>
     <span class='ocr_line' id='line_1_11' title="bbox 356 1275 1519 1366; baseline -0.002 -22"><span class='ocrx_word' id='word_1_97' title='bbox 356 1285 464 1362; x_wconf 70' lang='grc' dir='ltr'><strong><em>μασίας</em></strong></span> <span class='ocrx_word' id='word_1_98' title='bbox 483 1319 525 1332; x_wconf 87' lang='lat'><strong><em>-—</em></strong></span> <span class='ocrx_word' id='word_1_99' title='bbox 545 1279 711 1363; x_wconf 74' lang='grc' dir='ltr'><strong><em>συλλήβδην</em></strong></span> <span class='ocrx_word' id='word_1_100' title='bbox 726 1275 785 1366; x_wconf 80' lang='grc' dir='ltr'><strong><em>γάρ</em></strong></span> <span class='ocrx_word' id='word_1_101' title='bbox 801 1276 880 1360; x_wconf 82' lang='grc' dir='ltr'><strong><em>όμοῦ</em></strong></span> <span class='ocrx_word' id='word_1_102' title='bbox 892 1276 912 1361; x_wconf 75' lang='grc' dir='ltr'><em>ἦ</em></span> <span class='ocrx_word' id='word_1_103' title='bbox 929 1278 1016 1361; x_wconf 61' lang='lat' dir='ltr'><strong><em>mom)</em></strong></span> <span class='ocrx_word' id='word_1_104' title='bbox 1032 1277 1210 1364; x_wconf 84' lang='grc' dir='ltr'><strong><em>άδιακρίτως</em></strong></span> <span class='ocrx_word' id='word_1_105' title='bbox 1224 1275 1295 1354; x_wconf 70' lang='grc' dir='ltr'><strong><em>τούς</em></strong></span> <span class='ocrx_word' id='word_1_106' title='bbox 1309 1280 1427 1354; x_wconf 84' lang='grc' dir='ltr'><strong><em>πάντας</em></strong></span> <span class='ocrx_word' id='word_1_107' title='bbox 1444 1281 1519 1344; x_wconf 78' lang='grc' dir='ltr'><strong><em>ἐττει·</em></strong></span> 
     </span>
     <span class='ocr_line' id='line_1_12' title="bbox 354 1377 1517 1467; baseline -0.001 -20"><span class='ocrx_word' id='word_1_108' title='bbox 354 1389 452 1449; x_wconf 85' lang='grc' dir='ltr'><strong><em>ποῦσα</em></strong></span> <span class='ocrx_word' id='word_1_109' title='bbox 474 1385 630 1467; x_wconf 77' lang='grc' dir='ltr'><strong><em>κέκληκεν,</em></strong></span> <span class='ocrx_word' id='word_1_110' title='bbox 656 1378 832 1465; x_wconf 84' lang='grc' dir='ltr'><strong><em>Ἑτοιμάζου</em></strong></span> <span class='ocrx_word' id='word_1_111' title='bbox 853 1385 894 1457; x_wconf 86' lang='grc' dir='ltr'><strong><em>είς</em></strong></span> <span class='ocrx_word' id='word_1_112' title='bbox 912 1379 964 1446; x_wconf 88' lang='grc' dir='ltr'><strong><em>τόν</em></strong></span> <span class='ocrx_word' id='word_1_113' title='bbox 982 1377 1088 1467; x_wconf 83' lang='grc' dir='ltr'><strong><em>άμρόν·</em></strong></span> <span class='ocrx_word' id='word_1_114' title='bbox 1112 1421 1153 1432; x_wconf 88' lang='lat'><strong><em>--</em></strong></span> <span class='ocrx_word' id='word_1_115' title='bbox 1175 1378 1236 1446; x_wconf 74' lang='grc' dir='ltr'><strong><em>ἄλλ’</em></strong></span> <span class='ocrx_word' id='word_1_116' title='bbox 1251 1378 1272 1464; x_wconf 72' lang='grc' dir='ltr'><em>ἢ</em></span> <span class='ocrx_word' id='word_1_117' title='bbox 1288 1389 1374 1446; x_wconf 78' lang='grc' dir='ltr'><strong><em>τοῦτο</em></strong></span> <span class='ocrx_word' id='word_1_118' title='bbox 1392 1385 1517 1447; x_wconf 82' lang='grc' dir='ltr'><strong><em>αίνίττι·</em></strong></span> 
     </span>
     <span class='ocr_line' id='line_1_13' title="bbox 354 1482 1519 1574; baseline -0.002 -24"><span class='ocrx_word' id='word_1_119' title='bbox 354 1511 412 1565; x_wconf 91' lang='grc' dir='ltr'><strong><em>ται,</em></strong></span> <span class='ocrx_word' id='word_1_120' title='bbox 434 1484 481 1552; x_wconf 79' lang='grc' dir='ltr'><strong><em>ὅτι</em></strong></span> <span class='ocrx_word' id='word_1_121' title='bbox 495 1487 586 1551; x_wconf 88' lang='grc' dir='ltr'><strong><em>παντί</em></strong></span> <span class='ocrx_word' id='word_1_122' title='bbox 599 1483 756 1574; x_wconf 81' lang='grc' dir='ltr'><strong><em>άνθράπρι</em></strong></span> <span class='ocrx_word' id='word_1_123' title='bbox 773 1488 878 1574; x_wconf 77' lang='grc' dir='ltr'><strong><em>πολίτῃ</em></strong></span> <span class='ocrx_word' id='word_1_124' title='bbox 895 1509 925 1549; x_wconf 90' lang='grc' dir='ltr'><strong><em>τε</em></strong></span> <span class='ocrx_word' id='word_1_125' title='bbox 939 1485 991 1548; x_wconf 82' lang='grc' dir='ltr'><strong><em>καί</em></strong></span> <span class='ocrx_word' id='word_1_126' title='bbox 1004 1482 1134 1573; x_wconf 81' lang='grc' dir='ltr'><strong><em>άμροίκρι</em></strong></span> <span class='ocrx_word' id='word_1_127' title='bbox 1151 1482 1299 1560; x_wconf 87' lang='grc' dir='ltr'><strong><em>άπόθεσις</em></strong></span> <span class='ocrx_word' id='word_1_128' title='bbox 1312 1491 1366 1548; x_wconf 84' lang='grc' dir='ltr'><strong><em>τοῦ</em></strong></span> <span class='ocrx_word' id='word_1_129' title='bbox 1380 1483 1519 1566; x_wconf 73' lang='grc' dir='ltr'><strong><em>σώματος</em></strong></span> 
     </span>
     <span class='ocr_line' id='line_1_14' title="bbox 354 1584 1519 1675; baseline -0.004 -20"><span class='ocrx_word' id='word_1_130' title='bbox 354 1586 460 1675; x_wconf 81' lang='grc' dir='ltr'><strong><em>άγρδς,</em></strong></span> <span class='ocrx_word' id='word_1_131' title='bbox 483 1587 533 1655; x_wconf 86' lang='grc' dir='ltr'><strong><em>διά</em></strong></span> <span class='ocrx_word' id='word_1_132' title='bbox 555 1587 610 1671; x_wconf 75' lang='grc' dir='ltr'><strong><em>τὴν</em></strong></span> <span class='ocrx_word' id='word_1_133' title='bbox 628 1586 729 1670; x_wconf 77' lang='grc' dir='ltr'><strong><em>ταφήν</em></strong></span> <span class='ocrx_word' id='word_1_134' title='bbox 751 1588 801 1652; x_wconf 84' lang='grc' dir='ltr'><strong><em>καί</em></strong></span> <span class='ocrx_word' id='word_1_135' title='bbox 821 1586 853 1652; x_wconf 85' lang='grc' dir='ltr'><strong><em>τό</em></strong></span> <span class='ocrx_word' id='word_1_136' title='bbox 871 1589 960 1663; x_wconf 88' lang='grc' dir='ltr'><strong><em>τέλος.</em></strong></span> <span class='ocrx_word' id='word_1_137' title='bbox 1004 1584 1081 1652; x_wconf 83' lang='grc' dir='ltr'><strong><em>Είτα</em></strong></span> <span class='ocrx_word' id='word_1_138' title='bbox 1098 1588 1252 1668; x_wconf 84' lang='grc' dir='ltr'><strong><em>μιτίπειτα</em></strong></span> <span class='ocrx_word' id='word_1_139' title='bbox 1273 1584 1327 1668; x_wconf 69' lang='grc' dir='ltr'><strong><em>τήν</em></strong></span> <span class='ocrx_word' id='word_1_140' title='bbox 1348 1585 1447 1670; x_wconf 66' lang='grc' dir='ltr'><strong><em>αὐτὴν</em></strong></span> <span class='ocrx_word' id='word_1_141' title='bbox 1468 1595 1519 1670; x_wconf 72' lang='grc' dir='ltr'><strong><em>τῆς</em></strong></span> 
     </span>
     <span class='ocr_line' id='line_1_15' title="bbox 354 1686 1518 1774; baseline -0.002 -18"><span class='ocrx_word' id='word_1_142' title='bbox 354 1688 542 1767; x_wconf 88' lang='grc' dir='ltr'><strong><em>άναστάσεως</em></strong></span> <span class='ocrx_word' id='word_1_143' title='bbox 561 1694 714 1774; x_wconf 81' lang='grc' dir='ltr'><strong><em>σημαίνων</em></strong></span> <span class='ocrx_word' id='word_1_144' title='bbox 737 1692 840 1756; x_wconf 80' lang='grc' dir='ltr'><strong><em>ἐλπίδα</em></strong></span> <span class='ocrx_word' id='word_1_145' title='bbox 858 1687 982 1770; x_wconf 88' lang='grc' dir='ltr'><strong><em>φάσκει,</em></strong></span> <span class='ocrx_word' id='word_1_146' title='bbox 1012 1691 1074 1755; x_wconf 83' lang='grc' dir='ltr'><strong><em>Καί</em></strong></span> <span class='ocrx_word' id='word_1_147' title='bbox 1092 1686 1337 1772; x_wconf 77' lang='grc' dir='ltr'><strong><em>άνοικσδομήστις</em></strong></span> <span class='ocrx_word' id='word_1_148' title='bbox 1356 1686 1411 1754; x_wconf 84' lang='grc' dir='ltr'><strong><em>τόν</em></strong></span> <span class='ocrx_word' id='word_1_149' title='bbox 1433 1687 1518 1756; x_wconf 73' lang='grc' dir='ltr'><strong><em>οἶκόν</em></strong></span> 
     </span>
     <span class='ocr_line' id='line_1_16' title="bbox 354 1787 1517 1881; baseline -0.002 -23"><span class='ocrx_word' id='word_1_150' title='bbox 354 1815 420 1859; x_wconf 90' lang='grc' dir='ltr'><strong><em>σου.</em></strong></span> <span class='ocrx_word' id='word_1_151' title='bbox 454 1792 555 1871; x_wconf 71' lang='grc' dir='ltr'><strong><em>’Ἇτιαξ</em></strong></span> <span class='ocrx_word' id='word_1_152' title='bbox 578 1791 634 1878; x_wconf 82' lang='grc' dir='ltr'><strong><em>γάρ</em></strong></span> <span class='ocrx_word' id='word_1_153' title='bbox 651 1791 838 1881; x_wconf 73' lang='grc' dir='ltr'><strong><em>ᾠκοδομήθη</em></strong></span> <span class='ocrx_word' id='word_1_154' title='bbox 856 1794 888 1857; x_wconf 90' lang='grc' dir='ltr'><strong><em>ἐν</em></strong></span> <span class='ocrx_word' id='word_1_155' title='bbox 904 1799 940 1881; x_wconf 76' lang='grc' dir='ltr'><strong><em>τῇ</em></strong></span> <span class='ocrx_word' id='word_1_156' title='bbox 962 1789 1065 1858; x_wconf 84' lang='grc' dir='ltr'><strong><em>πλάσει</em></strong></span> <span class='ocrx_word' id='word_1_157' title='bbox 1081 1798 1118 1881; x_wconf 74' lang='grc' dir='ltr'><strong><em>τῇ</em></strong></span> <span class='ocrx_word' id='word_1_158' title='bbox 1135 1787 1212 1858; x_wconf 83' lang='grc' dir='ltr'><strong><em>κατά</em></strong></span> <span class='ocrx_word' id='word_1_159' title='bbox 1232 1789 1287 1873; x_wconf 74' lang='grc' dir='ltr'><strong><em>τὴν</em></strong></span> <span class='ocrx_word' id='word_1_160' title='bbox 1302 1793 1448 1876; x_wconf 83' lang='grc' dir='ltr'><strong><em>μαστίρα,</em></strong></span> <span class='ocrx_word' id='word_1_161' title='bbox 1471 1791 1517 1857; x_wconf 77' lang='grc' dir='ltr'><strong><em>ὅτε</em></strong></span> 
     </span>
     <span class='ocr_line' id='line_1_17' title="bbox 354 1891 1517 1983; baseline -0.002 -23"><span class='ocrx_word' id='word_1_162' title='bbox 354 1901 388 1960; x_wconf 88' lang='grc' dir='ltr'><strong><em>αί</em></strong></span> <span class='ocrx_word' id='word_1_163' title='bbox 410 1897 531 1980; x_wconf 85' lang='grc' dir='ltr'><strong><em>μητέρες</em></strong></span> <span class='ocrx_word' id='word_1_164' title='bbox 547 1894 688 1960; x_wconf 84' lang='grc' dir='ltr'><strong><em>ἐκόϊσκον</em></strong></span> <span class='ocrx_word' id='word_1_165' title='bbox 710 1897 833 1960; x_wconf 75' lang='grc' dir='ltr'><strong><em>ἕκαστον</em></strong></span> <span class='ocrx_word' id='word_1_166' title='bbox 855 1891 942 1976; x_wconf 78' lang='grc' dir='ltr'><strong><em>ἡμων</em></strong></span> <span class='ocrx_word' id='word_1_167' title='bbox 959 1897 990 1960; x_wconf 93' lang='grc' dir='ltr'><strong><em>ἐν</em></strong></span> <span class='ocrx_word' id='word_1_168' title='bbox 1004 1901 1042 1983; x_wconf 70' lang='grc' dir='ltr'><strong><em>τῇ</em></strong></span> <span class='ocrx_word' id='word_1_169' title='bbox 1061 1893 1177 1972; x_wconf 78' lang='grc' dir='ltr'><strong><em>πλάσει,</em></strong></span> <span class='ocrx_word' id='word_1_170' title='bbox 1208 1891 1269 1959; x_wconf 81' lang='grc' dir='ltr'><strong><em>άπό</em></strong></span> <span class='ocrx_word' id='word_1_171' title='bbox 1293 1895 1326 1959; x_wconf 87' lang='grc' dir='ltr'><strong><em>δέ</em></strong></span> <span class='ocrx_word' id='word_1_172' title='bbox 1347 1901 1401 1977; x_wconf 78' lang='grc' dir='ltr'><strong><em>τῆς</em></strong></span> <span class='ocrx_word' id='word_1_173' title='bbox 1419 1891 1517 1980; x_wconf 71' lang='grc' dir='ltr'><strong><em>γῆςη</em></strong></span> 
     </span>
     <span class='ocr_line' id='line_1_18' title="bbox 353 1993 1516 2082; baseline -0.001 -19"><span class='ocrx_word' id='word_1_174' title='bbox 353 1996 527 2079; x_wconf 88' lang='grc' dir='ltr'><strong><em>α’νάστασις,</em></strong></span> <span class='ocrx_word' id='word_1_175' title='bbox 550 1995 648 2080; x_wconf 75' lang='grc' dir='ltr'><strong><em>ἢάττδ</em></strong></span> <span class='ocrx_word' id='word_1_176' title='bbox 667 1996 777 2082; x_wconf 81' lang='grc' dir='ltr'><strong><em>άγροῦ,</em></strong></span> <span class='ocrx_word' id='word_1_177' title='bbox 806 1999 871 2063; x_wconf 78' lang='grc' dir='ltr'><strong><em>1ίτι</em></strong></span> <span class='ocrx_word' id='word_1_178' title='bbox 894 1999 1168 2080; x_wconf 81' lang='grc' dir='ltr'><strong><em>οἰκοδομουμένου,</em></strong></span> <span class='ocrx_word' id='word_1_179' title='bbox 1197 1994 1247 2062; x_wconf 88' lang='grc' dir='ltr'><strong><em>διά</em></strong></span> <span class='ocrx_word' id='word_1_180' title='bbox 1268 1993 1323 2079; x_wconf 73' lang='grc' dir='ltr'><strong><em>τήν</em></strong></span> <span class='ocrx_word' id='word_1_181' title='bbox 1346 1999 1516 2080; x_wconf 73' lang='grc' dir='ltr'><strong><em>ἐπενεχθεί-</em></strong></span> 
     </span>
     <span class='ocr_line' id='line_1_19' title="bbox 352 2095 1514 2188; baseline 0.003 -24"><span class='ocrx_word' id='word_1_182' title='bbox 352 2121 408 2164; x_wconf 88' lang='grc' dir='ltr'><strong><em>σαν</em></strong></span> <span class='ocrx_word' id='word_1_183' title='bbox 431 2097 510 2188; x_wconf 75' lang='grc' dir='ltr'><strong><em>αὐτῷ</em></strong></span> <span class='ocrx_word' id='word_1_184' title='bbox 534 2103 712 2184; x_wconf 83' lang='grc' dir='ltr'><strong><em>καθαίρεσιν</em></strong></span> <span class='ocrx_word' id='word_1_185' title='bbox 732 2103 763 2166; x_wconf 92' lang='grc' dir='ltr'><strong><em>ἐν</em></strong></span> <span class='ocrx_word' id='word_1_186' title='bbox 786 2107 827 2188; x_wconf 76' lang='grc' dir='ltr'><strong><em>τῷ</em></strong></span> <span class='ocrx_word' id='word_1_187' title='bbox 851 2107 903 2183; x_wconf 85' lang='grc' dir='ltr'><strong><em>τῆς</em></strong></span> <span class='ocrx_word' id='word_1_188' title='bbox 922 2106 1019 2182; x_wconf 79' lang='grc' dir='ltr'><strong><em>ταφῆς</em></strong></span> <span class='ocrx_word' id='word_1_189' title='bbox 1039 2097 1182 2181; x_wconf 81' lang='grc' dir='ltr'><strong><em>πτάματι.</em></strong></span> <span class='ocrx_word' id='word_1_190' title='bbox 1224 2095 1277 2174; x_wconf 82' lang='grc' dir='ltr'><strong><em>Ὡς</em></strong></span> <span class='ocrx_word' id='word_1_191' title='bbox 1298 2100 1350 2164; x_wconf 86' lang='grc' dir='ltr'><strong><em>καί</em></strong></span> <span class='ocrx_word' id='word_1_192' title='bbox 1372 2095 1391 2164; x_wconf 85' lang='grc' dir='ltr'><strong><em>ό</em></strong></span> <span class='ocrx_word' id='word_1_193' title='bbox 1416 2098 1514 2184; x_wconf 71' lang='grc' dir='ltr'><strong><em>σωττίρ</em></strong></span> 
     </span>
     <span class='ocr_line' id='line_1_20' title="bbox 352 2198 1513 2288; baseline 0.001 -20"><span class='ocrx_word' id='word_1_194' title='bbox 352 2205 430 2285; x_wconf 79' lang='grc' dir='ltr'><strong><em>ἐφη,</em></strong></span> <span class='ocrx_word' id='word_1_195' title='bbox 460 2200 581 2268; x_wconf 76' lang='grc' dir='ltr'><strong><em>Λύσατε</em></strong></span> <span class='ocrx_word' id='word_1_196' title='bbox 600 2200 652 2269; x_wconf 84' lang='grc' dir='ltr'><strong><em>τόν</em></strong></span> <span class='ocrx_word' id='word_1_197' title='bbox 669 2202 744 2268; x_wconf 85' lang='grc' dir='ltr'><strong><em>ναόν</em></strong></span> <span class='ocrx_word' id='word_1_198' title='bbox 766 2210 889 2280; x_wconf 85' lang='grc' dir='ltr'><strong><em>τοῦτον,</em></strong></span> <span class='ocrx_word' id='word_1_199' title='bbox 910 2204 962 2267; x_wconf 86' lang='grc' dir='ltr'><strong><em>καί</em></strong></span> <span class='ocrx_word' id='word_1_200' title='bbox 984 2204 1015 2268; x_wconf 79' lang='grc' dir='ltr'><strong><em>ἐν</em></strong></span> <span class='ocrx_word' id='word_1_201' title='bbox 1035 2203 1128 2288; x_wconf 84' lang='grc' dir='ltr'><strong><em>τρισίν</em></strong></span> <span class='ocrx_word' id='word_1_202' title='bbox 1151 2198 1275 2286; x_wconf 75' lang='grc' dir='ltr'><strong><em>ἡμέραις</em></strong></span> <span class='ocrx_word' id='word_1_203' title='bbox 1297 2205 1387 2288; x_wconf 74' lang='grc' dir='ltr'><strong><em>ἐγερεῖ</em></strong></span> <span class='ocrx_word' id='word_1_204' title='bbox 1411 2202 1513 2282; x_wconf 76' lang='grc' dir='ltr'><strong><em>αὐτόν,</em></strong></span> 
     </span>
     <span class='ocr_line' id='line_1_21' title="bbox 351 2297 1514 2394; baseline 0 -24"><span class='ocrx_word' id='word_1_205' title='bbox 351 2303 543 2390; x_wconf 76' lang='grc' dir='ltr'><strong><em>ἢοίκοδομολ</em></strong></span> <span class='ocrx_word' id='word_1_206' title='bbox 559 2302 667 2384; x_wconf 83' lang='grc' dir='ltr'><strong><em>αιίτδν,</em></strong></span> <span class='ocrx_word' id='word_1_207' title='bbox 689 2311 780 2386; x_wconf 82' lang='grc' dir='ltr'><strong><em>σοφία</em></strong></span> <span class='ocrx_word' id='word_1_208' title='bbox 796 2303 853 2384; x_wconf 78' lang='grc' dir='ltr'><strong><em>α’ίν,</em></strong></span> <span class='ocrx_word' id='word_1_209' title='bbox 876 2307 927 2370; x_wconf 86' lang='grc' dir='ltr'><strong><em>καί</em></strong></span> <span class='ocrx_word' id='word_1_210' title='bbox 945 2307 976 2370; x_wconf 80' lang='grc' dir='ltr'><strong><em>ἐν</em></strong></span> <span class='ocrx_word' id='word_1_211' title='bbox 991 2311 1026 2394; x_wconf 73' lang='grc' dir='ltr'><strong><em>τῇ</em></strong></span> <span class='ocrx_word' id='word_1_212' title='bbox 1042 2304 1186 2389; x_wconf 78' lang='grc' dir='ltr'><strong><em>φρονήσει</em></strong></span> <span class='ocrx_word' id='word_1_213' title='bbox 1199 2302 1304 2383; x_wconf 83' lang='grc' dir='ltr'><strong><em>αάτοῦ</em></strong></span> <span class='ocrx_word' id='word_1_214' title='bbox 1325 2297 1423 2393; x_wconf 77' lang='grc' dir='ltr'><strong><em>ᾗοόκ</em></strong></span> <span class='ocrx_word' id='word_1_215' title='bbox 1437 2309 1514 2372; x_wconf 79' lang='grc' dir='ltr'><strong><em>ἐστιν</em></strong></span> 
     </span>
     <span class='ocr_line' id='line_1_22' title="bbox 351 2400 1513 2536; baseline -0.001 -62"><span class='ocrx_word' id='word_1_216' title='bbox 351 2405 412 2474; x_wconf 87' lang='grc' dir='ltr'><strong><em>οπο</em></strong></span> <span class='ocrx_word' id='word_1_217' title='bbox 433 2405 606 2529; x_wconf 84' lang='grc' dir='ltr'><strong><em>άνθράπων</em></strong></span> <span class='ocrx_word' id='word_1_218' title='bbox 622 2406 776 2536; x_wconf 73' lang='grc' dir='ltr'><strong><em>ἐξαίρεσις,</em></strong></span> <span class='ocrx_word' id='word_1_219' title='bbox 798 2400 869 2474; x_wconf 65' lang='lat' dir='ltr'><strong><em>lv*</em></strong></span> <span class='ocrx_word' id='word_1_220' title='bbox 849 2435 868 2498; x_wconf 83' lang='grc' dir='ltr'><strong><em>η</em></strong></span> <span class='ocrx_word' id='word_1_221' title='bbox 884 2405 952 2485; x_wconf 69' lang='grc' dir='ltr'><strong><em>λζ’</em></strong></span> <span class='ocrx_word' id='word_1_222' title='bbox 932 2433 1056 2491; x_wconf 89' lang='grc' dir='ltr'><strong><em>απορων</em></strong></span> <span class='ocrx_word' id='word_1_223' title='bbox 1073 2405 1184 2486; x_wconf 85' lang='grc' dir='ltr'><strong><em>τόπων,</em></strong></span> <span class='ocrx_word' id='word_1_224' title='bbox 1207 2406 1452 2489; x_wconf 75' lang='grc' dir='ltr'><strong><em>διαηνθέντων</em></strong></span> <span class='ocrx_word' id='word_1_225' title='bbox 1430 2415 1513 2491; x_wconf 78' lang='grc' dir='ltr'><strong><em>ημῶν</em></strong></span> 
     </span>
     <span class='ocr_line' id='line_1_23' title="bbox 350 2508 1512 2634; baseline 0.001 -59"><span class='ocrx_word' id='word_1_226' title='bbox 350 2517 412 2577; x_wconf 79' lang='grc' dir='ltr'><strong><em>τῶν</em></strong></span> <span class='ocrx_word' id='word_1_227' title='bbox 428 2508 571 2592; x_wconf 74' lang='grc' dir='ltr'><strong><em>στομάτοιν</em></strong></span> <span class='ocrx_word' id='word_1_228' title='bbox 588 2518 646 2576; x_wconf 75' lang='grc' dir='ltr'><strong><em>τῶν</em></strong></span> <span class='ocrx_word' id='word_1_229' title='bbox 662 2511 716 2594; x_wconf 78' lang='grc' dir='ltr'><strong><em>μὲν</em></strong></span> <span class='ocrx_word' id='word_1_230' title='bbox 734 2514 776 2586; x_wconf 87' lang='grc' dir='ltr'><strong><em>είς</em></strong></span> <span class='ocrx_word' id='word_1_231' title='bbox 790 2512 917 2634; x_wconf 88' lang='grc' dir='ltr'><strong><em>τέφραν,</em></strong></span> <span class='ocrx_word' id='word_1_232' title='bbox 939 2514 999 2576; x_wconf 79' lang='grc' dir='ltr'><strong><em>τῶν</em></strong></span> <span class='ocrx_word' id='word_1_233' title='bbox 1018 2511 1050 2574; x_wconf 87' lang='grc' dir='ltr'><strong><em>δέ</em></strong></span> <span class='ocrx_word' id='word_1_234' title='bbox 1072 2512 1103 2574; x_wconf 84' lang='grc' dir='ltr'><strong><em>ἐν</em></strong></span> <span class='ocrx_word' id='word_1_235' title='bbox 1123 2508 1276 2634; x_wconf 83' lang='grc' dir='ltr'><strong><em>θαλάσρη,</em></strong></span> <span class='ocrx_word' id='word_1_236' title='bbox 1301 2516 1385 2574; x_wconf 72' lang='grc' dir='ltr'><strong><em>’τῶν</em></strong></span> <span class='ocrx_word' id='word_1_237' title='bbox 1405 2509 1476 2576; x_wconf 65' lang='grc' dir='ltr'><strong><em>δὲ’</em></strong></span> <span class='ocrx_word' id='word_1_238' title='bbox 1456 2511 1512 2576; x_wconf 86' lang='grc' dir='ltr'><strong><em>νιτό</em></strong></span> 
     </span>
     <span class='ocr_line' id='line_1_24' title="bbox 351 2499 1574 2701; baseline 0.002 -24"><span class='ocrx_word' id='word_1_239' title='bbox 351 2611 545 2701; x_wconf 84' lang='grc' dir='ltr'><strong><em>σαρκοβόρων</em></strong></span> <span class='ocrx_word' id='word_1_240' title='bbox 559 2612 685 2692; x_wconf 83' lang='grc' dir='ltr'><strong><em>οίοίνων,</em></strong></span> <span class='ocrx_word' id='word_1_241' title='bbox 708 2621 767 2679; x_wconf 86' lang='grc' dir='ltr'><strong><em>τσδν</em></strong></span> <span class='ocrx_word' id='word_1_242' title='bbox 785 2610 856 2678; x_wconf 66' lang='grc' dir='ltr'><strong><em>δὲ’</em></strong></span> <span class='ocrx_word' id='word_1_243' title='bbox 836 2639 897 2679; x_wconf 87' lang='grc' dir='ltr'><strong><em>υπο</em></strong></span> <span class='ocrx_word' id='word_1_244' title='bbox 890 2611 1027 2698; x_wconf 68' lang='grc' dir='ltr'><strong><em>’θηρωκ</em></strong></span> <span class='ocrx_word' id='word_1_245' title='bbox 1049 2639 1108 2677; x_wconf 89' lang='grc' dir='ltr'><strong><em>των</em></strong></span> <span class='ocrx_word' id='word_1_246' title='bbox 1125 2608 1193 2677; x_wconf 72' lang='grc' dir='ltr'><strong><em>δί’</em></strong></span> <span class='ocrx_word' id='word_1_247' title='bbox 1174 2611 1233 2678; x_wconf 82' lang='grc' dir='ltr'><strong><em>υπό</em></strong></span> <span class='ocrx_word' id='word_1_248' title='bbox 1252 2610 1417 2696; x_wconf 72' lang='grc' dir='ltr'><strong><em>σκωλήκων</em></strong></span> <span class='ocrx_word' id='word_1_249' title='bbox 1434 2623 1513 2694; x_wconf 87' lang='grc' dir='ltr'><strong><em>φθιτ-</em></strong></span> <span class='ocrx_word' id='word_1_250' title='bbox 1572 2499 1574 2655; x_wconf 79' lang='lat'>⁸</span> 
     </span>
     <span class='ocr_line' id='line_1_25' title="bbox 351 2703 1572 2802; baseline -0.001 -21"><span class='ocrx_word' id='word_1_251' title='bbox 351 2717 477 2802; x_wconf 83' lang='grc' dir='ltr'><strong><em>ρέντων,</em></strong></span> <span class='ocrx_word' id='word_1_252' title='bbox 501 2717 594 2802; x_wconf 84' lang='grc' dir='ltr'><strong><em>φίρει.</em></strong></span> <span class='ocrx_word' id='word_1_253' title='bbox 1571 2703 1572 2753; x_wconf 74' lang='lat'>⁸</span> 
     </span>
    </p>
   </div>
   <div class='ocr_carea' id='block_1_3' title="bbox 214 2917 1570 4134">
    <p class='ocr_par' dir='ltr' id='par_1_3' title="bbox 214 2917 1570 3518">
     <span class='ocr_line' id='line_1_26' title="bbox 214 2917 1570 3009; baseline -0.003 -19"><span class='ocrx_word' id='word_1_254' title='bbox 214 2933 282 3004; x_wconf 75' lang='grc' dir='ltr'><strong><em>Κεφ.</em></strong></span> <span class='ocrx_word' id='word_1_255' title='bbox 298 2933 343 3006; x_wconf 84' lang='grc' dir='ltr'><strong><em>οβ’.</em></strong></span> <span class='ocrx_word' id='word_1_256' title='bbox 437 2923 480 2986; x_wconf 75' lang='lat' dir='ltr'><strong><em>Et</em></strong></span> <span class='ocrx_word' id='word_1_257' title='bbox 496 2920 552 3008; x_wconf 76' lang='grc' dir='ltr'><strong><em>γάρ</em></strong></span> <span class='ocrx_word' id='word_1_258' title='bbox 568 2920 605 2986; x_wconf 85' lang='grc' dir='ltr'><strong><em>τά</em></strong></span> <span class='ocrx_word' id='word_1_259' title='bbox 621 2924 650 2999; x_wconf 84' lang='grc' dir='ltr'><strong><em>ἐξ</em></strong></span> <span class='ocrx_word' id='word_1_260' title='bbox 667 2919 723 2986; x_wconf 79' lang='grc' dir='ltr'><strong><em>οὐκ</em></strong></span> <span class='ocrx_word' id='word_1_261' title='bbox 742 2919 837 2986; x_wconf 80' lang='grc' dir='ltr'><strong><em>όντων</em></strong></span> <span class='ocrx_word' id='word_1_262' title='bbox 852 2923 988 3003; x_wconf 82' lang='grc' dir='ltr'><strong><em>ἐποίησεν</em></strong></span> <span class='ocrx_word' id='word_1_263' title='bbox 1010 2923 1052 2996; x_wconf 88' lang='grc' dir='ltr'><strong><em>είς</em></strong></span> <span class='ocrx_word' id='word_1_264' title='bbox 1068 2918 1101 2986; x_wconf 90' lang='grc' dir='ltr'><strong><em>τδ</em></strong></span> <span class='ocrx_word' id='word_1_265' title='bbox 1119 2917 1211 2998; x_wconf 88' lang='grc' dir='ltr'><strong><em>είναι,</em></strong></span> <span class='ocrx_word' id='word_1_266' title='bbox 1239 2918 1324 3009; x_wconf 83' lang='grc' dir='ltr'><strong><em>πάσρι</em></strong></span> <span class='ocrx_word' id='word_1_267' title='bbox 1346 2947 1380 3007; x_wconf 80' lang='grc' dir='ltr'><strong><em>με</em></strong></span> <span class='ocrx_word' id='word_1_268' title='bbox 1404 2930 1510 3005; x_wconf 78' lang='grc' dir='ltr'><strong><em>μᾶλλον</em></strong></span> <span class='ocrx_word' id='word_1_269' title='bbox 1569 2941 1570 2948; x_wconf 74' lang='grc'>’</span> 
     </span>
     <span class='ocr_line' id='line_1_27' title="bbox 350 3020 1569 3109; baseline 0.001 -21"><span class='ocrx_word' id='word_1_270' title='bbox 350 3021 382 3089; x_wconf 86' lang='grc' dir='ltr'><strong><em>τό</em></strong></span> <span class='ocrx_word' id='word_1_271' title='bbox 401 3021 437 3088; x_wconf 83' lang='grc' dir='ltr'><strong><em>δν</em></strong></span> <span class='ocrx_word' id='word_1_272' title='bbox 452 3025 494 3100; x_wconf 90' lang='grc' dir='ltr'><strong><em>είς</em></strong></span> <span class='ocrx_word' id='word_1_273' title='bbox 508 3021 562 3108; x_wconf 73' lang='grc' dir='ltr'><strong><em>την</em></strong></span> <span class='ocrx_word' id='word_1_274' title='bbox 584 3027 661 3089; x_wconf 86' lang='grc' dir='ltr'><strong><em>ίδίαν</em></strong></span> <span class='ocrx_word' id='word_1_275' title='bbox 678 3022 856 3090; x_wconf 74' lang='grc' dir='ltr'><strong><em>κατάπαστα</em></strong></span> <span class='ocrx_word' id='word_1_276' title='bbox 874 3022 999 3109; x_wconf 76' lang='grc' dir='ltr'><strong><em>εάχερολς</em></strong></span> <span class='ocrx_word' id='word_1_277' title='bbox 1013 3020 1295 3106; x_wconf 75' lang='grc' dir='ltr'><strong><em>άποκαταστήσειεν,</em></strong></span> <span class='ocrx_word' id='word_1_278' title='bbox 1323 3027 1376 3088; x_wconf 81' lang='grc' dir='ltr'><strong><em>ίνα</em></strong></span> <span class='ocrx_word' id='word_1_279' title='bbox 1395 3029 1509 3091; x_wconf 79' lang='grc' dir='ltr'><strong><em>δικαίαν</em></strong></span> <span class='ocrx_word' id='word_1_280' title='bbox 1568 3039 1569 3045; x_wconf 78' lang='grc'>’</span> 
     </span>
     <span class='ocr_line' id='line_1_28' title="bbox 350 3121 1507 3251; baseline 0 -59"><span class='ocrx_word' id='word_1_281' title='bbox 350 3123 436 3248; x_wconf 84' lang='grc' dir='ltr'><strong><em>ορίση</em></strong></span> <span class='ocrx_word' id='word_1_282' title='bbox 452 3129 608 3248; x_wconf 81' lang='grc' dir='ltr'><strong><em>κρίσιν,“</em></strong></span> <span class='ocrx_word' id='word_1_283' title='bbox 594 3153 644 3191; x_wconf 89' lang='grc' dir='ltr'><strong><em>ινα</em></strong></span> <span class='ocrx_word' id='word_1_284' title='bbox 666 3152 708 3208; x_wconf 89' lang='grc' dir='ltr'><strong><em>μη</em></strong></span> <span class='ocrx_word' id='word_1_285' title='bbox 700 3125 825 3212; x_wconf 70' lang='grc' dir='ltr'><strong><em>’ἕτερον</em></strong></span> <span class='ocrx_word' id='word_1_286' title='bbox 843 3123 913 3192; x_wconf 88' lang='grc' dir='ltr'><strong><em>άνθ’</em></strong></span> <span class='ocrx_word' id='word_1_287' title='bbox 931 3127 1032 3211; x_wconf 76' lang='grc' dir='ltr'><strong><em>ἐτέρου</em></strong></span> <span class='ocrx_word' id='word_1_288' title='bbox 1054 3128 1200 3216; x_wconf 81' lang='grc' dir='ltr'><strong><em>κρίνη,“</em></strong></span> <span class='ocrx_word' id='word_1_289' title='bbox 1186 3152 1235 3191; x_wconf 86' lang='grc' dir='ltr'><strong><em>ινα</em></strong></span> <span class='ocrx_word' id='word_1_290' title='bbox 1257 3153 1298 3251; x_wconf 84' lang='grc' dir='ltr'><strong><em>μη</em></strong></span> <span class='ocrx_word' id='word_1_291' title='bbox 1320 3121 1507 3214; x_wconf 82' lang='grc' dir='ltr'><strong><em>άποστερηση</em></strong></span> 
     </span>
     <span class='ocr_line' id='line_1_29' title="bbox 350 3223 1567 3355; baseline 0.003 -63"><span class='ocrx_word' id='word_1_292' title='bbox 350 3226 382 3293; x_wconf 89' lang='grc' dir='ltr'><strong><em>τό</em></strong></span> <span class='ocrx_word' id='word_1_293' title='bbox 403 3223 508 3310; x_wconf 86' lang='grc' dir='ltr'><strong><em>καμάν.</em></strong></span> <span class='ocrx_word' id='word_1_294' title='bbox 552 3227 648 3292; x_wconf 67' lang='lat' dir='ltr'><strong><em>Et*</em></strong></span> <span class='ocrx_word' id='word_1_295' title='bbox 612 3255 667 3314; x_wconf 78' lang='grc' dir='ltr'><strong><em>γαρ</em></strong></span> <span class='ocrx_word' id='word_1_296' title='bbox 688 3235 788 3311; x_wconf 78' lang='grc' dir='ltr'><strong><em>ψυχῆς</em></strong></span> <span class='ocrx_word' id='word_1_297' title='bbox 803 3256 825 3354; x_wconf 83' lang='grc' dir='ltr'><strong><em>η</em></strong></span> <span class='ocrx_word' id='word_1_298' title='bbox 815 3225 1003 3304; x_wconf 83' lang='grc' dir='ltr'><strong><em>άττόλαυσις</em></strong></span> <span class='ocrx_word' id='word_1_299' title='bbox 1016 3229 1068 3294; x_wconf 83' lang='grc' dir='ltr'><strong><em>καί</em></strong></span> <span class='ocrx_word' id='word_1_300' title='bbox 1084 3232 1234 3311; x_wconf 81' lang='grc' dir='ltr'><strong><em>βασιλείας</em></strong></span> <span class='ocrx_word' id='word_1_301' title='bbox 1250 3226 1393 3355; x_wconf 85' lang='grc' dir='ltr'><strong><em>οτίρανορν</em></strong></span> <span class='ocrx_word' id='word_1_302' title='bbox 1407 3229 1567 3339; x_wconf 82' lang='grc' dir='ltr'><strong><em>κληρο-</em></strong></span> 
     </span>
     <span class='ocr_line' id='line_1_30' title="bbox 350 3305 1566 3416; baseline 0.003 -22"><span class='ocrx_word' id='word_1_303' title='bbox 350 3333 454 3412; x_wconf 90' lang='grc' dir='ltr'><strong><em>νομία,</em></strong></span> <span class='ocrx_word' id='word_1_304' title='bbox 477 3328 688 3414; x_wconf 74' lang='grc' dir='ltr'><strong><em>μετασχέτω“</em></strong></span> <span class='ocrx_word' id='word_1_305' title='bbox 655 3357 689 3396; x_wconf 94' lang='grc' dir='ltr'><strong><em>το</em></strong></span> <span class='ocrx_word' id='word_1_306' title='bbox 704 3338 790 3414; x_wconf 76' lang='grc' dir='ltr'><strong><em>σῶμα</em></strong></span> <span class='ocrx_word' id='word_1_307' title='bbox 806 3359 823 3397; x_wconf 97' lang='grc' dir='ltr'><strong><em>ο</em></strong></span> <span class='ocrx_word' id='word_1_308' title='bbox 809 3329 984 3413; x_wconf 81' lang='grc' dir='ltr'><strong><em>“βοόλεται.</em></strong></span> <span class='ocrx_word' id='word_1_309' title='bbox 1034 3328 1241 3416; x_wconf 82' lang='grc' dir='ltr'><strong><em>Τρυφάτωσαν</em></strong></span> <span class='ocrx_word' id='word_1_310' title='bbox 1257 3333 1288 3396; x_wconf 81' lang='grc' dir='ltr'><strong><em>ολ</em></strong></span> <span class='ocrx_word' id='word_1_311' title='bbox 1299 3333 1370 3416; x_wconf 83' lang='grc' dir='ltr'><strong><em>περί</em></strong></span> <span class='ocrx_word' id='word_1_312' title='bbox 1388 3330 1444 3398; x_wconf 82' lang='grc' dir='ltr'><strong><em>τόν</em></strong></span> <span class='ocrx_word' id='word_1_313' title='bbox 1460 3305 1566 3398; x_wconf 42' lang='grc' dir='ltr'><strong><em>Γι·1</em></strong></span> 
     </span>
     <span class='ocr_line' id='line_1_31' title="bbox 349 3399 1565 3559; baseline 0.003 -62"><span class='ocrx_word' id='word_1_314' title='bbox 349 3431 438 3498; x_wconf 83' lang='grc' dir='ltr'><strong><em>δεόν·</em></strong></span> <span class='ocrx_word' id='word_1_315' title='bbox 461 3457 503 3514; x_wconf 91' lang='grc' dir='ltr'><strong><em>μη</em></strong></span> <span class='ocrx_word' id='word_1_316' title='bbox 519 3430 615 3558; x_wconf 81' lang='grc' dir='ltr'><strong><em>μάτην</em></strong></span> <span class='ocrx_word' id='word_1_317' title='bbox 632 3435 766 3516; x_wconf 84' lang='grc' dir='ltr'><strong><em>καμνέτω</em></strong></span> <span class='ocrx_word' id='word_1_318' title='bbox 780 3431 919 3516; x_wconf 82' lang='grc' dir='ltr'><strong><em>Ἰωάννης</em></strong></span> <span class='ocrx_word' id='word_1_319' title='bbox 934 3437 967 3500; x_wconf 81' lang='grc' dir='ltr'><strong><em>ἐκ</em></strong></span> <span class='ocrx_word' id='word_1_320' title='bbox 982 3432 1124 3559; x_wconf 73' lang='grc' dir='ltr'><strong><em>κερμήλων</em></strong></span> <span class='ocrx_word' id='word_1_321' title='bbox 1140 3435 1213 3518; x_wconf 71' lang='grc' dir='ltr'><strong><em>ἔχων</em></strong></span> <span class='ocrx_word' id='word_1_322' title='bbox 1226 3459 1260 3500; x_wconf 91' lang='grc' dir='ltr'><strong><em>το</em></strong></span> <span class='ocrx_word' id='word_1_323' title='bbox 1252 3433 1401 3516; x_wconf 61' lang='grc' dir='ltr'><strong><em>’ἐνδυμιη</em></strong></span> <span class='ocrx_word' id='word_1_324' title='bbox 1423 3399 1565 3535; x_wconf 64' lang='lat' dir='ltr'><strong><em>pqh⁸</em></strong></span> 
     </span>
    </p>

    <p class='ocr_par' dir='ltr' id='par_1_4' title="bbox 229 3532 1563 4134">
     <span class='ocr_line' id='line_1_32' title="bbox 229 3532 1563 3660; baseline 0.004 -61"><span class='ocrx_word' id='word_1_325' title='bbox 229 3565 278 3611; x_wconf 72' lang='lat' dir='ltr'><strong><em>m.</em></strong></span> <span class='ocrx_word' id='word_1_326' title='bbox 291 3555 336 3599; x_wconf 80' lang='grc' dir='ltr'><strong><em>εστ.</em></strong></span> <span class='ocrx_word' id='word_1_327' title='bbox 352 3532 532 3620; x_wconf 79' lang='grc' dir='ltr'><strong><em>άναχωρήσει</em></strong></span> <span class='ocrx_word' id='word_1_328' title='bbox 549 3563 604 3618; x_wconf 87' lang='grc' dir='ltr'><strong><em>την</em></strong></span> <span class='ocrx_word' id='word_1_329' title='bbox 618 3534 713 3660; x_wconf 84' lang='grc' dir='ltr'><strong><em>σάρκα</em></strong></span> <span class='ocrx_word' id='word_1_330' title='bbox 728 3533 960 3620; x_wconf 81' lang='grc' dir='ltr'><strong><em>άπωπιάσωμεν,</em></strong></span> <span class='ocrx_word' id='word_1_331' title='bbox 984 3536 1025 3620; x_wconf 81' lang='grc' dir='ltr'><em>μή</em></span> <span class='ocrx_word' id='word_1_332' title='bbox 1040 3535 1076 3602; x_wconf 80' lang='grc' dir='ltr'><strong><em>τά</em></strong></span> <span class='ocrx_word' id='word_1_333' title='bbox 1093 3535 1216 3620; x_wconf 78' lang='grc' dir='ltr'><strong><em>σοίματα</em></strong></span> <span class='ocrx_word' id='word_1_334' title='bbox 1230 3563 1316 3620; x_wconf 88' lang='grc' dir='ltr'><strong><em>ημων</em></strong></span> <span class='ocrx_word' id='word_1_335' title='bbox 1331 3536 1506 3620; x_wconf 78' lang='grc' dir='ltr'><strong><em>δαμάσσομεν</em></strong></span> <span class='ocrx_word' id='word_1_336' title='bbox 1562 3565 1563 3633; x_wconf 67' lang='grc' dir='ltr'><strong><em>η</em></strong></span> 
     </span>
     <span class='ocr_line' id='line_1_33' title="bbox 346 3634 1562 3760; baseline 0.004 -58"><span class='ocrx_word' id='word_1_337' title='bbox 346 3665 383 3728; x_wconf 81' lang='grc' dir='ltr'><strong><em>τη</em></strong></span> <span class='ocrx_word' id='word_1_338' title='bbox 371 3634 510 3726; x_wconf 81' lang='grc' dir='ltr'><strong><em>άγνείμ.</em></strong></span> <span class='ocrx_word' id='word_1_339' title='bbox 554 3636 671 3703; x_wconf 59' lang='lat' dir='ltr'><strong><em>m„</em></strong></span> <span class='ocrx_word' id='word_1_340' title='bbox 651 3665 709 3725; x_wconf 89' lang='grc' dir='ltr'><strong><em>αρα</em></strong></span> <span class='ocrx_word' id='word_1_341' title='bbox 723 3647 862 3705; x_wconf 85' lang='grc' dir='ltr'><strong><em>κοινωνεῖ</em></strong></span> <span class='ocrx_word' id='word_1_342' title='bbox 873 3647 959 3724; x_wconf 85' lang='grc' dir='ltr'><strong><em>σιδμα</em></strong></span> <span class='ocrx_word' id='word_1_343' title='bbox 975 3641 1007 3704; x_wconf 87' lang='grc' dir='ltr'><strong><em>ἐν</em></strong></span> <span class='ocrx_word' id='word_1_344' title='bbox 1024 3643 1198 3720; x_wconf 87' lang='grc' dir='ltr'><strong><em>πολιτείαις,</em></strong></span> <span class='ocrx_word' id='word_1_345' title='bbox 1221 3641 1252 3704; x_wconf 87' lang='grc' dir='ltr'><strong><em>ἐν</em></strong></span> <span class='ocrx_word' id='word_1_346' title='bbox 1267 3635 1389 3728; x_wconf 80' lang='grc' dir='ltr'><strong><em>άγνεία,</em></strong></span> <span class='ocrx_word' id='word_1_347' title='bbox 1411 3643 1445 3707; x_wconf 86' lang='grc' dir='ltr'><strong><em>ἐν</em></strong></span> <span class='ocrx_word' id='word_1_348' title='bbox 1461 3665 1505 3760; x_wconf 86' lang='grc' dir='ltr'><strong><em>νη-</em></strong></span> <span class='ocrx_word' id='word_1_349' title='bbox 1561 3661 1562 3729; x_wconf 63' lang='grc' dir='ltr'><strong><em>η</em></strong></span> 
     </span>
     <span class='ocr_line' id='line_1_34' title="bbox 348 3738 1561 3828; baseline 0 -22"><span class='ocrx_word' id='word_1_350' title='bbox 348 3744 443 3828; x_wconf 87' lang='grc' dir='ltr'><strong><em>στείρι,</em></strong></span> <span class='ocrx_word' id='word_1_351' title='bbox 462 3742 516 3806; x_wconf 86' lang='grc' dir='ltr'><strong><em>καί</em></strong></span> <span class='ocrx_word' id='word_1_352' title='bbox 532 3750 598 3816; x_wconf 83' lang='grc' dir='ltr'><strong><em>ταῖς</em></strong></span> <span class='ocrx_word' id='word_1_353' title='bbox 614 3738 748 3816; x_wconf 89' lang='grc' dir='ltr'><strong><em>άλλαις’</em></strong></span> <span class='ocrx_word' id='word_1_354' title='bbox 729 3749 862 3826; x_wconf 84' lang='grc' dir='ltr'><strong><em>αρεταίς,</em></strong></span> <span class='ocrx_word' id='word_1_355' title='bbox 884 3739 940 3806; x_wconf 80' lang='grc' dir='ltr'><strong><em>οιίκ</em></strong></span> <span class='ocrx_word' id='word_1_356' title='bbox 957 3739 1094 3818; x_wconf 82' lang='grc' dir='ltr'><strong><em>άδικος</em></strong></span> <span class='ocrx_word' id='word_1_357' title='bbox 1076 3767 1092 3808; x_wconf 92' lang='grc' dir='ltr'><strong><em>ο</em></strong></span> <span class='ocrx_word' id='word_1_358' title='bbox 1108 3740 1182 3818; x_wconf 84' lang='grc' dir='ltr'><strong><em>θεός</em></strong></span> <span class='ocrx_word' id='word_1_359' title='bbox 1198 3738 1372 3828; x_wconf 85' lang='grc' dir='ltr'><strong><em>άποστερείν</em></strong></span> <span class='ocrx_word' id='word_1_360' title='bbox 1390 3741 1445 3808; x_wconf 86' lang='grc' dir='ltr'><strong><em>τιίτ</em></strong></span> <span class='ocrx_word' id='word_1_361' title='bbox 1459 3741 1504 3806; x_wconf 87' lang='grc' dir='ltr'><strong><em>ιιά-</em></strong></span> <span class='ocrx_word' id='word_1_362' title='bbox 1560 3749 1561 3827; x_wconf 67' lang='grc' dir='ltr'><strong><em>ί</em></strong></span> 
     </span>
     <span class='ocr_line' id='line_1_35' title="bbox 348 3841 1503 3935; baseline 0.004 -28"><span class='ocrx_word' id='word_1_363' title='bbox 348 3869 442 3926; x_wconf 89' lang='grc' dir='ltr'><strong><em>ματον</em></strong></span> <span class='ocrx_word' id='word_1_364' title='bbox 458 3849 513 3908; x_wconf 82' lang='grc' dir='ltr'><strong><em>τοῦ</em></strong></span> <span class='ocrx_word' id='word_1_365' title='bbox 528 3841 726 3925; x_wconf 82' lang='grc' dir='ltr'><strong><em>κεκμηκότος,</em></strong></span> <span class='ocrx_word' id='word_1_366' title='bbox 756 3845 807 3908; x_wconf 84' lang='grc' dir='ltr'><strong><em>καί</em></strong></span> <span class='ocrx_word' id='word_1_367' title='bbox 828 3841 870 3927; x_wconf 79' lang='grc' dir='ltr'><strong><em>μὴ</em></strong></span> <span class='ocrx_word' id='word_1_368' title='bbox 886 3843 1027 3910; x_wconf 87' lang='grc' dir='ltr'><strong><em>άπστίσαι</em></strong></span> <span class='ocrx_word' id='word_1_369' title='bbox 1042 3841 1098 3928; x_wconf 73' lang='grc' dir='ltr'><strong><em>την</em></strong></span> <span class='ocrx_word' id='word_1_370' title='bbox 1118 3847 1361 3926; x_wconf 82' lang='grc' dir='ltr'><strong><em>μισθαποδοσίαν</em></strong></span> <span class='ocrx_word' id='word_1_371' title='bbox 1383 3853 1426 3935; x_wconf 70' lang='grc' dir='ltr'><strong><em>τῷ</em></strong></span> <span class='ocrx_word' id='word_1_372' title='bbox 1447 3845 1503 3927; x_wconf 57' lang='lat' dir='ltr'><strong><em>&amp;a</em></strong></span> 
     </span>
     <span class='ocr_line' id='line_1_36' title="bbox 347 3942 1502 4034; baseline 0 -26"><span class='ocrx_word' id='word_1_373' title='bbox 347 3951 384 4034; x_wconf 74' lang='grc' dir='ltr'><strong><em>τῇ</em></strong></span> <span class='ocrx_word' id='word_1_374' title='bbox 399 3951 485 4034; x_wconf 77' lang='grc' dir='ltr'><strong><em>ψυχῇ</em></strong></span> <span class='ocrx_word' id='word_1_375' title='bbox 505 3943 665 4028; x_wconf 84' lang='grc' dir='ltr'><strong><em>κεκμηκότι</em></strong></span> <span class='ocrx_word' id='word_1_376' title='bbox 683 3945 805 4029; x_wconf 84' lang='grc' dir='ltr'><strong><em>σάματι.</em></strong></span> <span class='ocrx_word' id='word_1_377' title='bbox 849 3944 959 4022; x_wconf 78' lang='grc' dir='ltr'><strong><em>Ειίθδς</em></strong></span> <span class='ocrx_word' id='word_1_378' title='bbox 975 3945 1031 4033; x_wconf 78' lang='grc' dir='ltr'><strong><em>γάρ</em></strong></span> <span class='ocrx_word' id='word_1_379' title='bbox 1048 3943 1239 4032; x_wconf 78' lang='grc' dir='ltr'><strong><em>εόρτθήστται</em></strong></span> <span class='ocrx_word' id='word_1_380' title='bbox 1259 3942 1338 4031; x_wconf 80' lang='grc' dir='ltr'><strong><em>άρμὴ</em></strong></span> <span class='ocrx_word' id='word_1_381' title='bbox 1361 3945 1384 4030; x_wconf 75' lang='grc' dir='ltr'><strong><em>ἧ</em></strong></span> <span class='ocrx_word' id='word_1_382' title='bbox 1404 3953 1502 4032; x_wconf 73' lang='grc' dir='ltr'><strong><em>κρίσις.</em></strong></span> 
     </span>
     <span class='ocr_line' id='line_1_37' title="bbox 349 4043 1501 4134; baseline 0.003 -24"><span class='ocrx_word' id='word_1_383' title='bbox 349 4049 392 4110; x_wconf 85' lang='grc' dir='ltr'><strong><em>Εί</em></strong></span> <span class='ocrx_word' id='word_1_384' title='bbox 403 4045 460 4133; x_wconf 74' lang='grc' dir='ltr'><strong><em>γάρ</em></strong></span> <span class='ocrx_word' id='word_1_385' title='bbox 474 4043 591 4132; x_wconf 73' lang='grc' dir='ltr'><strong><em>ἡψυχὴ</em></strong></span> <span class='ocrx_word' id='word_1_386' title='bbox 604 4046 759 4133; x_wconf 84' lang='grc' dir='ltr'><strong><em>μονατάτη</em></strong></span> <span class='ocrx_word' id='word_1_387' title='bbox 774 4045 976 4134; x_wconf 74' lang='grc' dir='ltr'><strong><em>εὑρεθήσεται,</em></strong></span> <span class='ocrx_word' id='word_1_388' title='bbox 998 4047 1170 4126; x_wconf 80' lang='grc' dir='ltr'><strong><em>άντιλέξειιν</em></strong></span> <span class='ocrx_word' id='word_1_389' title='bbox 1186 4050 1344 4134; x_wconf 67' lang='grc' dir='ltr'><strong><em>κρινομένη</em></strong></span> <span class='ocrx_word' id='word_1_390' title='bbox 1360 4047 1418 4130; x_wconf 83' lang='grc' dir='ltr'><strong><em>δτι,</em></strong></span> <span class='ocrx_word' id='word_1_391' title='bbox 1443 4045 1501 4114; x_wconf 81' lang='grc' dir='ltr'><strong><em>Οότ</em></strong></span> 
     </span>
    </p>
   </div>
   <div class='ocr_carea' id='block_1_4' title="bbox 382 4203 1499 4291">
    <p class='ocr_par' dir='ltr' id='par_1_5' title="bbox 382 4203 1499 4291">
     <span class='ocr_line' id='line_1_38' title="bbox 382 4203 1499 4291; baseline 0.005 -40"><span class='ocrx_word' id='word_1_392' title='bbox 382 4203 441 4254; x_wconf 62' lang='lat' dir='ltr'><strong><em>Cn.</em></strong></span> <span class='ocrx_word' id='word_1_393' title='bbox 457 4203 606 4253; x_wconf 78' lang='lat' dir='ltr'>Lxx1.-</span> <span class='ocrx_word' id='word_1_394' title='bbox 644 4207 665 4256; x_wconf 91' lang='grc'><strong><em>1.</em></strong></span> <span class='ocrx_word' id='word_1_395' title='bbox 683 4208 799 4268; x_wconf 72' lang='grc' dir='ltr'><strong><em>λιιττλμιλ</em></strong></span> <span class='ocrx_word' id='word_1_396' title='bbox 822 4203 859 4258; x_wconf 80' lang='grc' dir='ltr'><strong><em>ἐτι</em></strong></span> <span class='ocrx_word' id='word_1_397' title='bbox 874 4206 908 4259; x_wconf 89' lang='grc' dir='ltr'><strong><em>οί·</em></strong></span> <span class='ocrx_word' id='word_1_398' title='bbox 943 4203 1056 4291; x_wconf 78' lang='grc' dir='ltr'><strong><em>ρρίιιιιτιε</em></strong></span> <span class='ocrx_word' id='word_1_399' title='bbox 1075 4204 1174 4257; x_wconf 79' lang='lat' dir='ltr'><strong>ruina.“</strong></span> <span class='ocrx_word' id='word_1_400' title='bbox 1209 4207 1274 4255; x_wconf 69' lang='lat' dir='ltr'>Libn&#39;</span> <span class='ocrx_word' id='word_1_401' title='bbox 1295 4209 1408 4268; x_wconf 73' lang='lat' dir='ltr'><strong><em>praebent</em></strong></span> <span class='ocrx_word' id='word_1_402' title='bbox 1421 4209 1499 4268; x_wconf 80' lang='grc' dir='ltr'><strong><em>υιιλρτ.Ι</em></strong></span> 
     </span>
    </p>
   </div>
   <div class='ocr_carea' id='block_1_5' title="bbox 347 4269 1498 4542">
    <p class='ocr_par' dir='ltr' id='par_1_6' title="bbox 347 4269 1498 4410">
     <span class='ocr_line' id='line_1_39' title="bbox 348 4269 1498 4357; baseline 0.004 -35"><span class='ocrx_word' id='word_1_403' title='bbox 348 4269 542 4336; x_wconf 79' lang='grc' dir='ltr'><strong><em>κσδομαυμίνον,</em></strong></span> <span class='ocrx_word' id='word_1_404' title='bbox 557 4269 661 4339; x_wconf 81' lang='grc' dir='ltr'><strong><em>δαίτην</em></strong></span> <span class='ocrx_word' id='word_1_405' title='bbox 671 4269 909 4341; x_wconf 55' lang='lat' dir='ltr'><strong><em>damascenum·</em></strong></span> <span class='ocrx_word' id='word_1_406' title='bbox 942 4270 1028 4328; x_wconf 85' lang='grc' dir='ltr'><strong><em>οιίιιλτι</em></strong></span> <span class='ocrx_word' id='word_1_407' title='bbox 1030 4272 1257 4357; x_wconf 76' lang='grc' dir='ltr'><strong><em>σίκσδσμσνμίιη,</em></strong></span> <span class='ocrx_word' id='word_1_408' title='bbox 1274 4270 1319 4328; x_wconf 75' lang='grc' dir='ltr'><strong><em>διὰ</em></strong></span> <span class='ocrx_word' id='word_1_409' title='bbox 1333 4271 1382 4342; x_wconf 74' lang='grc' dir='ltr'><strong><em>τείν</em></strong></span> <span class='ocrx_word' id='word_1_410' title='bbox 1395 4273 1498 4344; x_wconf 62' lang='grc' dir='ltr'><strong><em>ἐνεχθεί-</em></strong></span> 
     </span>
     <span class='ocr_line' id='line_1_40' title="bbox 347 4337 1080 4410; baseline 0.014 -23"><span class='ocrx_word' id='word_1_411' title='bbox 347 4337 401 4406; x_wconf 77' lang='grc' dir='ltr'><strong><em>τῷ,</em></strong></span> <span class='ocrx_word' id='word_1_412' title='bbox 418 4341 542 4390; x_wconf 80' lang='grc' dir='ltr'><strong><em>Ρτλσυλυοι</em></strong></span> <span class='ocrx_word' id='word_1_413' title='bbox 557 4347 656 4405; x_wconf 69' lang='lat' dir='ltr'><strong><em>secutus,</em></strong></span> <span class='ocrx_word' id='word_1_414' title='bbox 672 4348 741 4406; x_wconf 82' lang='grc' dir='ltr'><strong><em>σλρυτ</em></strong></span> <span class='ocrx_word' id='word_1_415' title='bbox 759 4343 908 4404; x_wconf 72' lang='lat' dir='ltr'>Camurium,</span> <span class='ocrx_word' id='word_1_416' title='bbox 943 4359 989 4396; x_wconf 85' lang='grc' dir='ltr'><strong><em>σαν</em></strong></span> <span class='ocrx_word' id='word_1_417' title='bbox 1005 4337 1080 4410; x_wconf 75' lang='grc' dir='ltr'><strong><em>αὐτῇ.</em></strong></span> 
     </span>
    </p>

    <p class='ocr_par' dir='ltr' id='par_1_7' title="bbox 347 4407 1164 4488">
     <span class='ocr_line' id='line_1_41' title="bbox 347 4407 1164 4488; baseline 0.01 -34"><span class='ocrx_word' id='word_1_418' title='bbox 347 4408 515 4467; x_wconf 75' lang='grc' dir='ltr'><strong><em>ρυλυττλλλε,</em></strong></span> <span class='ocrx_word' id='word_1_419' title='bbox 519 4425 668 4488; x_wconf 57' lang='grc' dir='ltr'><strong><em>μ-ηυατι</em></strong></span> <span class='ocrx_word' id='word_1_420' title='bbox 655 4407 829 4460; x_wconf 78' lang='grc' dir='ltr'><strong><em>ιίειιτδθσαῑατ</em></strong></span> <span class='ocrx_word' id='word_1_421' title='bbox 844 4425 907 4476; x_wconf 83' lang='lat' dir='ltr'><strong>pro·</strong></span> <span class='ocrx_word' id='word_1_422' title='bbox 975 4411 999 4463; x_wconf 75' lang='lat'>2</span> <span class='ocrx_word' id='word_1_423' title='bbox 1020 4413 1093 4475; x_wconf 78' lang='grc' dir='ltr'><strong><em>λἰιίμο</em></strong></span> <span class='ocrx_word' id='word_1_424' title='bbox 1109 4411 1164 4477; x_wconf 78' lang='grc' dir='ltr'><strong><em>τῆς.</em></strong></span> 
     </span>
    </p>

    <p class='ocr_par' dir='ltr' id='par_1_8' title="bbox 348 4443 907 4542">
     <span class='ocr_line' id='line_1_42' title="bbox 348 4443 907 4542; baseline 0.013 -20"><span class='ocrx_word' id='word_1_425' title='bbox 348 4483 405 4540; x_wconf 82' lang='lat' dir='ltr'>pter</span> <span class='ocrx_word' id='word_1_426' title='bbox 426 4443 542 4524; x_wconf 48' lang='lat' dir='ltr'>inmnss&#39;</span> <span class='ocrx_word' id='word_1_427' title='bbox 534 4476 582 4542; x_wconf 84' lang='grc' dir='ltr'><strong><em>ιριί</em></strong></span> <span class='ocrx_word' id='word_1_428' title='bbox 598 4475 824 4530; x_wconf 78' lang='grc' dir='ltr'><strong><em>δσιλεασιὶοστιω’</em></strong></span> <span class='ocrx_word' id='word_1_429' title='bbox 816 4495 842 4528; x_wconf 87' lang='lat' dir='ltr'><strong>m</strong></span> <span class='ocrx_word' id='word_1_430' title='bbox 865 4495 907 4529; x_wconf 79' lang='grc' dir='ltr'><strong><em>ιτ-</em></strong></span> 
     </span>
    </p>
   </div>
   <div class='ocr_carea' id='block_1_6' title="bbox 0 0 1598 4928">
    <p class='ocr_par' dir='ltr' id='par_1_9' title="bbox 0 0 1598 4928">
     <span class='ocr_line' id='line_1_43' title="bbox 0 0 1598 4928; baseline 0 5"><span class='ocrx_word' id='word_1_431' title='bbox 0 0 1598 4928; x_wconf 95' lang='lat' dir='ltr'><strong><em> </em></strong></span> 
     </span>
    </p>
   </div>
  </div>
 </body>
</html>
