3128 4930
329 261 466 315 raanan
483 261 547 316 nun.
559 261 591 314 tt.
608 261 689 314 nom.
703 259 722 314 ι.
740 259 839 312 ausa.
853 260 932 312 narr.
1152 245 1213 311 159

66 382 207 467 ιιὶιφιιιιι
225 381 395 462 existimet,
420 402 474 468 pro
492 403 529 446 eo
547 382 623 466 quod
640 403 724 444 unum
744 390 831 464 atque
858 401 943 442 onum
966 380 1148 445 solummodo
1171 380 1213 444 di-

66 485 145 561 aerit,
171 482 280 568 aliquid
296 485 332 546 de
348 483 448 548 triadis
462 505 585 549 numero
598 505 665 548 esse
682 486 860 564 dota-aetum,
885 481 968 567 qnasi
982 482 1101 568 spiritus
1117 483 1213 546 sanoti

66 586 234 650 mentionem
255 586 364 650 nnllam
379 587 494 652 lecerit.
540 585 657 650 Etenim
674 607 738 651 enm
756 597 866 672 patrem
887 596 917 649 et
939 587 1026 650 filium
1052 585 1137 650 deum
1161 607 1213 648 no·

66 688 186 769 minavit,
212 709 247 752 ao
263 689 425 767 domiuum,
447 693 479 754 in
494 689 598 774 spiritu
614 699 717 753 sanato
732 689 832 772 utique
848 687 1021 752 nominavit.
1067 685 1146 752 Num
1163 709 1214 752 ne-

67 811 110 874 qne
127 813 194 856 enm
213 791 251 855 de
266 801 350 876 patre
366 811 476 876 agens,
503 795 579 854 Umor
593 796 677 866 deur,
701 791 812 876 inquit,
836 813 873 853 ex
891 813 946 873 quo
962 795 1068 866 maru,
1094 809 1162 856 esse
1181 791 1215 855 il-

66 893 111 956 lun
128 895 281 958 dominam
300 894 430 978 negavit.
475 891 584 978 Neque
607 905 710 958 oontm
733 893 910 973 suliinieos,
933 899 975 956 Et
994 915 1067 956 uuus
1088 897 1215 956 domiuus

67 999 133 1058 laus
147 1001 300 1072 chrestus,
326 997 403 1060 huno
417 1016 484 1061 esse
500 997 585 1060 denm
605 995 729 1060 inficiari
745 995 849 1060 voluit.
895 993 956 1060 Sed
974 996 1215 1079 quemadmodum

66 1097 88 1160 in
102 1111 184 1184 patre
202 1121 263 1162 ona
280 1099 474 1184 appellatione
489 1109 645 1163 contentus
662 1097 716 1161 hoe
734 1107 844 1162 tantum
861 1097 947 1178 dixit,
970 1101 1046 1160 Unam
1060 1103 1140 1174 deus,
1159 1119 1216 1183 qua

67 1221 128 1266 rone
143 1201 235 1266 etiam
254 1201 367 1281 altera,
390 1206 542 1276 Dominus,
568 1201 751 1279 ooutiaetur,
775 1201 815 1264 ito
833 1202 863 1264 in
881 1200 956 1280 lllio,
984 1204 1061 1263 Unus
1074 1205 1213 1276 domnina,

67 1301 201 1368 duntaxat
217 1305 385 1389 expressit,
409 1325 466 1388 qna
483 1323 548 1366 oum
566 1324 640 1367 vooe
659 1303 704 1366 dai
721 1323 835 1388 quoque
854 1315 901 1368 est
920 1303 1075 1390 appellatio
1094 1305 1216 1369 coniun-

67 1415 115 1468 eta.
160 1401 266 1489 Quare
287 1426 352 1470 oum
369 1407 404 1470 de
424 1417 506 1492 patre
526 1427 561 1469 ao
584 1405 644 1470 filio
663 1405 828 1470 disserebat
843 1407 1012 1492 apostolus,
1038 1428 1095 1470 nou
1112 1407 1215 1493 spirito

67 1521 158 1572 saneto
184 1529 299 1572 saeuus
318 1519 399 1589 erat,
423 1510 474 1572 sed
500 1512 531 1572 iu
551 1508 654 1572 eodem
677 1507 869 1592 loquebatur,
893 1520 924 1572 ut
946 1509 1085 1573 diximus.
1133 1506 1217 1573 Solet

67 1622 153 1674 autem
172 1611 296 1696 spiritns
311 1622 431 1675 sanutus
453 1611 498 1674 sni
523 1611 641 1674 minime
657 1611 938 1675 commendationem
961 1612 1076 1690 lacere,
1102 1632 1139 1675 ne
1163 1631 1215 1674 ex-

67 1713 183 1799 emplum
201 1712 287 1776 uobis
307 1712 528 1778 commendandi
549 1714 642 1778 nostri
665 1713 835 1798 praebuisse
858 1713 1005 1778 videatur.
1050 1713 1107 1778 Est
1128 1715 1218 1799 igitur

66 1835 132 1880 onus
146 1817 221 1879 dens
238 1827 322 1901 pater
337 1837 378 1880 ex
392 1838 449 1900 quo
466 1817 576 1895 omnia,
600 1827 631 1880 et
646 1837 721 1882 unns
739 1817 873 1880 dominus
889 1814 973 1880 lesus
990 1813 1139 1896 Christus,
1164 1837 1217 1903 per

66 1939 144 2002 mena
162 1919 280 1998 omnia,
303 1919 368 1984 sive
381 1929 502 2004 propter
516 1939 602 2003 qoem
618 1920 733 1999 omnia,
758 1929 787 1982 et
805 1940 880 1983 unns
899 1920 1019 2004 spiritns
1038 1931 1175 1999 sanutus,
1198 1939 1216 1983 a

66 2021 114 2084 deo
128 2041 313 2106 nequaqnam
330 2021 456 2102 alienus,
481 2021 529 2106 qni
544 2023 690 2108 proprium
711 2021 799 2086 habet
814 2041 986 2108 personam3
1010 2023 1146 2107 quoniam
1163 2028 1220 2086 Ilei

64 2127 177 2202 spai'itus
194 2136 239 2186 eat
251 2135 281 2185 et
296 2128 425 2186 uentum
438 2129 574 2205 sparatus,
598 2129 734 2204 aporiare,
758 2125 893 2208 inquam,
913 2129 1010 2206 putris
1024 2146 1059 2188 oo
1075 2129 1193 2188 Cdm'ata'.

146 2224 234 2311 Quod
250 2236 347 2290 antem
365 2225 449 2290 uobis
472 2226 550 2290 istud
574 2223 691 2306 obiioit,
714 2229 871 2289 Ludorom't
882 2233 1034 2309 Aegyptus
1049 2241 1077 2289 at
1090 2235 1217 2310 negano—
1231 2232 1296 2344 pipp.
1311 2235 1354 2286 vt.
1425 2235 1432 2252 '

68 2333 103 2390 tto
117 2333 302 2410 Aethopiam,
327 2331 484 2392 etSodoria
501 2333 561 2391 uiri
579 2332 712 2392 sublimes
733 2333 772 2391 nd
793 2341 819 2391 te
838 2333 1015 2404 monsa'duat,
1040 2331 1110 2395 item
1133 2331 1215 2410 illud,
1243 2312 1254 2343 ⁰
1292 2301 1369 2356 m

71 2433 108 2492 lu
123 2453 153 2493 er
168 2435 253 2507 deuo,
277 2443 308 2493 et
320 2433 527 2506 nesciebamus,
551 2442 581 2493 et
598 2434 652 2494 ott
664 2437 840 2508 amnuerunt,
864 2445 894 2494 et
908 2433 990 2494 odunt
1003 2445 1073 2514 port
1087 2445 1113 2494 le
1130 2439 1220 2496 nometi

67 2537 194 2608 amat,
218 2546 248 2596 et
269 2537 299 2596 r'n
324 2545 352 2596 te
375 2536 511 2608 orntum,
536 2540 666 2616 quondum
686 2539 716 2598 in
737 2547 765 2597 te
787 2539 855 2597 deus
876 2547 933 2609 est,
963 2546 993 2596 et
1008 2557 1064 2598 uon
1086 2547 1131 2598 est
1148 2540 1217 2598 deus

65 2649 176 2714 praeter
199 2648 243 2710 te,
274 2648 305 2698 tu
328 2641 401 2698 enda
424 2658 454 2698 er
477 2641 561 2712 derue,
592 2650 622 2700 et
642 2639 846 2712 reterodamus,
875 2642 944 2700 deus
965 2643 1061 2701 Israel
1078 2643 1215 2713 raduntur,

69 2739 163 2817 uides,
188 2738 299 2823 inquit,
324 2758 365 2802 ox
379 2740 436 2818 iis,
461 2739 701 2824 quemadmodum
718 2761 795 2805 nnus
816 2742 959 2806 duntaxat
975 2743 1015 2805 sit
1032 2741 1125 2806 deus?
1163 2739 1218 2804 llis

69 2839 141 2904 enim
157 2841 321 2926 scripturae
344 2841 417 2906 lunis
437 2841 620 2928 potissimum
636 2844 746 2924 laetus,
771 2854 802 2907 ut
818 2853 887 2907 ante
906 2844 1051 2924 diximus,
1076 2865 1131 2908 neo
1155 2845 1219 2909 illo·

69 2963 269 3008 eonsensum
293 2943 477 3029 intelligens,
509 2946 561 3010 sed
584 2965 687 3010 sannas
713 2946 813 3012 literas
834 2947 1035 3010 lnnuduleuter
1052 2956 1218 3032 amputans,

71 3055 151 3130 atque
166 3057 200 3110 et
214 3045 348 3130 obliquas
366 3048 552 3111 narrationes
569 3047 743 3128 instituens,
767 3059 797 3112 et
817 3067 919 3112 saeros
940 3050 1130 3113 auctoritates
1154 3069 1220 3133 per·

71 3167 152 3212 verso
172 3150 277 3214 ordine
298 3169 332 3214 ao
353 3148 500 3212 nonnullis
516 3151 684 3235 praeteritis
701 3151 731 3214 in
747 3149 872 3215 medinm
891 3151 1038 3230 afferens,
1061 3150 1132 3214 nihil
1149 3171 1220 3216 oon-

72 3262 223 3336 seqneuter
242 3272 279 3314 ao
299 3249 430 3316 seriatim
450 3249 612 3336 eloquitur,
637 3251 708 3316 nihil
725 3253 850 3337 denique
868 3254 984 3337 penitus
1001 3253 1138 3338 intelligit
1159 3264 1217 3318 tam

71 3349 198 3434 Nodtns,
223 3374 309 3438 quam
327 3354 376 3438 qni
392 3353 428 3416 ab
446 3375 482 3418 eo
498 3351 638 3418 Nuitiuni
653 3355 800 3420 dinuntur.
845 3355 944 3440 Atque
963 3366 996 3420 ut
1012 3356 1139 3440 pessimo
1158 3357 1220 3420 oni·

73 3454 128 3520 lan
145 3458 213 3522 eani
231 3477 439 3540 nonnunquam
457 3456 552 3520 leonis
570 3477 676 3521 nomen
692 3456 868 3544 imponitur,
893 3479 928 3522 ao
947 3477 1053 3522 oaeoos
1069 3458 1159 3522 molta
1175 3459 1218 3522 vi-

72 3557 166 3626 dentes
183 3560 348 3646 appellunt,
373 3569 403 3622 et
423 3558 461 3622 lel
478 3557 562 3624 duloo
586 3560 768 3640 nominatur,
792 3571 823 3625 et
845 3571 960 3625 anetum
980 3561 1037 3624 mel
1062 3583 1079 3624 a
1102 3561 1219 3644 quibus·

72 3661 128 3726 dam
145 3673 282 3728 sonatum
303 3673 366 3739 est,
391 3679 425 3724 oo
441 3659 567 3746 denique
586 3657 693 3726 Furias
715 3663 846 3727 nonnulli
864 3661 1044 3727 Eumenidas
1070 3681 1219 3747 uuuoupa·

71 3775 142 3844 mut,
166 3765 209 3828 ita
224 3765 255 3828 in
271 3763 328 3828 illis
343 3762 486 3827 accidisse
499 3761 645 3843 videmus,
669 3774 701 3828 ut
718 3774 750 3830 et
762 3763 891 3846 Notitus,
909 3765 964 3829 hoo
980 3773 1027 3828 est
1040 3763 1217 3846 intelligens,

72 3867 262 3951 appellaretur
279 3865 394 3951 ineptus
410 3875 441 3928 et
456 3864 599 3952 insipiens
616 3866 720 3948 honlo,
745 3878 775 3932 et
791 3867 846 3932 lton
862 3869 955 3952 ipsum
976 3885 1081 3930 nomen
1098 3865 1218 3950 perinde

71 3966 153 4054 inepti
169 3969 248 4036 illins
269 3967 403 4054 disoipnli
423 3979 687 4052 consequerentur.
734 3966 794 4051 Qui
816 3971 930 4053 quidem
952 3987 1054 4034 eornm
1078 3987 1152 4052 quae
1176 3967 1220 4033 di·

72 4080 134 4133 onnt
147 4092 180 4134 ao
197 4071 291 4158 palam
309 4081 474 4156 proponunt
488 4069 632 4135 rationem
651 4072 947 4155 consequentiamque
965 4092 1024 4136 non
1040 4071 1217 4155 intelligunt,

72 4183 99 4234 ot
110 4173 140 4237 in
156 4173 201 4238 lois
219 4173 344 4259 apostoli
361 4173 468 4238 dietum
485 4172 555 4236 illud
571 4171 742 4257 impleatur:
773 4175 834 4235 Neo
848 4195 920 4257 quoe
938 4178 1038 4236 daem
1055 4177 1217 4255 intelligen—
1231 4189 1249 4232 1.
1257 4185 1317 4234 ιιι.
1324 4187 1372 4244 aa.

72 4285 124 4351 tes,
146 4299 198 4340 rrae
218 4279 254 4340 de
274 4277 377 4358 quitus
397 4287 539 4339 asserum.

98 4427 123 4481 2.
141 4431 214 4496 talpa
228 4425 268 4483 ad.
691 4429 716 4484 3.
733 4425 862 4498 φάσκουσι
878 4430 1031 4482 ammonam
1049 4433 1178 4484 amorim
1197 4435 1219 4482 ot

659 4501 778 4552 Pttoolua.
811 4501 877 4552 nont
892 4502 963 4564 vallon
979 4501 1063 4552 marm
1080 4499 1184 4568 φάσκει.
