3168 4926
275 128 315 191 12
536 135 538 144 ’
698 137 820 190 saum
836 135 1007 192 οιιειιειιιι

271 259 353 322 στίαν
374 253 412 322 τό
428 254 615 342 πρωτοτόκια
632 251 778 332 όποδίσας
792 260 900 338 μᾶλλον
917 249 993 338 όπίρ
1011 249 1065 318 τόν
1080 247 1164 318 οίνον
1175 239 1323 336 Ιἠδίκηται
1369 253 1432 318 Καὶ

272 355 361 425 οῦδὲν
377 356 467 442 ίσχῦει
483 355 571 444 ίγγῦς
585 366 638 442 τῆς
652 355 794 441 όίηθείας
806 355 1070 444 παραπεποιημίνη
1083 357 1174 435 λίξις,
1196 350 1268 421 οῦδὲ
1282 352 1432 437 μυθῶδης

272 486 317 538 τις
339 461 550 546 ίπινενοημίνη
572 463 800 548 δραματουργία.

143 575 210 644 Κεφ
224 574 257 644 γ.
358 562 561 647 Σεμνῦνονιιιι
582 565 614 630 δὲ
635 568 731 647 δῆθεν
751 560 936 650 ίγκρότειαν,
966 567 1121 648 σφαλερῶς
1140 557 1178 627 τό
1198 561 1296 626 πόντοι
1313 560 1431 645 ίργαζό·

273 691 372 750 μενοι,
403 667 491 749 μίτον
511 673 662 752 γυναικῶν
683 652 886 750 εῦρισκόμενοι
908 665 959 732 καί
983 673 1125 751 γυναῖκας
1146 660 1333 747 πανταχόθεν
1354 659 1432 728 όπα·

272 776 393 850 τῶντες,
422 771 536 856 γυναιξί
559 770 591 835 ῦδ
607 766 815 844 συνοδεύοντες
836 768 887 832 καὶ
904 765 1148 849 συνδιαιτώμενον
1168 767 1219 832 καί
1237 763 1431 850 δξυπηρετοό-

272 897 355 955 μενοι
374 868 434 938 όπό
455 869 689 949 τῶντοιούτων,
719 873 774 948 ἔξω
790 870 843 952 μίν
862 877 917 953 τῆς
934 867 1075 952 όληθείας
1092 867 1189 948 ὄντες,
1221 867 1378 953 μόρφωσιν
1399 869 1432 933 δὲ

273 981 382 1055 μᾶδδαν
406 976 594 1058 κεκτημίνοι,
624 971 679 1056 την
701 973 733 1038 δὲ
753 963 880 1055 δύναμιν
902 969 993 1054 αότῆς
1015 978 1069 1055 τῆς
1093 969 1241 1058 εὐσεβείας
1261 967 1430 1056 ἠρνημένοι

271 1072 396 1142 Ὁποίου
417 1076 473 1163 γῦρ
495 1075 533 1142 όίν
548 1102 592 1153 τις
609 1078 698 1162 δργου
715 1079 879 1164 καταίείψη
896 1075 1000 1160 μίρος,
1030 1071 1064 1140 τό
1085 1079 1146 1140 πᾶν
1164 1072 1308 1158 πλήρωμα
1330 1070 1431 1156 όφῆκε

272 1176 322 1244 διό
340 1185 395 1244 τοῦ
413 1177 478 1255 ίνός
496 1179 604 1264 μίρους
620 1186 677 1246 τοῦ
694 1178 962 1260 καταλελειμμένου.
996 1175 1095 1242 Ὅθεν
1116 1173 1152 1242 τό
1172 1174 1241 1261 παρ’
1257 1173 1359 1251 αότοῖς
1374 1201 1430 1258 μυ·

271 1278 375 1365 στήρια
393 1278 430 1346 δι’
439 1281 556 1358 ,ῦδατος
571 1280 664 1364 μόνον
677 1285 801 1367 γίνεται,
831 1281 882 1346 καί
898 1277 968 1345 οῦιι
982 1276 1129 1364 μυστήρια
1146 1277 1232 1357 ὄντα,
1262 1275 1334 1342 ἄλλό
1352 1273 1431 1342 κατόι

270 1387 392 1467 μίμησιν
406 1389 466 1449 τῶν
482 1379 635 1466 όληθινῶν
655 1381 692 1449 τό
708 1382 808 1466 ψεῦδη
823 1381 971 1469 γινόμενα.
1007 1379 1105 1448 ’Όθεν
1122 1382 1174 1448 καί
1191 1382 1222 1446 δν
1239 1378 1334 1470 τσότρι
1353 1381 1441 1466 δίεν»

269 1484 432 1568 χθήσονται
455 1483 514 1552 όπό
538 1493 592 1552 τοῦ
608 1484 724 1562 εῦθίοις
740 1493 796 1552 τοῦ
812 1490 943 1570 σωτῆρος
958 1483 1049 1571 λόγου
1066 1491 1120 1550 τοῦ
1136 1483 1287 1569 λέγοντος,
1322 1478 1367 1548 Οῦ
1386 1481 1434 1575 μη

149 1629 201 1676 1²¹6·
213 1619 259 1666 m,
272 1591 332 1654 πίοι
348 1585 407 1654 όπδ
422 1595 477 1654 τοῦ
491 1587 672 1675 γεννήματος
684 1597 737 1673 τῆς
750 1587 883 1671 όμπίίου
897 1589 1016 1671 ταῦτης,
1038 1589 1095 1663 ἕως
1108 1585 1146 1654 δν
1162 1590 1222 1652 πίω
1236 1582 1309 1652 αόιό
1324 1582 1430 1652 καινόν

270 1692 302 1757 δν
322 1697 360 1782 τῇ
380 1695 512 1781 βασιλεία
533 1698 593 1758 τῶν
614 1689 752 1777 οόρανῶν
772 1689 840 1774 μεθ’
861 1687 955 1773 ῦμῶν.

356 1791 454 1858 Πόλιν
474 1791 514 1870 ῶς
533 1792 644 1876 ταύτην
667 1792 876 1879 παρωσάμενοι
895 1795 969 1878 χειρί
987 1799 1112 1880 κραιαιᾷ
1130 1799 1184 1875 τῆς
1198 1789 1355 1874 όληθείας,
1387 1786 1431 1866 σός

269 1893 422 1962 κνῶδαλον
437 1893 583 1982 όδονηρόιι
598 1894 730 1964 όδόντοιυ
748 1893 958 1986 όφηρημίνον,
986 1897 1036 1961 ἐπὶ
1052 1893 1105 1971 τός
1120 1897 1187 1976 ἑξῆς
1202 1898 1309 1976 ίοομεν,
1338 1891 1429 1976 συνή·

268 2007 335 2075 θοις
352 1995 405 2064 τόν
422 1996 497 2064 θεόν
514 2007 573 2065 τῶν
587 1997 665 2066 όίοιν
679 1997 924 2082 ἐπικαλούμενοι,
954 1995 1066 2083 όδηγόν
1082 1999 1181 2063 τεκαὶ
1198 1994 1351 2080 όμυντῆρα
1368 2003 1429 2062 τῶν

269 2104 389 2180 δεινῶν,
418 2101 580 2188 ίπίκουρόν
604 2127 634 2167 τε
655 2109 709 2185 τῆς
729 2100 917 2187 φρονήσεως,
949 2100 1040 2184 δότην
1063 2098 1182 2166 κιόντα
1199 2097 1291 2166 αῦτόιι
1309 2105 1362 2180 τῆς
1378 2120 1427 2164 σο-

269 2206 350 2284 φίας,
372 2201 410 2268 ίν’
425 2201 510 2287 ἡμεῖς
526 2201 595 2289 παρ’
609 2201 702 2270 αῦιοῦ
716 2203 833 2288 τόίηθῆ
849 2202 1051 2287 μανθάνοντες
1065 2200 1118 2278 τός
1132 2210 1192 2270 τῶν
1207 2199 1300 2268 ῦίδοιν
1313 2199 1428 2281 ότιοιια-

268 2303 388 2372 κόπτειν
401 2309 612 2390 δυνηθείημεν,
627 2309 678 2373 καί
693 2306 748 2390 τὴν
761 2303 823 2373 κατ’
838 2302 937 2372 αότῶν
952 2303 1105 2372 όντίδοτοιι
1119 2303 1254 2390 ίοπρικῆν
1267 2306 1299 2370 ἐκ
1313 2311 1429 2372 πολλῶν

269 2417 444 2494 μυρεψικῶν
465 2413 553 2477 εἰδῶν
574 2407 633 2476 όπό
656 2416 709 2476 τοῦ
727 2407 816 2496 λόγου
832 2416 886 2491 τῆς
903 2405 1043 2492 όίηθείας
1057 2405 1274 2474 κατασκευάσαι
1290 2417 1353 2483 τοῖς
1367 2406 1427 2490 ἤδη

268 2513 497 2596 πεπίηγμίνοις,
526 2515 569 2589 είς
593 2517 673 2578 δασιν
697 2514 746 2577 καί
769 2515 933 2596 θεραπείαν
954 2520 1016 2588 τοῖς
1039 2509 1262 2597 δντυγρόνουσι,
1291 2511 1342 2576 καί
1363 2519 1427 2586 τοῖς

268 2613 402 2696 μίίίουσι
419 2613 572 2700 γινώσκειν
592 2615 612 2680 όί
633 2613 675 2697 μή
697 2613 815 2704 ᾔδεισαν
831 2617 873 2690 είς
889 2621 999 2681 παθῶν
1013 2611 1258 2698 προκωτόίηψιν,
1288 2615 1340 2679 καί
1353 2608 1427 2696 ἡμῖν

269 2717 312 2792 είς
332 2721 481 2801 σωτηρίαν
501 2717 553 2783 καί
573 2723 650 2782 θεοῦ
672 2714 783 2798 μισθόν
804 2715 953 2798 όφθόνως
973 2714 1233 2803 δωρηθησόμενον.

545 3136 730 3206 *RATA
769 3135 1151 3222 ΦΡΥΓΑΣΤΩΝ,

302 3249 357 3326 εἴτ’
387 3245 441 3325 οῦν
462 3257 690 3326 Μοντανιστῦν
716 3258 942 3349 καλουμένων,
967 3251 991 3348 ἦ
1016 3255 1077 3328 καί
1101 3257 1399 3352 Τασκοθρουγιτῦν.

706 3369 758 3468 κη’
786 3371 809 3470 ἡ
834 3375 896 3447 καί
920 3369 986 3468 μη.

195 3570 200 3585 .
236 3531 254 3589 ’.
353 3517 429 3586 ’Ami
443 3517 556 3586 τοῦτον
572 3521 656 3607 ἓτίρα
676 3519 765 3587 πόλιν
785 3525 896 3608 αἵρεσις
913 3519 1075 3586 όνακῦιειει
1095 3527 1156 3586 τῶν
1173 3526 1304 3609 Φρυγῶν
1320 3529 1428 3590 καλου·

269 3625 358 3706 μόνη,
388 3622 550 3709 σόγηρονος
568 3625 709 3708 γενομένη
727 3624 861 3704 τούτοις,
892 3627 943 3690 καί
960 3620 1071 3699 αῦιοῦς
1086 3625 1286 3708 διαδεχομίνη.
1333 3618 1427 3692 Οὗτοι

268 3724 324 3808 γόρ
339 3723 474 3811 γεγόνασι
491 3728 559 3810 περὶ
581 3724 614 3792 τό
633 3727 891 3794 ἐννεακαιδέκατον
911 3729 975 3802 ίτος
990 3723 1167 3792 Ἀντοινίνου
1186 3734 1240 3792 τοῦ
1257 3725 1426 3811 Εὐσεβοῦς,

274 3826 368 3909 1μετοί
384 3825 549 3914 Ἀδριανόνι
592 3830 653 3893 Καὶ
670 3825 689 3894 ό
703 3833 854 3914 Μαρκίων
871 3829 918 3908 δὲ,
947 3831 998 3894 καί
1012 3831 1045 3894 σί
1058 3830 1125 3913 περί
1148 3828 1293 3894 Τατιανόν
1308 3831 1358 3896 καί
1373 3826 1426 3895 ἄπ’

270 3925 362 3994 αότοῦ
374 3928 809 4016 διαδεξόμενοιἙγκρατῖιαιίν
821 3929 939 4016 χρόνοις
947 3929 1104 4016 Ἀδριανοῦ
1116 3933 1166 3998 καί
1177 3929 1248 4016 μετιί
1259 3929 1424 4017 Ἀδριανόκ

358 4023 448 4096 Οῦτοι
464 4031 520 4120 γῦρ
538 4037 571 4099 ot
582 4032 660 4100 κατό
678 4033 800 4120 Φρόγας
816 4031 991 4126 καλούμενοι
1005 4035 1139 4118 δέχονται
1154 4036 1211 4100 καί.
1222 4031 1309 4100 αόιοδ
1325 4041 1426 4100 πᾶσαν

268 4130 387 4219 γραφήν
411 4133 538 4200 παλαιόν
559 4139 610 4204 καί
631 4138 702 4204 υίαν
724 4139 891 4219 διαθήκην,
919 4138 971 4202 καί
994 4145 1107 4224 νεκρῶν
1132 4134 1291 4203 α’νόστασιιι
1313 4134 1425 4220 όμοίως

270 4289 315 4411 καῖ
330 4288 406 4411 1¹⁴ng
404 4291 550 4409 εαίδιαδιιτιι
567 4291 641 4348 Κατδ
656 4293 707 4348 τῶν
723 4285 798 4347 xm&
815 4288 938 4361 Φρύγας,
963 4295 1014 4348 τῶν
1038 4288 1086 4348 εἴτ’
1108 4281 1151 4347 οῦν
1167 4291 1343 4349 Μοιταιιοτῶι
1360 4313 1384 4348 κ
1402 4286 1423 4363 ιῖ
1458 4339 1461 4348 ,
