3148 4938
356 221 997 284 rancunute.rt.non.1nuaen.ux1x.
1205 209 1267 277 6³23

102 367 169 409 ruas
198 347 278 410 na'aa‘t
302 368 361 420 me,
396 351 466 408 deus
494 349 638 422 Admota,
674 348 870 420 demissae,
907 357 937 406 et
963 349 1033 406 deus
1060 346 1155 407 loood.
1211 341 1268 410 Uhi

104 449 288 514 Ahraarouan
307 449 487 527 aestinavit,
513 451 561 534 qui
580 447 718 536 Moysen
740 449 867 533 quinque
888 460 937 512 aot
954 467 1009 512 sex
1028 445 1269 530 generationibus

104 552 278 616 antecessit.
326 547 401 615 Cum
419 562 515 616 auten
532 557 613 616 deuna
629 565 745 634 potrum
763 551 856 630 dixit,
881 551 957 636 quod
973 551 1123 636 antiquum
1141 561 1206 614 erat
1224 552 1268 614 iu·

104 653 227 718 dicavit.
274 655 315 716 At
330 649 454 739 Moyses
471 654 612 738 singulari
633 655 755 739 quadarn
777 651 930 738 prudentia
950 652 995 716 dei
1018 651 1161 715 heriehoio
1185 673 1269 738 prae-

105 755 187 820 ditus
203 753 274 820 nihil
294 757 329 818 de
348 755 393 819 his
408 757 576 822 sciscitatus
591 768 649 836 est,
674 758 726 820 sed
745 757 821 841 quod
839 754 1071 819 uetustissimum
1089 765 1135 817 est
1152 755 1269 837 quaesi-

106 861 163 922 vit.
209 864 253 933 Si,
279 857 385 941 inquil,
410 863 508 920 undam
530 863 569 921 od
590 862 671 933 illos,
696 872 725 920 et
744 863 872 921 denenht
893 861 981 932 melei,
1008 861 1089 935 Quod
1109 868 1152 918 eal
1171 863 1202 918 ea'
1219 879 1269 920 ao·

106 968 192 1024 maa?
221 965 290 1043 qua'd
311 963 370 1022 illia
390 963 585 1042 respondebo?
628 959 763 1025 Tandem
790 982 862 1046 ergo
881 961 953 1023 dens
974 959 1103 1044 seipsum
1127 958 1166 1023 illi
1190 969 1270 1044 pate·

108 1064 239 1142 iaciens,
272 1069 351 1144 Ego,
376 1065 488 1148 iuquit,
511 1085 573 1126 aum
589 1069 727 1146 qur'auar.
775 1059 830 1128 Ubi
849 1061 972 1148 primum
998 1061 1034 1125 ab
1057 1062 1092 1126 iis
1108 1083 1183 1147 quae
1203 1082 1270 1147 pro-

106 1168 190 1232 xima
208 1177 294 1230 erant
310 1167 473 1251 incepisse,
499 1177 558 1230 tum
577 1177 727 1252 postremo
741 1165 817 1251 quod
838 1185 981 1230 summum
1003 1174 1033 1226 cl
1050 1165 1182 1228 ultimum
1206 1175 1272 1228 crat

108 1269 277 1334 declarasse
292 1269 451 1332 cerninus.
500 1267 612 1332 Eodem
630 1269 718 1332 modo
733 1265 834 1332 Lucas
851 1266 889 1331 ah
907 1267 1014 1332 iuliano
1036 1288 1072 1330 ao
1094 1267 1200 1332 citimis
1224 1287 1272 1331 or-

107 1373 199 1436 ditur.
252 1378 317 1454 lpse
339 1377 435 1444 Iaces,
470 1369 581 1455 iuquit,
613 1384 677 1433 not
700 1376 837 1452 hachem
860 1375 945 1452 quasi
968 1393 1106 1434 annorum
1137 1375 1412 1451 urgelitanensis.

1 1527 2 1542 ,
97 1479 208 1556 finias,
233 1488 266 1537 ut
277 1476 451 1556 parabolen,
475 1477 593 1556 Ioseph,
618 1479 670 1556 qui
679 1476 746 1556 sua'e
760 1476 825 1547 Eli,
851 1477 903 1556 qui
912 1476 977 1556 Jin't
993 1478 1129 1550 Methora,
1155 1476 1275 1556 quifiu't

1 1619 2 1638 2
108 1581 246 1654 Nathan,
279 1581 333 1659 qui
348 1579 414 1659 filit
434 1580 542 1650 Dooaid,
579 1581 630 1658 qui
646 1579 706 1657 [irai
726 1579 829 1649 Iudae,
863 1579 915 1658 qui
924 1577 992 1658 fuit
1009 1579 1113 1652 Iacob,
1148 1581 1201 1659 qui
1214 1578 1276 1658 sual

1 1723 3 1750 ,
108 1683 257 1754 Auream,
289 1685 341 1761 qui
350 1681 418 1762 fuit
438 1682 571 1752 Nurhor,
602 1684 656 1760 qui
664 1680 730 1762 suit
747 1681 825 1751 Noe',
855 1680 1122 1759 quesnellianae,
1149 1683 1201 1760 qui
1211 1681 1279 1761 scit

1 1823 3 1832 ‚
110 1787 227 1857 Enoch,
253 1789 305 1865 qui
319 1786 381 1865 ficit
395 1785 481 1856 Sall,
508 1786 560 1864 qui
575 1784 635 1863 [κίε
650 1784 762 1856 Adana,
788 1786 841 1862 qui
859 1782 917 1851 suit
936 1783 991 1842 dei.
1039 1777 1072 1842 ln
1091 1781 1195 1864 quihus
1211 1781 1275 1845 ani·

1 1931 2 1957 ,
108 1885 272 1950 madrartis
290 1885 415 1969 primurn
437 1895 592 1969 susceptae
614 1882 712 1946 carnis
733 1883 910 1948 mentionem
936 1903 1003 1948 csse
1024 1885 1145 1963 lactura,
1170 1884 1275 1947 deinde

1 2039 3 2064 ,
110 1989 190 2073 quod
208 1999 386 2073 postremum
403 1997 468 2050 erat
487 1985 638 2049 iniectum.
686 1983 781 2068 Quam
802 1986 839 2049 oh
856 2005 991 2050 caussam
1009 1983 1181 2050 Matthaeus
1203 2006 1275 2070 quo-

111 2111 171 2176 qne
187 2091 344 2154 adventum
362 2111 425 2152 cum
443 2109 533 2152 earne
548 2085 661 2153 Christi
679 2089 713 2152 ad
731 2088 878 2151 hominum
896 2087 1028 2151 notitiam
1045 2089 1219 2174 perducere,
1242 2109 1276 2150 ae

1 2239 4 2247 .
110 2192 249 2278 eorporis
269 2191 433 2278 prosapiam
458 2203 617 2277 pertexere
644 2191 766 2270 voleus,
798 2211 856 2254 non
879 2191 922 2252 sie
946 2209 1074 2256 exorsus
1092 2201 1154 2254 est:
1188 2195 1274 2254 Gerre
1290 2203 1406 2252 eruunt.

109 2301 189 2359 ron‘o
206 2301 271 2358 Im
288 2299 400 2356 Christi
409 2296 633 2374 fila'a’Alraom,
668 2294 720 2358 sed
744 2293 866 2379 primurn
888 2291 940 2356 lilii.
955 2290 1067 2372 David,
1101 2303 1203 2378 postca
1227 2292 1275 2355 filii

109 2397 264 2477 Atussa,
297 2407 327 2461 nt
346 2395 422 2481 quod
449 2415 553 2460 reeens
579 2407 626 2460 est
641 2405 855 2481 conspectum,
888 2415 923 2459 ae
941 2395 1016 2479 quod
1042 2396 1208 2480 proximum
1231 2405 1277 2458 est

110 2500 335 2578 confirmatum,
361 2500 496 2583 quodque
515 2498 652 2584 superius
672 2498 766 2562 adhuc
782 2509 830 2562 est
846 2497 996 2576 iudicans,
1019 2496 1090 2561 illud
1110 2515 1168 2560 una
1186 2495 1278 2580 sigui·

108 2603 182 2668 hcet
204 2601 280 2688 qood
304 2613 422 2666 creans
445 2621 494 2666 res
517 2621 621 2664 omnes
643 2611 782 2687 superat,
806 2600 975 2685 auferrique
999 2621 1057 2662 noo
1081 2609 1189 2685 potest.

201 2703 351 2789 Quocirca
373 2703 477 2767 beatus
502 2701 630 2768 loannes
655 2716 721 2790 post
745 2704 820 2767 alios
837 2701 980 2782 veniens,
1010 2723 1075 2766 euro
1092 2701 1226 2765 homines
1247 2699 1277 2764 in
1314 2720 1374 2786 οψ,

1 2868 4 2877 ,
109 2809 215 2874 laima
231 2804 344 2872 Christi
367 2817 471 2872 natura
497 2816 575 2870 totos
597 2807 733 2894 occupari
753 2817 909 2884 cerneret,
941 2815 1029 2889 atque
1047 2802 1217 2868 Ebiooaeos
1240 2803 1277 2868 ob
1303 2787 1402 2840 xxm·

1 2975 4 2988 ,
109 2929 289 2996 corpoream
306 2907 419 2973 Christi
440 2909 644 2993 genealogiam
668 2909 703 2972 ab
722 2907 873 2972 Abraarne
898 2909 1070 2986 deductam,
1102 2917 1133 2972 el
1156 2928 1171 2970 o
1195 2903 1279 2971 Loca

112 3013 153 3079 ad
170 3012 315 3076 Adamana
340 3033 432 3096 usqne
458 3031 574 3076 sursum
600 3013 760 3098 prolectam
786 3011 816 3074 in
841 3028 973 3074 errorem
991 3008 1133 3072 abductos
1151 3009 1277 3089 videret,

1 3184 2 3206 ,
112 3115 176 3178 imo
192 3125 222 3178 et
241 3110 452 3178 Cerinthianos
473 3135 507 3178 ao
519 3111 738 3178 llleriothiaoos
756 3134 795 3178 cx
816 3113 967 3197 utriusque
985 3131 1078 3175 sexus
1093 3111 1278 3195 copulatione

113 3237 231 3282 merum
248 3216 397 3281 hominem
420 3227 519 3281 rictum
544 3216 624 3280 illum
645 3236 800 3296 asserere,
831 3216 965 3299 idemque
985 3223 1016 3277 et
1031 3211 1227 3293 Nazaraeos,
1252 3225 1283 3279 et

113 3319 274 3384 nonnullas
293 3318 366 3384 alias
384 3319 524 3383 haereses
542 3319 672 3399 seritire,
697 3329 832 3402 tanquam
848 3328 1015 3404 postremus
1033 3315 1161 3380 omniurn
1181 3317 1281 3401 (quar-

1 3415 3 3421 “
115 3434 167 3486 tus
183 3421 260 3485 eoin
279 3421 325 3485 hie
341 3422 525 3508 evarrgeliuna
545 3421 676 3484 scribere
695 3441 857 3504 aggressus
873 3421 931 3504 est)
946 3419 1120 3484 aberrantes
1141 3418 1226 3500 illos,
1252 3429 1282 3483 et

1 3519 2 3608 J
114 3525 151 3588 in
167 3521 322 3588 humanam
340 3519 452 3588 Christi
478 3524 698 3608 generationem
719 3522 885 3608 plusquam
909 3531 1062 3607 parasset
1081 3521 1212 3586 intentos
1235 3541 1282 3586 rc·

1 3706 2 3710 Ἰ
112 3645 231 3690 vocam
249 3625 392 3704 instituit,
417 3626 599 3711 perindeque
616 3647 650 3688 oc
674 3625 699 3688 si
716 3623 873 3688 nonnullos
896 3623 1049 3710 perderis
1069 3646 1104 3691 ae
1128 3624 1281 3688 salebrosa

1 3722 4 3731 ’
114 3727 271 3812 divagari,
297 3747 367 3792 rara
384 3748 419 3791 ac
435 3739 515 3792 reeta
535 3727 581 3792 ria
600 3727 759 3806 derelicta,
791 3747 868 3813 pone
892 3725 1045 3790 anhelans
1068 3736 1223 3806 cerneret,
1247 3747 1282 3790 ea

116 3829 336 3916 quodammodo
357 3841 402 3894 eet
421 3830 583 3896 allocutus:
617 3829 686 3916 Quo
704 3829 819 3894 tendis?
848 3849 946 3914 quove
966 3829 1024 3893 iter
1039 3827 1173 3893 hahetis?
1217 3826 1281 3893 Voa

115 3931 170 4017 qui
189 3951 326 4018 asperam
345 3953 380 3996 ac
399 3932 542 3998 lubricum
562 3933 620 3996 iter
638 3932 763 4011 tenetis,
788 3932 864 4017 quod
882 3933 912 3996 in
931 3931 1104 4015 voraginem
1123 3942 1154 3994 et
1168 3931 1282 4018 praeci·

116 4034 225 4122 pilium
244 4033 368 4113 desinit,
384 4035 496 4118 pedem
511 4034 667 4100 reflectite.
713 4033 783 4098 Non
801 4034 842 4098 ita
859 4045 892 4098 ut
905 4036 1013 4119 putatis
1031 4053 1099 4100 sese
1115 4055 1164 4099 rea
1181 4034 1281 4114 hahet,

117 4157 220 4221 neque
234 4157 275 4200 ex
293 4135 356 4201 sola
371 4134 471 4201 Maria
485 4137 530 4201 dei
553 4137 673 4202 verbum
698 4137 807 4202 editum
827 4147 891 4217 est,
915 4137 991 4220 quod
1008 4135 1045 4200 ah
1062 4147 1185 4202 aeterno
1201 4149 1284 4224 pater

116 4396 223 4460 {maara
239 4395 338 4458 othutd.
720 4395 890 4459 uuachun,
903 4399 926 4446 et
941 4407 1015 4458 mro
1030 4407 1121 4460 quoquc
1135 4397 1161 4448 to
1176 4397 1229 4460 lpse
1244 4409 1285 4448 co-

158 4461 333 4514 cmxxiii.
359 4491 393 4502 -
440 4461 460 4514 l.
478 4455 688 4532 ἠσχολησμένους
719 4467 777 4527 pilia
792 4465 866 4516 lnlllo.
