3128 4930
393 210 529 262 ιιιιιιιιι
546 210 609 264 ιιι.
622 211 654 261 ιι.
670 211 754 262 rou.
766 212 786 262 ι.
803 209 901 262 saur.
914 211 956 264 ιι.
1189 200 1249 266 tott

92 329 209 415 nuptias
236 349 303 394 eum
330 325 416 394 Cous
444 329 608 394 coniunxit.
655 325 737 394 Cana
765 351 852 414 porro
877 333 1063 411 maritantem
1089 331 1247 414 signifieat.

93 431 176 515 Quae
200 443 340 496 estsere
363 432 516 518 possidens
539 431 588 495 illa
603 431 669 494 uisi
698 431 784 498 heres
803 433 886 496 ouius
907 433 1018 513 psalmo
1037 434 1138 516 quinto
1154 430 1249 498 David

93 536 243 599 rue-irrite
272 539 330 597 Pin
352 533 532 600 tortosano
553 541 737 616 numerante?
780 533 845 598 Hae
859 535 964 620 quippe
986 535 1104 620 nuptiae
1125 547 1192 598 stunt
1214 557 1250 600 ee

92 659 193 702 resera
210 637 399 717 benedictae,
423 659 498 721 quae
515 648 716 721 argumentum
734 657 772 700 es
791 637 837 700 illa
856 637 946 720 ligura
963 639 1174 721 quodammodo
1190 649 1250 701 tra·

92 751 212 804 xerunt.
248 738 366 803 Etenim
384 741 413 803 in
430 735 514 804 Cana
529 737 680 804 Galilaeae
695 750 839 804 externae
854 751 920 802 ιιιιιι
937 739 1103 805 celebratae
1118 740 1248 824 nuptiae,

93 842 136 904 ubi
152 843 181 904 in
199 842 305 904 riuum
322 863 397 926 aqua
413 852 459 904 est
473 862 579 926 resera
596 862 752 906 corrueras.
784 839 885 924 Quare
901 842 1013 906 duabus
1027 841 1095 906 milti
1111 843 1147 905 de
1164 863 1249 906 caus·

90 946 129 1007 sis
148 945 274 1006 ridetur
298 944 439 1007 inritatus
463 965 530 1008 esse
548 939 697 1008 Christus.
744 941 872 1008 Primum
899 955 930 1008 ut
953 965 1045 1028 aquae
1068 944 1191 1008 similem
1214 965 1250 1008 ae

91 1047 269 1108 diffluentem
289 1045 465 1109 furiosorum
483 1046 629 1110 bominum
644 1045 674 1108 in
688 1047 796 1109 mundo
814 1047 960 1110 libidinem
979 1045 1142 1130 nuptiarum
1161 1045 1249 1109 uasti-

91 1149 185 1211 monia
202 1159 237 1209 et
254 1149 410 1212 honestate
424 1149 653 1231 constringeret,
677 1157 737 1211 tun
754 1158 786 1210 ut
802 1151 876 1232 quod
894 1149 996 1212 deerat
1010 1149 1190 1223 emendaret,
1213 1169 1248 1212 ao

90 1250 294 1313 iucundissimi
318 1249 378 1312 vini
404 1250 556 1314 suavitate
569 1250 713 1312 mulceret
736 1261 766 1312 et
788 1251 900 1332 gratia,
932 1271 987 1314 neo
1013 1271 1070 1314 uon
1094 1260 1246 1314 eteorum

90 1353 253 1414 obduraret
270 1372 322 1414 ora
340 1351 388 1436 qui
404 1353 546 1416 advorsus
564 1352 711 1415 dominum
728 1353 894 1437 insurgunt,
918 1363 1006 1436 atque
1024 1365 1054 1416 ut
1072 1353 1195 1417 erundum
1214 1371 1247 1414 se

90 1476 149 1517 eum
176 1465 281 1540 patre,
314 1463 344 1517 et
367 1455 471 1538 spiritu
491 1464 595 1516 saneto
615 1455 779 1516 declararet
798 1475 865 1518 esse
891 1455 993 1532 deum,
1024 1454 1072 1538 qui
1096 1454 1252 1517 humorem·

89 1558 137 1620 riti
153 1555 368 1641 suppeditans,
392 1558 422 1619 iu
440 1554 501 1619 riui
518 1555 647 1619 colorem
663 1555 699 1617 ad
719 1555 863 1619 bominum
883 1557 1059 1640 voluptatem
1075 1557 1246 1620 oblectatio-

89 1679 215 1744 semque
232 1667 403 1722 commutat.
436 1654 496 1720 Sed
513 1657 548 1720 de
565 1677 599 1720 ea
616 1677 648 1720 re
665 1657 758 1720 insitus
775 1656 833 1720 alio
848 1658 914 1721 loeo
931 1657 1153 1742 disputabimus.
1190 1657 1246 1722 llio

89 1773 185 1824 autem
206 1762 291 1824 velut
306 1760 403 1822 obiter
418 1758 542 1842 digressi
559 1779 624 1822 eam
646 1760 809 1822 orationem
828 1760 987 1844 attigimus.
1034 1758 1144 1824 Verum
1168 1761 1246 1824 oraim
1331 1741 1337 1756 ⁸

88 1885 160 1927 reru
181 1873 252 1948 post
273 1861 499 1948 praedicationis
520 1862 673 1926 exordium
691 1863 748 1926 duo
765 1884 781 1925 a
799 1858 918 1926 Christo
937 1862 1083 1926 celebrata
1105 1875 1173 1927 sunt
1189 1861 1246 1926 Pa·

87 1967 207 2045 sebata3
232 1966 322 2029 tertio
346 1976 392 2028 est
410 1965 513 2028 deirude
538 1985 660 2048 passus,
684 1975 717 2029 ut
737 1967 872 2028 rorulenta
889 1964 986 2028 omnia
1007 1964 1056 2028 illa
1078 1964 1137 2028 sint
1159 1985 1176 2029 a
1199 1985 1245 2030 me

88 2079 320 2132 commemorata
339 2069 469 2145 dierum,
494 2068 638 2130 mensium
657 2088 692 2130 ιι
714 2068 913 2131 consulatuum
936 2066 1100 2130 interualla.
1145 2066 1246 2152 Atque
1355 2075 1358 2086 '

88 2171 127 2234 ita
150 2173 224 2234 laisa
242 2171 338 2234 omnis
355 2165 478 2236 istorum
493 2171 646 2234 araureseit
659 2170 747 2249 ratio,
772 2191 836 2232 eum
855 2169 899 2232 sie
914 2170 992 2233 iuter
1007 2189 1075 2234 sese
1092 2171 1245 2253 evangelie

86 2274 293 2352 consentiant,
317 2273 425 2337 nullum
449 2284 481 2336 ut
502 2273 538 2336 ab
561 2273 656 2336 altero
678 2271 846 2356 discrepare
868 2272 1015 2336 rideatur.

174 2372 235 2439 Sed
259 2385 290 2438 ut
311 2395 347 2437 ιο
373 2375 428 2437 iarn
450 2376 568 2438 redeam
588 2375 664 2438 unde
683 2374 834 2458 digressus
856 2376 985 2452 lucram,
1010 2374 1113 2438 scribit
1130 2371 1241 2454 Lucas,
1261 2369 1352 2488 xiiii,

88 2478 115 2540 id
132 2477 212 2562 quod
230 2477 267 2540 ad
285 2497 321 2539 ea
342 2475 537 2540 confirmanda
554 2475 634 2540 valet
655 2497 730 2560 quae
748 2487 816 2541 sunt
834 2498 850 2540 ι
869 2498 915 2540 me
932 2479 1015 2541 varie
1034 2477 1244 2561 multipliciter·
1318 2469 1327 2486 ¹
1356 2474 1363 2488 '

86 2601 142 2663 que
163 2578 330 2664 proposita,
355 2581 460 2642 laetum
481 2599 548 2642 esse
568 2577 597 2644 in
617 2580 739 2643 sabbato
756 2581 884 2644 secundo
907 2580 1012 2665 primo.
1058 2577 1159 2663 Quaere
1182 2601 1243 2644 uox
1256 2586 1311 2632 tue
1324 2587 1346 2642 θ,
1356 2587 1375 2631 1.

88 2682 201 2744 indicat
218 2679 340 2765 primum
359 2701 425 2742 esse
446 2681 598 2745 sabbatum
617 2681 686 2746 illud
710 2683 785 2765 quod
804 2683 888 2746 initio
910 2682 1112 2768 praestitutum
1135 2685 1242 2760 luerat,

88 2785 122 2846 de
137 2805 197 2868 quo
214 2783 243 2845 iu
262 2782 359 2845 muudi
377 2782 493 2868 opilicio
512 2785 626 2848 locutus
643 2795 688 2847 est
707 2784 860 2864 domiuus,
884 2785 1019 2870 quodque
1036 2806 1077 2849 ex
1099 2785 1149 2850 illo
1171 2795 1244 2848 tem·

87 2907 160 2971 pore
183 2883 322 2970 deinceps
340 2885 377 2946 ad
396 2905 463 2948 eam
483 2885 558 2948 diem
583 2897 772 2972 septenorum
791 2887 902 2951 dierum
927 2888 1051 2952 circuitu
1070 2909 1105 2952 ac
1126 2886 1244 2950 revolu-

89 2988 169 3050 tione
184 2999 390 3072 ,perseoeram
424 2989 586 3052 secundum
609 3010 681 3052 sero
708 2989 832 3054 alterum
857 2990 926 3054 illud
952 2991 1017 3073 lege
1040 2989 1242 3054 coustitutum.

89 3087 133 3153 lta
148 3090 228 3154 enim
243 3091 384 3154 sancitum
403 3089 496 3155 luisse
514 3090 655 3175 legimus:
679 3095 779 3154 Sumne
796 3095 850 3154 nti
864 3114 969 3172 egum
987 3095 1166 3166 onustatum,
1191 3099 1243 3156 ιἰι-
1256 3109 1395 3166 exornes

88 3197 273 3268 mutarum,
297 3197 451 3258 musculum
475 3201 560 3277 (quae
577 3194 668 3276 ligura
685 3193 843 3258 salvatoris
861 3194 937 3270 luit),
960 3215 979 3254 ιι
999 3197 1106 3258 destino
1122 3201 1241 3260 mensus:

87 3309 116 3358 et
134 3299 297 3358 affunditur
311 3299 350 3357 ud
363 3300 457 3370 XIV„
481 3308 513 3357 et
523 3298 702 3358 immolabitis
722 3318 784 3358 eum
801 3300 996 3376 advesperante
1008 3300 1087 3358 XIV.
1134 3303 1176 3358 Et
1188 3302 1245 3360 erit

89 3401 142 3461 n'ta·
154 3401 300 3462 subdolum
319 3403 380 3460 dies
397 3411 508 3461 ιιιιιιιιι.
554 3402 597 3460 Et
617 3402 765 3460 comedetis
787 3419 888 3478 azymo
908 3403 964 3460 VII
983 3401 1097 3462 diebus.-
1127 3412 1158 3461 et
1176 3403 1240 3462 VII.

88 3505 132 3562 dri.-
144 3503 237 3583 [ιιίιι
248 3513 377 3564 mustum
392 3503 554 3576 saltatum,
578 3505 650 3564 dean
664 3512 804 3563 sanetum.
850 3499 905 3566 Ubi
922 3501 990 3564 illud
1008 3502 1242 3566 animadvertere

88 3602 172 3681 lieet,
197 3605 439 3688 quemadmodum
459 3605 618 3668 seeundum
639 3625 655 3665 a
675 3603 772 3689 priore
789 3603 940 3668 sabbatum
962 3616 1063 3668 saneta
1087 3606 1134 3668 illa
1158 3623 1243 3688 para-

88 3726 176 3770 sceue
197 3707 382 3786 nominetur,
407 3727 482 3792 quoe
503 3708 533 3770 iu
556 3706 708 3771 sabbatum
727 3717 935 3785 consecratur,
959 3729 993 3770 ae
1013 3709 1078 3771 sire
1096 3729 1132 3770 ea
1151 3707 1243 3769 domi·

89 3807 154 3872 uiea
175 3811 230 3888 sit,
255 3809 320 3872 sire
341 3811 488 3888 secunda,
511 3809 576 3872 sire
594 3810 681 3873 tertia
701 3810 785 3874 teria.
831 3809 873 3874 Au
893 3809 948 3874 hoe
966 3810 1058 3896 ipsum
1082 3809 1240 3874 seeundum

88 3921 197 3994 septem
222 3911 335 3975 dierum
358 3912 429 3974 orbe
453 3912 588 3975 revoluto
614 3911 737 3998 primum
761 3911 877 3976 dicitur.
923 3909 964 3977 Ut
986 3911 1033 3974 vel
1055 3912 1131 3976 istud
1155 3933 1242 3996 argu·

89 4023 187 4075 mento
202 4015 243 4078 sit
260 4035 318 4078 non
338 4010 474 4078 loannem
493 4015 597 4093 modo,
621 4017 674 4080 sed
696 4026 726 4078 et
743 4013 853 4078 Lucam
871 4026 901 4077 et
919 4025 1037 4078 eeteros
1058 4014 1169 4078 bistonii
1191 4037 1241 4101 pa-

89 4115 163 4178 riter
174 4139 208 4181 se
223 4117 309 4182 trium
326 4115 480 4181 Paselmtis
499 4119 700 4183 celebritatum
717 4121 893 4181 mentionem
913 4119 1023 4180 lacere.
1069 4115 1114 4182 lta
1137 4119 1240 4204 quippe

127 4303 183 4354 Cas.
198 4305 300 4356 ΧΧΧΙ.
324 4333 358 4356 -ι
397 4307 418 4356 l.
440 4305 571 4373 προφήτου
595 4309 647 4360 cod.
680 4320 743 4370 pero.
777 4309 887 4356 Petuntur
907 4309 979 4356 uerbo
1001 4309 1047 4362 τοῦ
1064 4303 1240 4381 πρισαββάτιι

91 4373 168 4422 l'enet
207 4372 332 4441 προβάτου
349 4377 434 4437 scripsi
459 4372 647 4446 (πρισαββιὶτιυ
681 4377 779 4427 moneo
797 4388 844 4426 esse
859 4377 955 4428 masnil.

89 4441 146 4489 turs
160 4443 224 4507 uutpo
238 4443 349 4512 ratmont)
371 4450 497 4506 praeeunte
511 4447 555 4496 los.
570 4447 647 4496 scort-
