3168 4942
360 199 496 254 annnam
515 201 579 254 me.
595 195 627 254 tr.
643 203 727 255 rom
741 203 772 256 n.
790 199 889 254 ussa.
905 203 1003 255 nxrx.
1199 189 1259 255 671

187 317 266 383 Nam
288 319 337 404 qui
362 321 398 384 de
419 321 477 386 lilio
504 321 616 408 tropice
645 323 779 406 quiddam
804 322 947 385 eiusmodi
970 323 1114 386 affirmare
1141 321 1260 401 audeat,
1282 339 1342 408 cap.
1358 339 1399 390 ιι.

106 423 217 486 tametsi
234 423 263 484 in
279 443 335 486 una
353 425 497 488 duntaxat
512 424 607 508 aliqua
626 435 709 510 parte
727 425 806 488 istud
820 425 955 508 usurpari
969 424 1052 502 velit,
1071 423 1259 488 nihilominus

104 524 156 588 buo
173 524 214 588 illi
233 525 287 610 ipsi
306 527 485 590 oorrtrarium
502 547 570 615 esse
584 527 810 603 animadvertet,
835 528 911 610 quod
928 527 964 588 de
983 536 1042 590 tota
1061 525 1179 590 divinae
1195 545 1261 612 per·

106 647 195 690 sonae
216 627 421 692 incarnatione
439 629 643 706 constituerit,
677 629 753 712 qnod
778 627 914 692 nimirum
937 647 1009 691 vere
1032 628 1158 692 bominis
1178 638 1261 692 natu·

103 749 163 794 ram
184 731 388 816 assumpserit.
434 729 553 796 Etenim
574 741 605 794 ut
622 731 690 794 illud
707 732 828 810 demus,
852 731 927 814 quod
943 730 979 794 de
998 731 1096 794 anima
1118 730 1167 792 lilii
1187 731 1261 794 seri·

104 844 179 917 ptum
203 844 248 896 est
269 834 304 896 ad
322 832 492 918 allegoriam
515 844 667 919 speutare,
692 855 726 896 no
745 833 857 918 tropice
875 833 943 896 illud
960 853 1047 896 umine
1066 833 1261 917 interpretan-

104 935 169 1000 dum
187 956 271 1014 esse,
296 946 433 1022 superest
449 950 480 999 ut
496 936 572 1000 idem
596 955 712 1019 qnoque
729 937 764 998 de
782 936 871 999 eorde
889 937 1090 1020 suspicemur,
1115 945 1202 1018 atque
1225 953 1261 998 eo

104 1039 217 1102 tandem
238 1059 287 1102 res
312 1039 440 1117 recidat,
474 1037 544 1102 nibil
562 1047 593 1100 ut
612 1039 754 1116 veritate,
786 1036 924 1123 opinione
946 1047 1043 1100 autern
1071 1037 1169 1102 omnia
1192 1059 1263 1101 eon·

103 1150 182 1202 stare
199 1140 364 1205 rideantur.
412 1138 512 1225 ltaque
529 1142 565 1205 de
583 1160 672 1206 earne
690 1161 764 1225 quae
780 1141 931 1218 dicuntur,
963 1159 1016 1223 per
1038 1152 1153 1225 tropum
1176 1159 1262 1203 usur·

104 1261 172 1327 pare
190 1243 336 1320 dieantur,
360 1242 386 1306 si
403 1243 471 1327 quid
490 1242 683 1328 vitilitigatori
702 1241 855 1307 buiotlrio
873 1242 1032 1306 eredimus.
1065 1240 1150 1307 Unde
1167 1261 1262 1326 neque

103 1365 171 1422 eor,
196 1366 291 1430 neque
306 1348 407 1424 ieeur,
433 1365 528 1429 neque
545 1365 669 1422 earnes,
694 1339 789 1430 raeque
806 1345 958 1422 intestina,
983 1363 1079 1428 neque
1097 1363 1178 1423 ossa,
1207 1363 1262 1408 neo

102 1449 188 1512 ullam
201 1449 325 1533 denique
342 1447 509 1512 istiusmodi
526 1459 637 1533 partem
657 1448 787 1512 divinum
806 1447 928 1512 verbum
947 1447 994 1510 illa
1010 1445 1040 1509 in
1059 1446 1262 1511 incarnatione

101 1550 286 1636 suseeperit,
317 1553 369 1615 sed
389 1551 424 1614 nd
446 1550 616 1634 allegoriam
633 1561 664 1613 et
682 1559 794 1635 tropum
811 1550 951 1614 universa
972 1550 1149 1614 traducenda
1172 1559 1260 1628 sunt;

101 1664 153 1716 aut
169 1655 323 1718 eoniusum
342 1654 486 1739 quoddam
505 1673 613 1739 eorpus
632 1652 761 1716 induerit
777 1662 911 1738 oportet,
945 1651 1021 1736 quod
1040 1652 1188 1716 intestinis
1212 1671 1261 1738 pe·

102 1754 180 1820 nitus
204 1767 314 1820 eareat.
361 1753 448 1840 Quod
468 1757 493 1819 si
518 1756 559 1820 ita
581 1765 646 1834 est,
680 1756 761 1819 vesei
784 1765 835 1820 aot
861 1753 962 1818 bibere
981 1753 1126 1838 quomodo
1149 1754 1263 1840 potuitl

101 1857 206 1944 Apage
222 1869 281 1923 tam
297 1859 436 1924 absurda.
471 1857 531 1924 lam
547 1879 620 1922 reru
634 1877 700 1920 euna
718 1869 800 1943 pater
813 1877 865 1920 eor
881 1867 911 1920 et
925 1856 1052 1920 animam
1067 1855 1123 1920 sibi
1140 1857 1260 1936 tribuat,

99 1961 187 2045 idque
207 1961 366 2045 allegorice
385 1983 419 2026 ao
437 1981 490 2047 per
507 1973 623 2046 tropum
641 1961 677 2024 de
694 1960 759 2045 ipso
777 1960 965 2045 interpretari
985 1959 1149 2045 possimus,
1173 1981 1207 2023 ae
1225 1961 1261 2024 de

100 2063 161 2126 blio
178 2083 304 2148 quoque,
329 2065 405 2149 quod
423 2065 458 2127 nd
476 2063 602 2128 animam
618 2063 733 2141 attinet,
758 2084 843 2147 quam
861 2063 896 2126 ab
913 2063 963 2126 illo
978 2075 1144 2147 susceptam
1155 2062 1262 2127 Ariani

100 2177 229 2250 negarat,
260 2177 417 2250 utrumque
440 2167 527 2230 etiam
553 2168 664 2250 tropice
688 2167 794 2229 dietum
821 2165 914 2228 videri
942 2165 1052 2250 possit,
1085 2177 1167 2228 uerte
1195 2187 1261 2230 oum

100 2287 155 2331 eor
172 2267 229 2332 illis
247 2269 420 2354 opponitur,
445 2289 555 2353 negare
575 2269 694 2332 omniuo
714 2289 772 2331 nou
790 2276 929 2352 possunt,
953 2268 1082 2351 eoquod
1102 2277 1192 2331 totam
1211 2267 1263 2331 bu·

98 2370 180 2434 mani
205 2371 338 2456 eorporis
360 2372 582 2457 dispositionem
608 2381 786 2455 assumptam
809 2391 825 2432 a
851 2368 969 2432 domino
993 2370 1084 2434 luisse
1106 2369 1183 2432 ultro
1205 2369 1262 2455 ipsi

98 2473 288 2536 ooulitentur.
320 2471 506 2558 Proindeque
526 2474 766 2557 quemadmodum
782 2491 836 2534 eor
851 2469 964 2535 duobus
984 2471 1077 2534 modis
1093 2472 1185 2557 aooipi
1202 2493 1261 2536 nou

99 2587 226 2658 negant,
251 2577 368 2662 propria
386 2576 499 2640 seilicet
520 2597 555 2639 ao
575 2597 664 2656 vere,
690 2587 720 2640 et
741 2573 917 2658 allegoriae,
942 2573 982 2637 ita
999 2583 1030 2636 et
1047 2574 1083 2637 de
1101 2573 1197 2637 anima
1216 2577 1261 2638 iu·

98 2677 376 2756 diuareeonveuit,
409 2689 442 2742 ut
467 2697 502 2740 ea
529 2699 603 2742 vere
627 2677 704 2756 lilio,
737 2697 795 2740 uon
819 2676 995 2761 allegoriae,
1030 2695 1125 2760 neque
1150 2677 1262 2762 tropioe

98 2779 258 2844 tribuatur.
305 2776 455 2863 Quoairoa
480 2801 545 2844 oum
570 2791 707 2865 suscepta
734 2778 860 2843 bominis
884 2801 901 2842 a
928 2774 1050 2843 Cbristo
1074 2789 1177 2843 natura
1199 2779 1261 2844 suis

97 2881 237 2946 omuibus
249 2884 378 2948 numeris
394 2883 529 2948 absoluto
545 2903 670 2968 corpure
686 2892 815 2962 constet,
832 2903 887 2947 uec
900 2901 958 2946 nou
974 2881 1128 2961 stenima,
1149 2893 1259 2961 mente,

97 2985 208 3063 eurds,
233 2985 415 3071 ueterisque,
440 3007 515 3071 quae
537 2986 647 3050 bomini
665 2986 782 3066 insunt,
807 2995 925 3071 praeter
943 2993 1112 3069 peouatum,
1137 3005 1261 3068 eumque

97 3086 246 3152 bumauae
263 3089 446 3168 lunationes,
471 3111 524 3174 pro
541 3111 578 3153 eo
593 3111 627 3154 ae
641 3087 750 3153 rationi
766 3098 997 3151 consentaneum
1014 3095 1094 3163 erat,
1119 3107 1177 3149 una
1195 3107 1261 3150 oum

96 3193 233 3276 perlaeta
257 3191 410 3274 divinitate
436 3193 472 3256 ad
491 3193 595 3256 salutis
615 3190 897 3255 administrationem
918 3187 955 3252 ab
978 3187 1030 3252 illo
1055 3187 1153 3252 obitas
1179 3207 1263 3272 prse-

98 3291 249 3377 stitaeque
272 3295 397 3374 luerint,
428 3294 486 3358 iam
506 3295 574 3358 illud
600 3292 743 3378 explicari
764 3292 916 3356 commode
936 3300 1051 3377 potest,
1075 3291 1262 3374 quemadmo·
1308 3321 1312 3329 ·

97 3397 170 3460 dum
188 3395 267 3462 illius
284 3397 422 3462 divinitas
438 3417 498 3462 nou
519 3397 576 3476 sit,
599 3395 675 3481 quud
693 3395 728 3458 ad
745 3395 916 3478 dignitatem
934 3393 1057 3472 attinet,
1081 3392 1263 3477 perfeetionis

95 3497 192 3585 patris
209 3499 350 3580 inlerior,
374 3499 412 3563 ob
430 3519 552 3584 eamque
571 3519 656 3584 quam
673 3497 828 3582 usurpavit
842 3495 939 3560 earnis
955 3495 1099 3559 bumanae
1120 3493 1263 3559 eonditiu-

94 3621 168 3666 uem
184 3603 336 3688 praeclare
353 3602 381 3666 id
397 3623 465 3668 esse
482 3603 645 3688 perieulum
662 3599 858 3684 intelligemus
874 3597 951 3682 quod
968 3611 998 3660 et
1015 3597 1093 3661 sitim
1110 3606 1141 3660 et
1156 3597 1262 3660 lumem

93 3705 222 3784 tulisse,
247 3715 278 3768 et
294 3705 421 3785 bibisse,
452 3716 482 3768 et
501 3703 682 3780 comedisse,
715 3712 745 3766 et
767 3721 903 3766 somnium
930 3699 1066 3785 cepisse,
1096 3708 1126 3762 et
1144 3696 1264 3762 tristitia

93 3827 134 3869 au
153 3827 291 3872 moerore
309 3817 479 3871 eorrtraotus
503 3806 594 3870 luisse
613 3806 736 3891 legitur,
761 3823 827 3868 eum
844 3801 961 3866 iuterim
986 3803 1049 3866 eius
1066 3800 1205 3866 divinitas
1226 3799 1263 3864 ab

93 3908 182 3972 omni
208 3908 352 3974 eiusmodi
376 3909 533 3974 allectione
559 3919 641 3972 esset
664 3906 813 3972 immunis.
861 3903 905 3969 lta
933 3905 1029 3970 utullus
1050 3903 1104 3968 bao
1126 3904 1157 3968 iu
1180 3913 1263 3990 parte

91 4011 218 4074 illorum
241 4011 372 4097 opinioni
399 4013 481 4076 loeus
509 4021 572 4089 est,
606 4009 883 4096 quoniamquidem
911 4010 983 4072 deus
1006 4005 1042 4070 ad
1069 4026 1189 4070 oannem
1212 4006 1262 4069 de·

90 4113 228 4178 suendit.

188 4214 275 4299 Quod
291 4226 386 4280 autem
405 4217 460 4280 boo
477 4216 513 4280 ab
524 4215 646 4280 Arianis
661 4214 816 4280 obiicitur:
842 4210 876 4280 Si
892 4233 930 4278 ex
948 4223 1032 4298 patre
1048 4223 1125 4290 erat,
1144 4213 1261 4297 quinam
1281 4219 1405 4288 eaput.

151 4418 212 4471 Cae.
226 4420 282 4472 Lll.
299 4447 333 4460 -
361 4422 383 4473 l.
401 4417 535 4488 Δεγᾶπων
549 4417 579 4476 bl
597 4415 682 4476 adsuit
698 4422 832 4484 mandemus
847 4424 881 4471 est
897 4419 1018 4473 muman.
