3128 4930
376 301 513 354 ιιιιιιιιι
529 303 592 356 ιιι.
606 301 637 351 ιι.
658 301 740 352 ron.
751 302 772 353 1.
789 301 888 352 ιιιιιιι.
901 300 942 352 ιι.
1197 285 1238 354 99

91 422 205 484 cenario
225 441 370 486 annornm
390 441 528 499 nnmero,
552 422 587 485 etl
605 441 690 506 quent
711 421 868 486 salvatoris
886 431 1012 484 notamen
1033 441 1068 484 ao
1084 420 1169 485 virile
1191 443 1239 486 ro·

92 523 141 588 bne
162 523 318 588 existimat
336 525 426 588 luisse
443 526 628 608 perductum,
657 545 738 588 sunna
760 523 837 588 illnrn
856 523 990 588 Aconum
1016 523 1133 608 triginta
1158 524 1238 588 labn-

92 627 141 690 len
161 628 320 691 conbnxit.
365 624 398 690 ln
421 649 478 712 qno
503 627 577 711 tagit
597 647 663 690 enm
688 627 775 691 ratio.
820 623 890 690 Non
918 627 995 690 eninr
1020 627 1136 708 triginta
1159 628 1239 690 solos

92 729 171 806 vixit,
197 732 252 792 sed
269 728 418 794 tricesimo
434 751 513 792 antro
530 729 694 816 baptizatus
714 739 771 808 est,
795 750 859 791 oum
877 729 933 791 iam
949 727 1091 791 decinam
1109 749 1239 792 mensem

92 851 172 916 rupee
194 828 308 897 XXlX
333 853 426 896 annos
450 833 607 916 attigisset,
652 829 749 916 Quaene
772 831 848 894 dicen
871 841 939 894 erite
959 830 1142 894 delinivimus
1164 829 1238 894 Xll.

92 933 177 998 luisse
199 933 311 998 mensis
329 934 446 1020 Atbyr,
470 945 500 997 et
517 932 601 998 Vlll.
622 933 666 998 ld.
686 931 769 999 Nou.
816 929 887 996 Post
905 933 977 996 baec
992 953 1056 996 corn
1071 934 1239 1018 placabilem
1304 935 1306 940 ’

91 1036 194 1100 donnini
212 1035 414 1121 praedicasset
429 1057 554 1116 annoto,
579 1037 724 1121 alinnrque
748 1036 846 1099 itidem
869 1034 1102 1100 contradictione
1125 1037 1240 1122 plenum

90 1159 119 1200 ec
136 1135 279 1203 LXXlV
298 1151 452 1224 praeterea
473 1139 535 1202 dice
552 1141 652 1203 eadem
669 1138 803 1216 molestia
826 1139 968 1218 reiectos,
997 1138 1034 1202 ab
1057 1159 1093 1202 eo
1115 1140 1162 1203 die
1185 1159 1242 1223 quo

90 1241 152 1304 olim
170 1241 338 1325 baptizatus
358 1251 422 1306 eret
437 1251 505 1306 ente
525 1242 648 1305 nnielem
670 1261 772 1318 suurn,
797 1250 828 1304 ut
846 1251 936 1304 totnnr
955 1241 1112 1306 ninevitae
1130 1253 1242 1325 tenipus

90 1344 120 1407 ab
137 1355 205 1407 ortu
225 1344 262 1406 ad
280 1343 445 1429 pressionem
463 1364 554 1428 nsque
570 1364 662 1408 nnnos
679 1340 805 1407 XXXll
824 1363 859 1406 ac
877 1344 940 1408 dies
955 1341 1094 1408 LXXlV
1112 1345 1240 1427 colliget,

90 1445 120 1508 eb
134 1445 260 1510 ineunte
277 1467 349 1510 vern
362 1444 456 1510 Silani
470 1467 505 1510 ac
517 1444 641 1511 Neruae
654 1446 808 1511 consulatu
820 1445 889 1508 anni
906 1447 963 1508 duro
978 1467 1013 1510 no
1030 1446 1092 1510 dies
1105 1441 1243 1510 cxxiv

90 1549 240 1612 luxerint.
289 1546 332 1612 lta
351 1571 409 1614 non
430 1549 515 1613 ruodo
534 1546 725 1628 Valentinus,
749 1549 852 1612 sedet
873 1548 975 1632 reliqui
993 1549 1123 1613 eiusdern
1146 1559 1242 1616 necta·

90 1662 166 1716 tores
192 1651 345 1730 inluniae,
376 1650 488 1716 erroris
513 1661 684 1734 nrgnuntnr.
737 1649 796 1716 Sed
825 1662 856 1714 et
880 1651 922 1714 illi
948 1652 1003 1737 ipsi
1030 1671 1163 1736 qunque,
1194 1649 1243 1734 qul

91 1750 207 1818 loannis
238 1754 422 1838 evangelium
451 1752 607 1833 abiiciunt,
641 1775 715 1838 qnos
741 1748 881 1836 'Aldpoue
909 1755 1014 1817 merito
1044 1754 1241 1833 nominemus,

90 1858 224 1942 quoniarn
240 1853 351 1939 Λόγον,
375 1857 430 1920 boc
445 1867 491 1920 est
505 1857 552 1919 dei
568 1856 689 1920 verbum
708 1857 903 1942 praedicatum
920 1877 938 1920 a
953 1853 1063 1920 lonnne
1077 1857 1242 1942 repudiant,

90 1960 198 2044 patris,
221 1960 356 2044 inquam,
382 1959 501 2022 verbnm
520 1959 589 2022 illud
610 1979 645 2022 ae
661 1961 765 2037 deum,
789 1960 837 2044 qni
856 1960 891 2022 de
909 1959 992 2022 coelo
1013 1960 1149 2045 delapsus
1166 1959 1243 2023 salu-

90 2071 145 2124 tern
165 2061 252 2125 nobis
272 2072 334 2126 toto
350 2060 400 2124 illa
416 2082 474 2144 qun
493 2059 570 2124 inter
585 2060 719 2126 homines
736 2073 873 2126 uersatus
893 2073 940 2125 est
959 2075 1088 2148 tempore
1106 2060 1244 2125 concilia-

90 2165 141 2226 eit.
187 2162 265 2228 blant
284 2173 313 2227 et
328 2163 500 2228 eorisnlnres
520 2163 586 2226 illos
603 2164 668 2226 lasti
686 2177 716 2228 et
732 2185 874 2228 annorum
893 2166 988 2229 series
1003 2165 1078 2250 ipsa,
1102 2175 1132 2228 et
1148 2161 1243 2228 lsaine

91 2265 249 2351 prophetae
263 2265 428 2328 breuissime
443 2265 588 2351 probetin,
613 2281 642 2329 et
655 2263 768 2345 Lucae,
794 2264 924 2344 loannis,
943 2265 1086 2331 blottbnei
1101 2288 1135 2332 nc
1148 2263 1243 2330 Marci

91 2369 261 2452 evangelie,
286 2378 333 2446 et,
356 2379 389 2432 ni
409 2389 468 2432 nno
484 2368 575 2432 verbo
599 2369 709 2448 dicem,
733 2369 830 2435 orantia
856 2371 922 2433 illos
943 2369 1086 2432 rationum
1113 2371 1244 2453 pondera

93 2491 124 2534 nc
141 2481 289 2534 monente
306 2470 500 2548 convincant,
523 2471 610 2555 idqne
625 2471 734 2556 ipsum,
758 2473 834 2555 qnod
853 2471 997 2548 colurnus,
1022 2470 1160 2546 efficiunt,
1185 2491 1243 2534 non

93 2595 177 2638 onnon
202 2571 318 2638 Paseba
343 2576 486 2638 dnntexnt
508 2593 524 2636 a
550 2573 774 2658 praedicationis
801 2573 926 2637 exordio
953 2593 1051 2637 annno
1077 2573 1246 2636 celebrasse

94 2675 233 2753 circuitu,
257 2677 309 2739 sed
327 2697 391 2738 enen
408 2676 496 2738 tertio
512 2676 631 2760 insuper
650 2677 803 2740 corrsnlutn
822 2677 901 2739 vitae
921 2695 992 2738 sune
1011 2695 1051 2738 ex
1068 2659 1163 2759 eliqua
1187 2675 1244 2738 sal·

93 2787 147 2841 tem
173 2790 256 2862 parte
282 2789 395 2862 tempos
422 2777 619 2861 adaequasse,
649 2788 799 2864 postquam
826 2799 843 2840 a
868 2775 976 2841 loanne
999 2777 1162 2862 baptizatus
1185 2787 1242 2841 est.

93 2877 174 2946 Unde
188 2882 390 2964 imperitorum
407 2880 552 2944 bonrinnrn
569 2881 645 2944 ratio
658 2883 753 2944 omnis
769 2879 890 2956 excidit,
910 2901 1032 2966 quornm
1049 2891 1146 2944 tontes
1160 2898 1244 2964 prns-

93 2995 173 3048 satnr
191 3001 279 3048 eeren
295 3003 360 3045 cunr
375 2983 500 3046 amentio
519 2983 692 3068 inscitiaque
711 2983 896 3061 coniunctas,
921 2994 953 3046 ut
969 3001 1063 3066 neque
1081 2984 1169 3045 vitatu
1188 2981 1244 3067 ipsi

94 3105 171 3150 snam
189 3095 372 3170 agnoscant,
396 3094 425 3148 et
441 3087 477 3148 ad
493 3088 713 3172 oppugnandam
729 3086 882 3150 ueritatem
903 3087 1009 3149 lenstre
1026 3085 1088 3149 suis
1106 3103 1141 3148 se
1163 3105 1244 3148 men·

94 3189 180 3252 daeiie
203 3187 372 3271 accingant.

174 3287 236 3356 Sed
254 3291 310 3352 boc
326 3290 356 3352 in
381 3288 460 3353 bisce
480 3289 562 3354 libris
584 3290 722 3375 scriptam
744 3287 909 3354 invenimus
932 3300 1081 3354 aeternnm
1106 3288 1151 3351 dei
1176 3307 1243 3351 rer·
1279 3288 1339 3406 ‘'ap-

92 3391 156 3457 bana
172 3413 252 3456 anno
269 3391 394 3476 Augusti
410 3389 482 3456 XL.
502 3403 598 3457 nntnun
618 3412 697 3456 esse.
742 3390 828 3476 Quae
846 3404 892 3458 est
911 3393 1064 3478 scriptoris
1084 3391 1242 3456 bellacina·
1260 3355 1312 3406 xx
1325 3355 1361 3409 Χ·

94 3495 148 3574 tio;
173 3493 232 3560 nisi
249 3497 324 3559 lorte
340 3494 469 3560 binerins
485 3496 593 3558 extrita
610 3493 693 3559 litere
712 3494 733 3575 β
748 3495 788 3566 ιιι
802 3504 982 3580 expunctus,
1006 3506 1038 3559 et
1053 3497 1092 3558 ita
1113 3491 1172 3558 XL
1194 3513 1243 3556 ec·

92 3597 237 3662 lemanni
258 3593 466 3660 remanserint.
512 3593 621 3660 Natum
642 3597 756 3682 quidem
775 3607 892 3661 constet
908 3615 975 3661 esee
994 3593 1143 3661 Cbristurn
1165 3614 1243 3658 anno

92 3700 219 3784 Augusti
238 3695 341 3764 Xbll.
386 3699 507 3763 Addunt
521 3695 596 3762 Xll.
615 3695 682 3764 Cel.
701 3696 791 3762 lulias
813 3700 878 3762 sive
903 3696 1019 3776 lnniee,
1049 3717 1143 3780 neque
1165 3697 1242 3759 enirn

95 3815 174 3865 certo
195 3801 279 3878 ecio,
303 3801 378 3864 istud
399 3801 560 3880 accidisse,
585 3797 717 3887 Sulpicio
733 3798 892 3866 Cernenino
913 3813 945 3865 et
966 3799 1102 3864 Buteone
1120 3797 1244 3884 Pompo·

93 3945 182 4002 meent,
196 3939 283 3990 ddnde
296 3939 360 4001 quod
368 3941 492 3997 importum
501 3939 598 4001 laqueti
609 3953 652 3988 nu·
686 3941 746 3989 tione
761 3941 869 3988 vocabuli
878 3933 1038 4003 anrnqinuqi
1054 3937 1122 3999 sorite
1132 3949 1245 3998 npnoeon·

92 4015 210 4058 mount
226 4009 257 4056 nb
272 4021 301 4056 en
316 4021 380 4058 enno
390 4021 436 4070 qno
449 4009 488 4056 ille
503 4007 592 4056 devicto
605 4011 653 4057 An·
686 4013 724 4058 tur
742 4009 904 4068 compendien
919 4008 983 4056 none
1003 3999 1133 4087 d‘ubpnrnn
1156 3999 1244 4067 tdi‘oib

93 4079 153 4124 tanin
166 4090 246 4126 muni
259 4077 347 4138 potiten
361 4080 400 4124 est.
435 4078 516 4137 Aqua
531 4089 593 4126 enno
612 4089 654 4137 per
687 4080 708 4126 et
724 4076 908 4125 odditnnientnnr
930 4075 989 4123 illud
1009 4088 1112 4131 ιιιαιοις
1131 4077 1244 4122 correctn-

92 4145 251 4208 qnedrnpinlo
266 4157 341 4191 onnon
355 4143 493 4192 descendens
507 4157 578 4205 neque
592 4146 615 4192 in
630 4157 654 4190 o.
687 4157 741 4191 rom
756 4145 833 4202 potins
848 4143 972 4204 inopislelli
987 4143 1087 4190 adonius
1101 4143 1188 4202 topini,
1206 4141 1245 4202 fo·

92 4209 149 4260 inl.
162 4226 186 4260 n
198 4213 224 4262 U.
236 4213 262 4260 c.
278 4211 430 4272 deprehendis
442 4213 546 4262 eonsules
555 4213 582 4260 G.
590 4213 654 4272 Pop·
688 4212 730 4259 oile
742 4215 774 4258 eet
788 4212 910 4260 rescribere
919 4205 1070 4260 Σουλπικίου
1078 4207 1141 4274 Καμ
1161 4205 1244 4292 npluon

90 4291 178 4338 warne
192 4285 214 4328 et
230 4279 363 4342 Sulpicium
381 4281 539 4340 Camerinum,
556 4291 655 4341 qnnnnnn
688 4273 732 4330 >eol
745 4275 824 4329 Γαΐου
839 4273 970 4328 Ποππαίαν
987 4269 1116 4340 ἄνθρωποι
1137 4225 1247 4329 lbucneo

92 4346 129 4396 bie
152 4351 249 4397 nonina
274 4349 346 4397 lutere
368 4361 442 4409 poene
461 4349 487 4398 ιιι
507 4352 586 4410 operto
608 4351 655 4410 eel,·
689 4343 738 4412 (vel
752 4349 821 4394 etium
837 4337 962 4410 duspurc
980 4340 1132 4410 taeniense)
1163 4341 1246 4396 Τοῦτο

92 4415 237 4465 memnone
262 4417 322 4464 ιιιιιιι
348 4412 459 4484 perclo,
485 4416 522 4465 nei
545 4411 654 4482 βηττέω,
688 4417 737 4463 cett.
781 4415 908 4464 Gornnrine
932 4415 1011 4461 vertit·
1045 4413 1135 4462 Dicunt
1162 4423 1245 4461 aurens

92 4483 155 4532 ettae
174 4497 245 4548 quom
263 4487 309 4534 θαι
332 4485 434 4534 neminie
457 4485 556 4546 oestipta
579 4483 653 4530 bobel.
689 4479 757 4548 quod
772 4489 829 4530 ente
846 4477 1019 4530 duodecimum
1030 4475 1185 4530 Calendlnl.
1204 4484 1247 4524 ant

95 4549 160 4608 Onne
176 4565 229 4602 euna
250 4555 283 4603 ito
305 4555 366 4614 rint,
393 4563 490 4613 eumque
506 4552 656 4600 intermino·
689 4545 767 4610 land,
794 4563 844 4598 aon
868 4547 950 4599 buben
975 4548 1041 4599 enirn
1066 4545 1134 4615 qnod
1157 4543 1246 4602 dimon,

994 4633 1042 4699 7*
