3176 4930
355 251 417 315 278
470 216 480 237 ⁹
781 258 904 312 ειιισει
919 259 1090 311 εειεειιεειι

358 378 464 466 ετοὶγη,
487 388 526 466 τῷ
550 380 581 443 δὲ
599 376 700 463 ῦρχειν
714 377 766 444 καί
791 378 948 455 δεσπόζειν.
993 378 1053 440 Καί
1075 385 1138 453 τοῖς
1159 377 1213 459 μέν
1229 373 1364 463 διάφορα
1382 375 1510 460 σχήματα

360 483 482 566 φῦσεων
500 486 633 546 δίδονται
655 484 706 546 καί
729 480 860 564 μορφαί,
883 475 996 554 όπόσας
1012 477 1034 562 ἦ
1050 481 1215 564 στερέμνιος
1233 481 1283 544 καί
1306 476 1400 566 όρατὴ
1423 479 1511 560 φόσις

361 583 530 659 κελεύοντος
553 591 606 649 τοῦ
626 590 702 648 θεοῦ
727 584 877 668 ἐγέννησε,
904 588 946 670 τῷ
968 581 1001 646 δὲ
1026 582 1158 657 θεοειδές
1177 582 1228 646 καί
1250 586 1436 662 θεοείκελον,
1465 585 1512 647 καί

358 684 456 753 πάντα
470 685 547 768 πρός
567 689 681 769 ἐκείνην
698 681 946 769 α’πιγκριβωμέυον
966 681 1019 766 τὴν
1037 682 1235 768 πρωτότοκον
1254 690 1307 750 τοῦ
1329 683 1445 768 πατρός
1465 687 1513 750 καί

358 797 502 875 μονογενῆ
524 787 634 854 είκόνα.
677 785 814 868 Ἐποίησε
835 783 892 872 γόρ
916 783 934 850 ό
953 783 1026 862 θεός
1048 785 1100 851 τόν
1122 783 1302 872 ῦνθρωπου,
1329 785 1393 852 κατ’
1416 786 1513 853 είκόνα

358 898 436 957 θεοῦ
453 893 590 973 ἐποίησεν
607 885 706 956 αῦτόν.
740 887 797 954 Διό
815 890 864 952 καί
881 886 1110 976 έμέλησεναότῷ
1128 895 1180 970 τῆς
1195 896 1249 952 τοῦ
1267 889 1414 974 σφετέρου
1428 885 1513 976 α’γόλ-
1576 891 1577 894 ’

357 1019 448 1078 ματος
464 996 621 1075 διαμονῆς,
649 995 700 1057 ’ίνα
722 989 762 1074 μὴ
780 988 928 1056 εῦόλωτον
950 983 1063 1080 ᾖπρδς
1086 989 1273 1077 διαφθοράν·
1301 991 1445 1077 καθάπερ
1468 994 1513 1057 καί

356 1103 416 1162 τοῖν
431 1091 615 1178 α’νδριόντων
630 1102 693 1169 τοῖς
710 1098 910 1178 δημιουργοῖς.
958 1089 1003 1156 Οό
1021 1090 1077 1178 γόρ
1096 1092 1190 1176 μόνον
1204 1093 1331 1170 κάλλους
1350 1102 1412 1158 τῶν
1431 1091 1515 1180 όγαλ-

358 1195 458 1282 μόνων
473 1195 575 1274 αὐτοῖς
590 1197 638 1260 καί
655 1202 709 1278 τῆς
725 1193 901 1280 εὐπρεπείας
918 1191 1016 1260 αότιῦν
1031 1193 1255 1280 πεφρόντισται,
1281 1195 1363 1270 ὅπως
1391 1188 1449 1262 ὦσι
1470 1223 1516 1260 πε-
1576 1263 1577 1266 ,

359 1297 537 1385 ρικαλλεῖςῆ
554 1306 798 1383 μεγαλοπρεπεῖς,
821 1295 892 1362 όλλό
909 1299 960 1362 καί
976 1303 1029 1379 τῆς
1045 1299 1085 1372 είς
1099 1295 1132 1362 τό
1148 1295 1277 1363 δυνατόν
1293 1303 1396 1378 σφίσιν
1416 1296 1516 1375 αὐτοῖς
1576 1321 1577 1376 ,

359 1401 527 1478 ἀθανασίας
550 1409 611 1466 τοῖν
634 1398 904 1485 δημιουργημότων
928 1399 1073 1485 πρόνοιαν
1098 1409 1269 1480 ποιεῖσθαι,
1300 1403 1366 1476 2είς
1388 1399 1444 1466 τόν
1466 1429 1515 1484 μα-

357 1509 489 1590 κραίωνα
507 1502 613 1588 χρόνον
630 1501 828 1581 διασώζεσθαι
845 1500 885 1584 μὴ
903 1500 1044 1584 λυόμενα·
1067 1501 1206 1588 καθάπερ
1224 1505 1275 1567 καί
1291 1507 1422 1578 Φειδίας.
1461 1497 1516 1568 Οῦ-
1576 1515 1577 1538 ³

358 1634 409 1682 τος
430 1605 486 1692 γόρ
505 1605 576 1688 μετὰ
596 1602 629 1671 τό
653 1601 868 1670 κατασκευάσαι
886 1601 919 1668 τό
940 1611 1071 1669 Πισαῖον
1091 1608 1226 1684 είδωλου,
1254 1607 1285 1684 ἐξ
1306 1603 1468 1686 έλεφόντος
1488 1607 1517 1670 δέ

358 1715 445 1774 τοῦτο
468 1701 521 1790 ἦν,
551 1711 648 1773 ἔλαιον
672 1711 822 1790 έκχεῖσθαι
842 1707 1016 1791 προςέταξεν
1034 1704 1111 1789 όμφί
1134 1704 1205 1783 τοῦς
1226 1707 1323 1783 πόδας
1345 1711 1517 1793 ἔμπροσθεν
1576 1729 1577 1788 γ

359 1819 412 1877 τοῦ
435 1809 614 1896 αίγόλματος,
641 1807 818 1875 8αίθόνατον
840 1812 882 1885 είς
901 1807 1029 1892 δύναμιν
1042 1808 1230 1890 4φυλόσσειν
1248 1808 1330 1875 αῦτό.
1376 1814 1439 1876 Καὶ
1462 1816 1517 1877 τοί·
1576 1803 1577 1894 ί

359 1939 413 1978 νυν
432 1916 458 1977 εί
474 1920 532 1977 τῶν
549 1910 770 1997 ὁχειροκμήτων
786 1910 882 1987 οῦτως
903 1913 1094 1997 δημιουργοί,
1118 1909 1135 1978 ό
1151 1910 1257 1988 θεόςό
1277 1910 1515 1998 θῦριστοτέγνας,
1576 1897 1577 1988 ί

362 2015 396 2092 ῦς
412 2015 509 2079 πάντα
526 2013 648 2079 δῦναται
669 2016 721 2079 καί
736 2017 766 2092 ἐξ
783 2011 840 2078 οῦκ
861 2011 957 2080 όντων
973 2023 1083 2094 ποιεῖν,
1106 2012 1142 2080 οῦ
1161 2023 1269 2097 μᾶλλον
1289 2013 1322 2080 τό
1345 2013 1467 2100 ῦγαλμα
1487 2015 1516 2080 τό

359 2115 478 2202 λογικόν
498 2118 629 2195 Ιἑαυτοῦ,
659 2115 712 2181 τόν
735 2115 914 2200 ῦυθρωπον,
944 2112 1118 2201 όνόλεθρον
1141 2119 1193 2182 καί
1216 2114 1366 2183 όθόνατου
1388 2115 1467 2183 εἶναι
1486 2115 1517 2183 τό

359 2222 504 2304 παρόπαν
524 2221 554 2296 έξ
575 2217 694 2299 όπόσης
716 2216 847 2304 όνόγιιιγς
871 2217 1090 2302 έμηχανόσατο,
1114 2215 1171 2283 αλλ’
1188 2223 1282 2284 είασεν
1299 2219 1397 2296 οῦτως
1419 2218 1517 2303 ἆτιμό·

361 2349 433 2387 τατα
455 2321 598 2404 λυόμενον
621 2319 736 2410 όλέθρφ
760 2325 947 2407 παραδοῦναι
962 2323 1014 2386 καί
1031 2327 1139 2411 φθορᾷ
1155 2321 1172 2387 δ
1192 2320 1396 2405 διαφερόντως
1413 2321 1517 2405 ἠξίωσε

361 2435 425 2502 ταῖς
440 2427 545 2490 ἑαυτοῦ
561 2431 684 2508 ποιῆσαι
700 2425 796 2507 χερσὶ,
818 2420 881 2488 κατ’
899 2421 999 2488 είιιόνα
1015 2423 1244 2507 μορφοποιήσας
1265 2421 1355 2503 αότό,
1377 2428 1432 2492 καί
1447 2422 1517 2490 καθ’

362 2526 505 2610 όμοίωσιν
521 2526 577 2610 τὴν
594 2530 716 2605 ἑαυτοῦ,
737 2524 790 2592 τόν
804 2529 918 2608 κόσμον
934 2532 988 2591 τοῦ
1004 2523 1130 2609 κόσμου,
1154 2525 1192 2592 δι’
1205 2517 1243 2592 οῦ
1260 2526 1373 2610 κόσμος
1387 2529 1516 2613 έγένετος

249 2653 252 2662 ’
366 2628 430 2695 Οῦκ
456 2633 535 2695 ἔστιν
560 2633 660 2694 εἰπεῖν.
704 2627 807 2717 Ἀπῄει
831 2627 887 2715 γῦρ
915 2631 957 2704 είς
979 2625 1154 2714 όφρσσῦυην
1177 2631 1346 2716 ἐπαρθέντα
1368 2637 1517 2717 φρονῆσαι

361 2757 458 2798 τουτο.
742 2773 743 2776 =

226 2938 353 3028 Keq3xt.
450 2932 521 3000 Ἀλλ’
538 2937 609 3010 ἴσως
624 2933 663 3018 μή
679 2937 884 3018 ἐπιστήσαντες
901 2933 1023 3012 έαυιοῦς
1041 2934 1118 3020 πρός
1134 2935 1171 3000 τιὶ
1186 2937 1340 3020 λεχθέντα,
1364 2928 1517 3022 ιδἈγλαα
1576 2949 1577 3016 ί

259 3011 318 3078 (κ’)
365 3045 447 3118 φῦν,
469 3040 578 3114 λέξετε,
608 3039 669 3101 Καί
690 3045 769 3117 πῶς,
793 3040 819 3102 εί
839 3035 994 3104 όθόνατου
1016 3030 1055 3120 ἦν
1076 3040 1109 3104 έιι
1132 3039 1270 3124 γενέσεως
1291 3038 1363 3104 καθ’
1385 3036 1466 3122 ῦμᾶς
1484 3037 1515 3103 τό

365 3147 457 3220 ζῶον,
480 3143 630 3226 γεγένηται
648 3140 779 3222 θνητόν,
802 3137 891 3206 όπότε
911 3138 945 3204 τό
967 3136 1123 3204 όθόνατου
1144 3138 1373 3226 όμεταστρόφως
1392 3139 1517 3206 τοῦτοῦ

367 3246 445 3308 ἔστιν
464 3241 537 3308 είναι
559 3241 630 3328 χρὴ,
653 3241 694 3326 μή
710 3247 889 3326 μεταπίπτοι
906 3241 927 3324 ἢ
943 3241 1164 3326 ἐξανιστάμενον
1179 3246 1223 3319 είς
1243 3243 1294 3309 τόν
1314 3245 1450 3325 αἰσχίονα
1469 3245 1516 3306 καί

240 3377 292 3424 τις.
305 3365 350 3412 σεε.
365 3344 477 3428 θνητόν
500 3345 607 3427 φόσινς
637 3343 789 3429 όμήχανον
815 3342 887 3430 γόρ,
917 3347 981 3410 έπεί
1007 3342 1063 3410 οῦκ
1084 3348 1162 3410 έστιν
1186 3343 1346 3411 όθόνατον.
1389 3343 1515 3426 Ἐπειδὴ,

364 3451 453 3527 λέξοι,
476 3447 634 3533 γενόμενον
654 3446 841 3525 αότεξοόσιον
856 3444 933 3531 πρός
949 3445 1001 3528 τήν
1017 3451 1130 3532 αἵρεσιν
1145 3456 1200 3515 τοῦ
1216 3455 1324 3528 καλοῦ,
1346 3449 1399 3513 καὶ
1414 3455 1516 3512 τοῦτον

364 3550 418 3616 τόν
433 3549 548 3634 θεσμόν
568 3548 722 3633 ιείλιγφός,
745 3548 764 3616 ό
780 3548 938 3632 μισόιιαλος
955 3547 1074 3626 έπιστῦς
1090 3549 1234 3633 έβόσκαυε
1251 3553 1381 3634 φθόνος.
1413 3549 1447 3616 ‘0
1464 3548 1514 3635 γόρ

365 3652 437 3730 θεός
456 3657 550 3720 έκτισε
567 3653 618 3720 τόν
634 3653 799 3738 ῦυθρωπον
815 3654 865 3718 έπί
884 3651 1058 3740 όφθαρσίμ,
1081 3655 1132 3717 καλ
1149 3653 1251 3720 είκόνα
1264 3662 1317 3739 τῆς
1332 3658 1411 3730 ίδίας
1426 3651 1515 3718 όΐδιό·

364 3781 452 3840 τητος
473 3759 609 3839 έποίησεν
628 3753 734 3832 αῦτόν,
763 3757 825 3819 Καὶ
845 3751 901 3840 γδρ
925 3751 943 3820 ό
959 3754 1033 3830 θεός
1049 3753 1183 3822 θάνατον
1201 3755 1256 3822 οῦκ
1274 3759 1429 3839 έποίιγσεν,
1451 3754 1516 3821 ου’δέ

367 3862 501 3945 τέρπεται
518 3857 564 3925 ἐπ’
581 3857 712 3945 όπωλείμ
730 3855 859 3936 ζόντων·
882 3855 992 3946 φθόνῳ
1015 3859 1048 3922 δέ
1070 3857 1211 3942 διαβόλου
1229 3859 1363 3935 θάνατος
1386 3863 1516 3942 είςῦγλθεν

366 3965 408 4039 είς
429 3961 481 4028 τόν
504 3961 633 4044 κόσμου,
663 3958 802 4044 καθάπερ
823 3960 874 4024 καλ
897 3956 919 4041 ἡ
942 3964 1045 4040 Σοφία
1062 3969 1243 4043 Σολομῶνος
1265 3969 1414 4048 μαρτυρεῖ.
1460 3960 1515 4024 Καί

367 4064 465 4131 πόθεν
480 4063 498 4131 ό
513 4064 645 4139 θόνατος
660 4065 750 4128 πόλιν
766 4061 803 4145 δὴ
817 4064 955 4148 λέγεσθαι
972 4060 1102 4147 ἀνάγκη,
1126 4066 1152 4128 εί
1168 4063 1208 4148 μή
1227 4062 1360 4129 θόνατον
1384 4067 1515 4144 έποίιγσεν

367 4164 385 4231 ό
407 4167 488 4244 θεός.
533 4171 575 4232 El
597 4164 656 4232 όπό
679 4173 734 4232 τοῦ
758 4164 897 4247 φθόνου,
926 4167 978 4231 καί
1002 4174 1067 4242 ποῦς
1089 4164 1108 4232 δ
1133 4165 1253 4248 φθόνος
1276 4175 1329 4249 τῆς
1352 4164 1515 4250 βουλήσεως

400 4305 424 4355 9.
442 4309 548 4358 Fortasse
566 4307 601 4367 εἰς
617 4305 655 4360 τὸ.
958 4309 1006 4357 oleo
1023 4309 1095 4357 αιλαιιί
1111 4309 1172 4358 Ρλίιι.
1191 4309 1221 4358 Η.
1234 4309 1262 4358 Ν.
1280 4309 1331 4370 XV,
1353 4305 1390 4359 17.

401 4371 425 4424 3.
443 4374 487 4426 τοῦ
501 4368 625 4428 ἀθάνατοι
642 4379 725 4428 conice.
736 4376 868 4426 θαίολιειιι
882 4377 898 4424 ί,
908 4379 924 4426 λ.
991 4369 1016 4426 4.
1035 4371 1172 4442 φυλάσσων
1189 4379 1274 4426 conice.
1290 4377 1408 4426 Ριίαυιιιι.

365 4458 392 4506 γι.
402 4439 459 4522 έθῦ.
494 4435 557 4522 ῦςτε
570 4439 643 4496 εἶδαν.
660 4442 695 4502 εἰς
710 4446 733 4496 δ.
749 4439 926 4510 φυλάσσεσθαι
993 4441 1016 4492 5.
1035 4445 1128 4506 nepam
1144 4441 1329 4530 γιιροιιμήτων.

367 4512 463 4562 Ρλσίιαι
477 4511 535 4560 Βιολ
551 4513 602 4562 ωιλ
616 4511 761 4576 ccum,
775 4511 866 4574 ‚2902
891 4513 926 4564 Dc
992 4507 1017 4563 6.
1035 4513 1129 4574 λιμσιιο
1146 4511 1330 4581 αριστοτέχνης.
