3186 4928
366 245 502 298 canaan
519 245 583 298 nra.
596 248 628 298 u.
645 245 727 298 nom.
739 246 771 296 u.
788 245 888 298 ussa.
902 246 994 296 axvi.
1197 216 1259 295 u‘s

103 369 151 433 dei
170 366 362 453 sapientiam,
386 387 451 430 cum
475 367 601 430 animam
626 365 796 450 peremnia
822 365 990 448 dissipatam
1010 363 1149 446 colligere
1171 363 1261 428 vellet

104 471 247 550 (animam
265 471 342 534 enim
365 482 421 532 tam
441 469 594 552 illaquam
616 469 679 532 eius
699 477 861 531 sectatores
877 465 1045 530 Manichaei
1066 467 1112 528 dei
1135 467 1261 550 particu-

104 574 161 636 lam
178 593 245 636 esse
265 583 382 657 putant,
407 571 443 635 ab
460 592 554 655 eoque
570 571 702 634 avulsam
720 583 750 635 ct
767 569 802 632 ab
818 570 934 632 adversi
958 569 1070 653 irnperii
1095 568 1260 651 radicisque

105 674 284 760 principibus
308 676 338 738 iu
362 674 559 758 captivitatem
588 675 735 736 redactam
762 673 790 736 iu
818 691 943 755 corpora
968 692 1035 735 esse
1059 671 1258 755 depressamlc

105 778 228 862 proinde
247 778 323 860 quod
340 777 441 840 eadem
461 775 510 838 illa
533 777 614 838 cibus
633 796 733 838 eorum
754 784 836 838 esset
858 774 1005 836 homiuum
1030 773 1078 858 qui
1099 775 1191 857 ipsam
1214 794 1262 835 ra-

105 889 231 966 puerant
247 890 335 963 atque
359 883 388 940 in
411 877 584 962 corporibus
602 879 665 940 suis
683 876 910 953 distribuerant,
935 875 1039 959 quibus
1063 873 1149 938 etiarn
1174 874 1262 938 robur

105 981 245 1065 viresque
262 981 444 1067 suppeditet,
469 991 625 1066 propterea
643 977 807 1064 Sapientia,
833 979 936 1062 inquit,
961 979 1010 1041 illa
1031 999 1116 1062 quam
1136 977 1263 1040 diximus

104 1085 204 1148 sidera
220 1084 250 1147 in
268 1084 352 1146 coelo
377 1083 431 1146 ista
452 1081 624 1161 collocavit,
648 1082 740 1145 solean
760 1103 794 1146 ao
814 1082 929 1160 lunam,
954 1081 1111 1164 stellasque
1134 1091 1261 1158 ceteras,

105 1199 137 1250 et
151 1187 232 1250 illam
248 1185 399 1250 duodecim
417 1185 590 1263 elementis,
616 1194 645 1247 ut
666 1182 791 1248 Graecis
812 1184 924 1268 placet,
950 1193 1133 1248 constantem
1156 1182 1264 1247 machi·

105 1309 174 1353 nam
197 1289 347 1374 produxit.
394 1284 508 1370 Quibus
529 1287 565 1352 ab
588 1287 742 1352 elementis
767 1288 890 1350 affirmat
911 1299 1092 1351 mortuorum
1116 1285 1263 1350 bominum

105 1391 334 1474 animaliumque
351 1402 518 1456 ceterorum
537 1389 650 1454 animas
672 1389 701 1452 iu
726 1389 815 1452 altum
839 1390 1006 1474 splendidas
1028 1411 1062 1454 ao
1085 1389 1264 1452 collucentes

106 1492 215 1573 evehi,
239 1495 316 1556 unde
331 1492 361 1555 in
378 1493 515 1578 scapham
530 1493 677 1556 terantur.
724 1488 825 1555 Solem
848 1492 954 1577 quippe
975 1513 1010 1554 ac
1029 1493 1126 1555 lunam
1148 1491 1265 1574 navigia

106 1616 176 1660 esse
193 1595 333 1679 quaedam
351 1596 518 1674 existimatq
542 1615 664 1678 quorum
684 1581 872 1678 quodminus
893 1605 938 1658 est
955 1616 1006 1679 pro
1023 1595 1110 1658 lunae
1128 1615 1264 1658 crescen-

106 1700 148 1762 tis
165 1698 260 1783 spatio
277 1694 338 1760 XV
356 1697 457 1760 diebus
476 1719 550 1760 cuns
568 1695 694 1775 vehere,
719 1696 806 1780 idque
827 1696 941 1760 demum
964 1699 1098 1760 conlecto
1121 1708 1187 1780 post
1201 1693 1264 1758 XV

106 1802 186 1864 diem
205 1821 294 1864 cursu
318 1800 412 1864 maius
435 1799 465 1862 in
490 1799 656 1883 navigium,
687 1798 780 1863 solem
800 1796 954 1877 videlicet,
978 1818 1147 1884 exponere,
1172 1799 1263 1862 solem

107 1923 201 1981 vero,
223 1903 289 1966 sive
313 1903 455 1966 maiorem
481 1902 560 1965 illam
578 1901 695 1980 navim,
726 1902 754 1964 in
773 1912 922 1964 aeternam
945 1902 1264 1984 ritambeatorumque

107 2006 198 2070 sedes
223 2006 334 2070 animas
358 2003 569 2068 transmittere.
616 2005 662 2068 Ad
688 2025 754 2067 eum
778 2005 894 2068 modum
920 2025 972 2088 per
993 2005 1085 2068 solem
1107 2025 1142 2068 ao
1167 2004 1264 2067 luuam

107 2108 224 2174 animas
242 2105 405 2172 transvehi.
451 2105 537 2190 Quod
554 2106 669 2190 quidem
685 2108 721 2170 ad
739 2126 789 2170 eas
809 2106 958 2192 pertinere
974 2117 1054 2190 putat
1076 2128 1150 2191 quae
1168 2106 1266 2169 vanis-

107 2210 177 2276 simi
194 2211 238 2274 sui
257 2209 402 2294 dogmatis
418 2209 570 2272 scientiam
587 2210 788 2296 perceperint,
813 2208 853 2274 uti
877 2219 1053 2293 repurgatae
1074 2211 1170 2272 betam
1187 2209 1265 2270 illam

108 2313 359 2376 transductionem
390 2311 553 2376 obtineant.
611 2311 697 2395 Quod
726 2311 782 2374 arisi
811 2311 987 2394 cognitionis
1014 2309 1093 2374 illius
1121 2310 1265 2395 particeps

109 2416 218 2494 inerit,
242 2414 358 2482 animae
373 2425 462 2499 negat
479 2433 560 2498 spem
578 2413 665 2478 ullam
688 2414 791 2478 salutis
811 2433 879 2478 esse
901 2412 1090 2496 propositam.
1136 2408 1266 2475 Omnino

108 2516 237 2601 denique
259 2518 347 2600 longa
370 2526 416 2580 est
438 2517 515 2581 illius
538 2517 695 2580 commenti
717 2516 879 2600 tragoedia.

199 2617 282 2684 liaeo
300 2619 391 2704 igitur
414 2641 479 2682 cum
498 2618 538 2682 ita
558 2639 591 2681 se
614 2618 771 2697 habereut,
796 2629 826 2682 et
843 2617 1009 2682 Archelaus
1032 2617 1147 2703 penitus
1169 2617 1267 2681 omnia
1286 2631 1345 2699 cap.
1363 2633 1396 2682 x.

109 2733 289 2806 cognosset,
314 2732 347 2786 ut
363 2721 398 2785 de
415 2721 587 2806 quaestione
607 2721 656 2784 illa
674 2721 822 2806 disputare
843 2730 961 2806 posset,
985 2741 1107 2804 eumque
1124 2722 1159 2784 ad
1177 2721 1205 2783 id
1220 2741 1268 2784 es·

109 2835 162 2890 set
174 2823 438 2903 instructissimus,
463 2823 565 2910 partim
584 2825 659 2907 quod
675 2846 692 2886 a
708 2824 858 2909 multiplici
876 2823 1039 2886 divinarum
1055 2843 1152 2886 rerum
1172 2823 1267 2886 soien-

110 2929 154 2994 tia
170 2927 374 3013 paratissimus
389 2937 470 3004 erat,
496 2924 600 3010 partim
618 2927 726 3010 quoda
744 2925 886 3011 Tyrbone
905 2926 1060 3010 perdoctus
1076 2937 1144 2990 autc
1161 2927 1267 3002 luerat,

110 3043 144 3096 et
168 3050 271 3094 omnes
296 3029 402 3094 uelarii
425 3029 550 3092 hominis
576 3029 750 3113 praestigias
776 3039 911 3092 accurate
937 3028 1095 3106 didicorat,
1126 3049 1195 3091 cccc
1218 3028 1267 3091 tibi

111 3155 180 3198 cum
198 3152 319 3197 suorum
339 3131 479 3196 comitatu
497 3129 604 3195 Manes
625 3131 763 3195 accessit.
809 3129 910 3214 Quare
934 3131 1057 3196 subinde
1079 3131 1155 3194 nulla
1178 3132 1268 3196 inter·

111 3237 192 3300 ieeta
210 3254 290 3301 mora
313 3234 456 3319 publicam
477 3233 661 3298 collationem
684 3233 839 3298 instituunt
855 3234 884 3298 in
903 3234 1008 3319 oppido
1024 3233 1088 3319 ipso
1106 3229 1266 3312 (laschane,

112 3352 147 3404 ut
164 3349 234 3402 aute
250 3336 348 3402 omnia
363 3337 596 3401 controversiam
613 3337 691 3399 illam
709 3336 866 3420 agitarent.
912 3336 958 3399 Ad
978 3337 1005 3400 id
1025 3357 1097 3401 vero
1118 3347 1269 3401 concerta·

114 3443 206 3505 tionis
221 3440 348 3506 arbitros
364 3439 494 3523 deligunt
509 3435 671 3522 Marsipum
688 3441 850 3524 quendam,
875 3449 905 3502 et
920 3434 1092 3518 Claudium,
1116 3451 1146 3504 et
1160 3441 1269 3524 Aegia-

111 3543 213 3622 leum,
237 3554 267 3606 et
285 3538 475 3621 Cleobulum,
501 3562 622 3626 quorum
648 3542 756 3626 primus
780 3543 897 3626 gentilis
921 3543 1099 3627 sapientiae,
1123 3543 1269 3606 secundus

113 3643 279 3709 medicinae
297 3646 466 3729 professor,
492 3643 596 3706 tertius
612 3644 836 3727 grammaticus,
860 3654 1026 3730 postremus
1043 3655 1108 3708 erat
1125 3643 1266 3728 sophista.

113 3744 214 3811 Multa
230 3745 260 3810 iu
281 3767 316 3810 ea
336 3745 532 3832 disputatione
553 3745 629 3809 ultro
648 3748 780 3831 citroque
803 3748 910 3811 iactata
928 3759 1013 3827 sucat,
1038 3769 1102 3810 oum
1122 3747 1188 3809 biuo
1203 3743 1269 3808 Ma-

114 3869 172 3914 nes
194 3849 305 3913 fabulas
327 3869 397 3912 suas
419 3858 613 3933 proponeret,
642 3849 709 3913 iude
732 3850 898 3914 Archelaus
921 3851 1001 3914 velut
1026 3847 1163 3934 egregius
1185 3847 1271 3911 miles

141 4002 214 4053 'Can
228 4003 262 4052 X.
279 4031 311 4041 -
348 4002 370 4052 l.
388 4001 425 4062 ele
439 4018 469 4054 τε
486 3999 532 4068 τήν
553 4017 602 4066 eqo.
637 4005 677 4054 Lt-
745 3999 769 4054 4.
786 4000 1010 4071 cpccaacebq'xaco
1030 4017 1080 4067 eqo.
1113 4000 1271 4070 προενήχητο

115 4075 153 4123 bri
170 4073 254 4121 babeat
271 4069 307 4129 εἰς
323 4067 376 4135 τήν.
711 4073 794 4121 cacha.
810 4074 928 4123 Petuains.
963 4074 1094 4122 Gctulserus
1116 4073 1132 4120 t.
1148 4075 1164 4120 t.
1185 4086 1271 4134 prapa-

150 4139 177 4191 2.
196 4133 305 4206 ὑπῆρχεν
322 4153 370 4202 eqo.
397 4133 515 4207 ὑπάρχων
531 4141 584 4190 libri
594 4151 679 4188 omnes.
711 4141 758 4188 suit
778 4138 994 4205 npoeeiaitsiauco,
1020 4145 1062 4190 aut
1085 4135 1172 4204 πρώην
1197 4155 1271 4192 κατε-

117 4211 196 4271 Vutgo
210 4209 343 4256 distinctam
360 4212 392 4256 est
415 4201 464 4259 iad
479 4207 524 4259 τοῦ
541 4201 679 4288 'lapeleiam
713 4198 818 4270 θήκατο.
859 4211 953 4258 Placuit
976 4209 1035 4257 mihi
1060 4211 1132 4257 etiam
1155 4223 1272 4272 naccam·

115 4276 156 4336 εἰς
170 4291 193 4326 τ.
210 4269 263 4325 n’sa.
280 4273 323 4326 τοῦ
340 4271 502 4340 ζητήματος,
521 4273 680 4340 acciperem
712 4273 828 4340 κέκτητο.
862 4277 926 4326 tart
939 4278 1022 4326 babeat
1036 4273 1256 4340 npoemshelxarao.

115 4340 256 4410 dedoque,
274 4338 317 4395 ocal
334 4347 385 4394 cett.
747 4344 770 4394 5.
788 4341 832 4397 διὰ
844 4343 888 4396 τοῦ
905 4345 956 4398 cod.
972 4345 1070 4408 hoediq.

151 4411 177 4464 3.
197 4411 257 4464 bsai
275 4410 397 4460 amedaeo·
411 4425 465 4461 cum
481 4411 681 4462 Gotchmtdau.
747 4409 772 4462 6.
790 4411 923 4480 Menippus
946 4415 1080 4476 appellatur
1101 4416 1127 4464 in
1150 4415 1213 4466 aaa
1229 4415 1273 4464 Ar-

114 4483 188 4534 blise.
196 4515 204 4542 ‚
221 4480 345 4530 autetiam
359 4476 418 4544 capt
434 4475 493 4532 heda
508 4482 624 4542 placebat.
713 4481 788 4532 oholai
803 4497 827 4543 p.
840 4481 862 4532 1.
