3186 4928
349 249 486 302 seuseu
503 249 566 302 me.
579 249 611 300 n.
627 247 709 302 non.
723 245 755 302 n,
771 245 871 299 naun.
886 246 978 298 exva.
1178 231 1241 296 tau
1308 244 1317 263 ·

93 371 199 455 inquit,
223 375 315 432 anm
331 373 413 432 ualde
430 372 519 446 bom
543 389 684 454 nusquam
707 377 740 432 ut
757 366 884 432 malitiae
907 365 992 432 radix
1011 365 1070 430 ulla
1089 375 1238 430 ceremon.

95 471 208 538 Etenim
224 484 379 559 propterea
396 473 468 538 deus
487 494 551 536 cnm
572 471 655 536 initio
672 472 808 536 mnndum
827 491 879 556 pro
896 489 951 534 sua
968 468 1098 534 bonitate
1117 467 1241 532 labrina-

94 587 153 654 eet,
178 577 213 640 da
230 595 403 662 unaquaque
419 585 583 640 meatorum
601 597 617 638 e
635 595 667 639 aa
685 595 784 640 aarum
808 574 912 636 bonam
937 591 1005 635 esse
1028 571 1237 657 pronuntiavit.

94 683 132 741 lit
147 683 230 752 undat,
256 677 366 765 inquit,
389 683 457 742 deus
475 682 551 760 quod
570 690 645 740 esset
662 679 780 753 boumn,
812 686 845 740 ut
866 686 896 738 et
918 675 955 738 de
976 673 1089 738 illesum
1111 672 1241 736 bonitate

95 781 288 846 testimonium
308 785 398 846 lenset
415 793 444 844 et
460 780 576 846 humani
594 780 713 864 genesis
730 779 913 844 inimicorum
936 776 1122 841 calliditatem
1140 775 1243 840 exclu-

95 885 192 962 deret,
216 885 265 969 qui
284 882 470 969 nequissimis
489 881 594 946 lebulis
612 883 765 947 venitatem
790 903 828 945 ex
850 879 1013 944 bominibus
1038 877 1168 942 luodilus
1190 898 1243 940 ex·

94 988 225 1072 bogaeae
241 996 396 1052 cenentur.
443 983 544 1049 Primo
559 985 700 1070 siquidem
717 986 764 1050 die
782 985 945 1048 coelumne
965 993 1073 1048 temam
1091 981 1243 1064 lucemque

95 1110 156 1153 cum
175 1089 309 1154 omnibus
324 1109 399 1174 quae
417 1088 446 1152 io
464 1099 544 1152 tesca
560 1098 629 1152 sunt
648 1087 788 1152 condidit.
833 1092 874 1149 Et
896 1090 980 1160 ndat,
1004 1097 1034 1146 et
1048 1106 1112 1146 ecce
1128 1085 1239 1156 bonum

94 1192 135 1256 ait
151 1193 307 1278 coeptura.
353 1189 524 1256 Utcumuam
545 1211 617 1256 veno
641 1190 748 1255 bonum
770 1211 806 1254 se
828 1190 1055 1254 teutonum-esse
1078 1185 1240 1262 nesciebat,

94 1315 130 1359 eo
144 1296 220 1380 quod
233 1315 323 1381 opero
338 1293 464 1378 denique
482 1294 624 1379 perlecto,
642 1297 718 1356 Ecce
732 1295 843 1368 mann,
863 1291 975 1356 dixisse
992 1290 1118 1375 legitusl
1144 1286 1241 1372 Quam

94 1417 194 1462 vocem
213 1397 350 1482 deinceps
375 1397 411 1462 de
433 1396 534 1481 aquis,
564 1397 600 1460 de
618 1396 707 1474 meri,
732 1397 767 1460 de
788 1394 988 1480 germinibus,
1015 1395 1051 1458 de
1075 1391 1240 1470 arboribus,

94 1501 130 1565 da
147 1499 221 1564 coeli
236 1499 398 1578 sideribus,
423 1500 459 1562 de
480 1499 653 1583 pecudibus,
678 1499 771 1582 deque
786 1498 909 1576 esibus,
933 1496 1082 1582 reptilibus
1100 1517 1134 1560 ac
1156 1495 1243 1581 pisci-

92 1603 147 1666 bus
163 1613 295 1688 usecpat.
340 1600 418 1666 Nam
440 1601 469 1665 iu
487 1622 678 1686 unoquoque,
709 1605 800 1676 Vellet,
825 1601 936 1685 inquit,
958 1603 1042 1673 dene,
1066 1610 1098 1661 et
1115 1619 1179 1660 ecce
1195 1599 1242 1660 bo·

92 1727 169 1768 auec.
214 1702 284 1769 Non
302 1705 378 1789 quod
395 1715 446 1768 aut
461 1704 611 1788 ignoraret
625 1715 730 1784 antea,
754 1715 805 1768 aut
820 1702 869 1768 nbi
889 1713 1139 1788 praesentasset,
1162 1701 1244 1766 velut

93 1807 276 1894 experientia
301 1807 424 1892 quedam
451 1807 528 1871 bona
552 1828 619 1871 esse
640 1805 848 1893 comperisset,
875 1807 927 1870 sed
949 1807 1024 1891 qnod
1047 1805 1123 1870 bona
1145 1803 1243 1869 amada

94 1931 200 1976 recem
215 1911 291 1988 sint,
316 1930 409 1996 oeque
429 1909 496 1975 mali
517 1910 669 1994 quiequam
687 1910 773 1990 insit,
797 1921 916 1996 psopter
931 1909 1127 1995 improborum
1150 1906 1242 1971 bomi-

93 2035 162 2078 oum
179 2011 345 2098 opinionem
369 2013 424 2078 boe
441 2013 521 2078 velut
537 2013 655 2078 omoulo
673 2013 750 2078 bona
765 2033 833 2077 esse
850 2014 948 2078 omnia
970 2033 1004 2078 aa
1026 2012 1176 2097 praeclara
1199 2021 1242 2074 te·

93 2125 188 2182 statua
204 2125 268 2195 est,
291 2115 416 2201 ideoque
433 2115 540 2180 bonum
556 2136 624 2180 csse
642 2116 735 2194 dixit,
759 2117 835 2200 quod
851 2115 918 2180 mali
936 2137 971 2182 ac
985 2115 1132 2200 nequities
1148 2114 1243 2178 omnis

93 2216 296 2283 exclusionem
312 2219 454 2284 continet.
486 2217 525 2283 Ut
538 2219 672 2284 nimirum
691 2219 746 2284 boo
761 2217 838 2305 ipso,
858 2219 934 2304 quod
951 2239 1017 2283 esse
1034 2217 1141 2284 bonum
1157 2238 1245 2282 omne

92 2320 281 2406 significavit,
306 2321 425 2386 tollatur
440 2321 515 2386 ialsa
527 2322 577 2387 illa
590 2323 626 2386 de
641 2321 752 2387 malitia
765 2320 795 2385 in
809 2322 943 2388 bomines
956 2321 1071 2387 inuecta
1083 2321 1242 2396 semendis,

92 2423 277 2508 pessimaque
306 2424 493 2488 omnismodi
520 2423 664 2510 dogmatis
691 2424 916 2489 architectorum
940 2423 1038 2509 opinio
1061 2423 1241 2508 prodigatur.

92 2522 249 2590 Postremo
273 2525 321 2590 ubi
339 2527 374 2590 ad
394 2525 538 2593 bominem
556 2539 675 2592 ventum
692 2538 755 2606 est,
779 2528 884 2591 bonum
908 2545 975 2592 esse
992 2547 1051 2591 nou
1069 2526 1161 2604 dixit;
1184 2545 1243 2588 ooo

93 2629 171 2714 quod
188 2628 293 2694 melum
312 2629 446 2714 quiddam
465 2629 552 2694 bomo
567 2630 624 2708 sit,
647 2651 721 2716 opus
740 2630 869 2695 omnium
889 2649 963 2714 quae
980 2630 1010 2692 io
1027 2639 1106 2694 terna
1127 2629 1244 2694 condite

93 2742 163 2795 suut
175 2730 263 2817 longe
279 2732 580 2817 praestantissimum,
603 2735 679 2818 quod
699 2743 730 2801 ut
747 2733 906 2818 imperaret
921 2731 1028 2796 ceteris
1045 2731 1244 2817 inexplicabili

93 2834 216 2918 quadam
241 2845 288 2898 est
309 2855 326 2898 a
348 2835 403 2900 deo
423 2835 565 2921 sepientis
583 2836 769 2920 productum,
794 2832 841 2898 coi
857 2835 981 2919 deniqne
997 2854 1095 2899 secam
1114 2835 1244 2902 omnium

92 2958 109 3000 e
131 2957 166 3002 sa
189 2947 352 3002 uncelenum
370 2938 547 3005 dominatum
563 2959 599 3002 ao
617 2938 807 3024 principatum
824 2938 941 3002 delesse
962 2947 1121 3017 statueret,
1145 2960 1246 3023 quem·

92 3040 248 3104 admodum
265 3039 336 3104 baec
353 3041 445 3106 verba
463 3042 629 3106 declarante
659 3045 807 3104 Facultates
826 3043 961 3104 donabam
976 3045 1016 3103 ad
1028 3046 1177 3123 iamneae
1194 3065 1245 3104 no-
1258 3057 1316 3102 uen.
1331 3059 1351 3112 a,
1365 3057 1397 3100 aa

90 3155 184 3206 strena
197 3155 226 3205 ct
240 3145 467 3219 nnlletedaiaemc
491 3155 520 3206 et
529 3149 660 3225 poseant
672 3146 798 3226 pe'snibus
812 3149 915 3218 morab,
939 3156 968 3206 et
982 3147 1142 3208 sobolibus
1159 3150 1241 3221 eoeb',

91 3257 123 3306 et
138 3247 289 3328 ceptdbbus
306 3257 414 3320 tecuae,
440 3258 468 3308 et
483 3251 627 3322 a'umenta's,
652 3259 683 3309 et
697 3249 808 3322 bmnib,
831 3259 862 3310 et
875 3249 1001 3310 omnebus
1021 3269 1094 3329 quae
1113 3253 1144 3310 ¹aie
1167 3261 1245 3314 uara

90 3359 179 3410 sent.-
204 3367 305 3413 venum
325 3348 460 3433 quoniam
478 3351 514 3414 ad
538 3349 583 3414 dei
605 3349 761 3436 imaginem
782 3360 900 3414 creatus
919 3361 981 3430 est,
1005 3359 1063 3414 tam
1086 3351 1246 3417 excellenti

93 3449 239 3534 dignitate
255 3461 411 3516 contentae
430 3471 533 3516 sacrae
551 3453 654 3518 literae
679 3455 812 3534 luerunt,
837 3453 915 3518 unlla
936 3463 967 3517 ut
982 3454 1154 3520 accessione
1172 3475 1245 3540 opus

91 3574 165 3618 esse
180 3553 341 3620 videretur.
386 3551 463 3620 Nam
482 3555 507 3620 si
522 3555 661 3620 bonitatis
676 3555 768 3641 ipsius
787 3566 852 3620 enat
867 3555 994 3640 imagine
1010 3557 1175 3642 praeditus,
1199 3557 1245 3620 dei

89 3656 233 3720 nimirum
254 3679 288 3720 ac
306 3657 432 3737 domini,
456 3657 503 3742 qui
520 3658 560 3722 ait
577 3658 704 3724 omnium
722 3679 821 3722 seeum
839 3657 947 3722 artilex
966 3679 1001 3722 ao
1018 3659 1130 3738 bonus,
1154 3680 1245 3743 aquo

88 3758 238 3824 bouitetis
259 3761 325 3825 loos
340 3759 453 3840 omnis,
475 3761 606 3846 adeoque
627 3761 735 3826 bonnm
757 3762 852 3848 ipsam
872 3761 902 3824 io
921 3761 1060 3826 universa
1081 3761 1243 3840 derivatus,

89 3861 167 3946 quid
182 3862 323 3929 attinebat
345 3863 400 3927 boe
422 3863 523 3929 audine
545 3864 759 3943 testinnonium,
789 3869 830 3928 Et
853 3887 917 3928 ecce
941 3867 1055 3940 been,
1087 3884 1153 3929 eum
1175 3863 1245 3928 boui

90 3963 191 4050 ipsius
210 3965 365 4050 imaginem
389 3965 420 4030 in
442 3987 509 4032 sese
528 3967 712 4032 contineret?
753 3964 865 4032 Postea
882 3977 978 4032 tamen
995 3966 1135 4031 absolutis
1153 3967 1247 4030 omoi-

87 4068 165 4148 bus,
189 4068 386 4154 universoque
403 4089 493 4154 opere
508 4071 651 4154 perlecto,
674 4069 759 4134 uelut
771 4070 943 4155 obsignans,
966 4071 1042 4134 idem
1059 4070 1094 4135 da
1112 4069 1245 4136 omnibus

89 4291 195 4342 redata
209 4305 252 4354 pcc
267 4305 367 4344 morena
383 4295 481 4356 resec
499 4307 528 4344 ce
543 4294 657 4344 oocobmo
688 4297 710 4343 et
728 4295 754 4376 top
771 4294 809 4344 ed.
825 4295 900 4357 nnnc.
934 4295 978 4344 Ed
994 4296 1074 4344 Pctou.
1097 4293 1165 4344 babet
1182 4287 1245 4360 ἀγα·

86 4355 174 4479 mii.
192 4423 277 4491 κυρίου
294 4432 357 4481 obest
372 4444 389 4480 e
403 4431 461 4481 libro
476 4431 573 4496 ltltedlp.
689 4359 808 4492 bnqpqu‘
825 4431 894 4482 codd.
910 4445 964 4484 mae
1000 4427 1040 4499 ἐφ’
1057 4432 1113 4482 editi
1128 4433 1189 4482 libri.

129 4493 173 4548 10.
191 4497 232 4546 stc
252 4499 364 4560 ecrtptuan
384 4501 410 4551 tc
431 4503 526 4563 unoque
542 4500 593 4552 ced.
611 4513 654 4552 ma.
