3128 4930
357 232 494 288 canaan
512 233 618 284 nnnn.
634 231 716 286 ron.
728 233 747 283 r.
765 231 864 282 nana.
875 231 941 284 nvn.
1170 217 1229 282 14⁵

87 353 211 440 paulatim
226 354 377 439 progressi
393 352 509 418 illorum
525 373 679 418 sermones
695 351 880 438 irrepserint,
904 349 1093 436 quaestiones
1107 349 1230 435 primum

87 479 115 520 ac
127 457 333 535 dubitationes,
352 456 458 522 deinde
473 456 597 520 exitium
613 455 742 519 afferunt
754 453 791 518 iis
807 455 855 538 qui
870 453 925 517 boc
940 453 1086 540 praesidio
1102 474 1136 518 ac
1152 453 1233 517 velut

87 561 205 623 antidoto
220 559 339 622 minime
359 570 428 624 sunt
446 559 594 622 instructi.
641 553 780 623 Ceterum
801 578 859 621 non
885 568 995 620 temere
1018 577 1052 620 se
1070 556 1176 620 animal
1199 555 1232 618 il·

87 661 125 724 lud
140 663 280 739 ostendit,
305 661 355 724 sed
376 672 463 726 nocte
480 672 646 746 grassatur,
670 672 700 725 et
715 661 793 724 illam
809 681 893 744 qnam
910 659 970 723 dixi
987 658 1145 743 perniciem
1164 679 1234 722 con·

86 764 186 844 sciscit,
211 774 299 848 atque
316 764 346 826 iu
359 763 498 851 Aegypto
516 764 717 850 potissimom=
741 763 836 847 utqui
852 772 985 826 naturam
1003 761 1067 826 eins
1082 761 1231 840 noverint,

86 887 135 930 uon
150 865 285 930 dubitent
302 865 377 930 baud
397 865 449 930 abs
467 887 512 946 re,
538 887 633 951 neque
654 887 708 952 per
721 865 894 930 calumniam
915 865 999 928 buius
1016 886 1032 928 a
1050 863 1135 928 nobis
1152 885 1234 927 men·

85 969 182 1034 tionem
201 989 269 1033 esse
288 969 406 1046 factam,
432 991 497 1034 cum
515 969 680 1034 istiusmodi
697 969 736 1033 sit
752 979 856 1033 natura
871 968 1046 1053 praeditum.
1085 963 1235 1051 Deinceps

85 1092 147 1136 uero
165 1073 202 1136 ad
223 1071 352 1156 reliquas
371 1072 555 1157 progredior,
580 1081 622 1152 ut,
648 1083 834 1160 posteaquam
852 1072 881 1136 id
899 1072 975 1156 quod
994 1069 1176 1156 suscepimus
1192 1067 1235 1132 di·

85 1175 143 1238 rina
164 1195 222 1261 ope
245 1174 475 1260 perfecerimus,
499 1175 593 1239 eidem
615 1174 739 1261 gratiam
762 1175 891 1239 vicissim
915 1174 1086 1240 habeamus.

267 1431 492 1512 conant
527 1431 1052 1526 BARDESIANIS'I'AS,

371 1554 521 1630 haeresia
546 1554 728 1649 xxxvl,
753 1553 825 1630 sire
849 1552 944 1630 Lvt.

161 1703 305 1771 Proxime
326 1707 362 1772 ab
384 1707 442 1771 illis
463 1705 658 1772 flardesianes
684 1707 800 1791 quidam
824 1705 1022 1769 numerandus
1046 1715 1108 1782 est,
1139 1725 1157 1766 a
1179 1721 1236 1788 quo
1256 1707 1315 1778 cip
1335 1709 1355 1760 f·

85 1805 368 1874 bardesiauistarum
383 1810 514 1874 haeresis
529 1810 641 1874 initium
656 1811 781 1896 accepit.
806 1807 863 1873 llic
878 1804 1123 1891 eMesopotamia
1138 1806 1238 1869 orinn'·

84 1911 149 1990 dus,
179 1933 221 1976 ex
242 1912 314 1976 urbe
334 1910 465 1990 Edessa,
495 1912 638 1997 principio
664 1913 751 1998 longe
773 1912 898 1998 optimus
919 1911 966 1975 vir
991 1912 1062 1988 fnit,
1091 1931 1125 1974 oc
1144 1908 1238 1973 libros

84 2015 307 2100 quamplurimos
325 2015 516 2100 conscripsit,
540 2036 605 2078 cum
622 2014 715 2079 adbuc
736 2037 808 2079 sana
826 2025 913 2101 atque
933 2014 1047 2098 integra
1072 2022 1170 2076 mente
1192 2031 1239 2074 es·

84 2128 138 2180 set.
181 2113 297 2202 Quippe
324 2115 355 2180 in
382 2118 509 2181 ecelesia
536 2117 678 2182 catholica
707 2118 898 2200 versabatur,
931 2117 1083 2201 utriusque
1107 2115 1238 2203 liuguae,

85 2215 216 2282 Graecae
239 2219 396 2298 uidelicet,
428 2241 463 2284 oc
481 2217 623 2305 Syriacae
651 2221 772 2306 peritos.
818 2216 951 2304 Cumque
970 2220 1091 2303 Abgaro
1110 2215 1239 2280 Edesse-

84 2341 183 2384 norum
200 2321 303 2406 regulo
321 2319 386 2385 uiro
402 2321 589 2386 secretissimo
608 2323 803 2386 familiaritate
819 2321 993 2386 coniunctus
1006 2329 1098 2398 esset,
1123 2338 1159 2384 ac
1173 2339 1239 2381 cum

84 2442 119 2484 eo
134 2425 320 2487 concorditer
344 2445 376 2488 se
397 2423 427 2488 in
448 2425 583 2488 omnibus
601 2437 738 2510 gereret,
763 2436 794 2488 et
813 2426 944 2489 eiusdem
967 2421 1136 2507 disciplinae
1159 2431 1241 2485 esset

84 2527 240 2611 particeps,
265 2538 332 2610 post
349 2527 413 2591 eius
431 2527 540 2591 obitum
555 2529 591 2592 ad
610 2527 734 2591 Antonii
751 2523 892 2594 Caesaris
914 2547 1005 2611 usque
1024 2538 1156 2610 tempora
1173 2543 1239 2608 per·

85 2627 250 2708 sereravit,
276 2649 334 2692 non
356 2627 420 2708 Pii,
445 2631 497 2694 sed
517 2627 601 2693 Veri.
648 2628 726 2695 ldern
749 2631 892 2694 adversus
909 2629 1034 2692 Abidam
1059 2627 1241 2712 astrologum

86 2733 291 2795 contrafactum
311 2733 442 2817 pluribus
461 2731 631 2818 disputavit.
676 2729 744 2797 Nec
765 2733 822 2796 aliu
841 2754 931 2817 pauca
950 2731 1028 2795 illius
1051 2739 1241 2795 nnouumeote

86 2833 218 2897 fmuntnr
244 2843 346 2898 rectae
372 2833 437 2898 bidei
463 2846 674 2899 consentanea.
721 2831 889 2918 Quinetiam
914 2835 1073 2920 Apollonio
1094 2830 1241 2897 Antonini

86 2935 240 3016 familiari,
264 2947 297 2999 ut
318 2957 351 3002 se
368 2931 569 3001 Christianum
594 2947 734 3022 negaret,
762 2937 897 3029 suadenti
920 2937 1111 3022 acquiescere
1134 2934 1239 3015 noluit,

87 3059 119 3101 ac
135 3037 343 3125 propemodum
364 3039 443 3103 inter
463 3039 528 3103 bdei
546 3041 734 3105 confessores
752 3042 862 3106 relatus
879 3052 936 3105 est.
982 3037 1100 3104 Etenim
1124 3038 1242 3125 pietatis

87 3141 247 3224 patrocinio
264 3143 424 3207 fortissime
440 3153 579 3228 suscepto
599 3143 749 3229 sapienter
766 3141 899 3228 inprimis
915 3143 1082 3228 respondit,
1107 3142 1241 3226 negavit·

86 3265 139 3326 que
160 3255 285 3308 mortem
306 3265 340 3309 se
366 3245 487 3324 timere,
512 3246 613 3326 ouius,
638 3245 692 3309 etsi
716 3245 885 3332 imperatori
907 3267 964 3310 nco
988 3246 1160 3327 resisteret,
1185 3245 1241 3310 sibi

87 3345 273 3412 nibilominus
291 3349 455 3412 necessitas
474 3348 651 3412 immineret.
697 3346 741 3412 lta
761 3349 873 3413 vieille
889 3347 1134 3434 praeclarissimis
1154 3371 1242 3412 orua-

86 3451 190 3514 mentis
204 3449 355 3534 praeditus
371 3450 512 3514 fractecos
528 3452 593 3532 fuit,
613 3452 708 3515 donec
722 3450 831 3515 infelici
848 3453 908 3516 fato
921 3472 1005 3515 suum
1021 3449 1100 3515 illum
1115 3451 1144 3514 in
1158 3471 1241 3514 erro·

86 3569 145 3614 rem
165 3551 287 3632 inciditq
316 3553 451 3650 similiter
468 3565 554 3638 atque
573 3553 693 3640 egregia
708 3555 804 3634 uaris,
824 3575 897 3638 quoe
912 3553 1033 3618 infinitis
1045 3565 1150 3620 onusta
1165 3572 1242 3615 mer·

87 3653 166 3718 cibus
183 3655 221 3718 ad
238 3667 354 3740 portum
371 3656 447 3720 illiso
471 3678 529 3720 non
547 3657 634 3721 modo
653 3658 793 3722 iacturum
813 3677 912 3721 rernm
931 3657 1059 3722 omnium
1080 3653 1164 3734 facit,
1189 3653 1241 3718 sed

87 3766 117 3818 et
135 3756 308 3822 vectoribus
330 3757 453 3823 exitium
476 3759 583 3823 adfert.

84 3981 155 4030 verbo
177 3995 225 4032 non
246 3983 318 4030 semel
337 3983 363 4032 fn
385 3985 481 4033 onustis
504 3985 647 4034 membranis
679 3983 709 4046 ef.
727 3985 809 4034 Enseu.
827 3986 913 4046 Proto.
932 3985 1024 4044 scona.
1045 3981 1089 4042 ff,
1105 3975 1130 4032 8.

85 4049 182 4110 confuso
194 4050 344 4112 deprehendi.
367 4053 488 4112 Petoolns,
506 4052 646 4101 Curnonium
713 4051 738 4101 5.
758 4047 922 4116 συντάγματα
938 4052 989 4100 cod.
1008 4049 1063 4099 fen.

84 4122 176 4166 amnuo
190 4122 232 4180 qut
249 4119 318 4168 stertit
341 4118 393 4180 „Et
414 4117 491 4168 multa
506 4117 531 4168 io
549 4117 647 4168 abidan
713 4117 738 4169 6.
757 4111 903 4171 ’Δντωνίνου
926 4119 977 4170 cod
998 4119 1051 4168 fen.
1087 4117 1162 4182 l'ttlpo
1185 4112 1240 4174 'bt-

84 4193 231 4234 astrooomu
288 4195 374 4234 eontra
400 4185 481 4235 fatum
506 4185 648 4236 disserens“
680 4183 777 4239 rutuleu.

83 4257 150 4313 met,
168 4255 222 4304 tute
301 4255 390 4304 madert
404 4256 448 4304 stet
463 4255 527 4304 nino
540 4259 573 4305 est
589 4255 647 4306 seri·
715 4253 739 4307 7.
757 4257 793 4306 fta
808 4255 859 4305 eod.
877 4254 951 4304 fruet
988 4255 1063 4318 Vntpo
1078 4247 1189 4324 durq'psu
1207 4281 1240 4294 -

84 4321 160 4370 Medo
176 4317 255 4374 molid
269 4317 334 4387 πρός
346 4315 600 4390 'afsatida-idque.
614 4348 647 4361 -
680 4323 715 4374 De
729 4325 850 4386 Apollonio
865 4324 907 4374 boc
923 4323 953 4386 ef.
971 4323 1073 4374 conae.
1087 4325 1122 4374 od
1137 4325 1181 4377 ful.
1193 4325 1241 4374 Go-

86 4388 195 4438 Getenrm
206 4391 388 4441 deberdtsents
401 4395 481 4441 contro
494 4392 571 4454 sotum
589 4392 648 4442 fibro
679 4393 771 4456 pitetfn.
786 4407 812 4456 p.
826 4391 868 4444 53.

143 4469 457 4528 maenomenon
999 4483 1038 4546 10
