3168 4926
319 233 360 298 58
700 198 709 213 ’
745 245 868 298 umen
884 245 1056 300 εειειιιιιιι

319 368 361 450 τῶ
382 359 457 452 ύγίφ
477 363 584 450 Πέτρφ
605 359 764 452 ἐνῬῶμη,
794 364 979 448 ἐπιτρίπιται
998 359 1033 430 τύ
1051 359 1218 449 ιύογγέλιον
1235 364 1399 444 ἐεθίσθαι,
1428 367 1482 432 καλ

183 539 189 564 ⁸
319 459 440 552 γρύψας
460 461 664 531 ύποστέλλιται
684 463 744 532 ύπύ
768 472 823 532 τοῦ
841 462 932 551 ῶγίου
950 466 1071 551 Πέτρου
1092 468 1135 542 είς
1154 464 1210 548 τῆν
1229 474 1291 532 τῶν
1307 469 1482 553 Αἰγυπτίαν

318 565 426 652 ηοίραν.
474 559 570 644 Ούτος
587 569 619 633 δέ
638 565 681 644 είς
696 566 851 653 ἐτύγχανεν
866 570 899 634 ἐκ
914 573 974 633 τῶν
990 566 1250 652 ἑβδομηκονταδύο
1266 574 1326 634 τῶν
1340 573 1482 656 διασκορ·

319 672 490 736 πισθὲντων
509 671 560 736 ἐπλ
580 677 622 760 τῷ
642 669 768 756 ρῆματι,
801 662 922 758 ηλείπεν
938 666 957 736 α’
969 667 1089 756 κύριος,
1118 667 1188 738 ’adv
1202 672 1245 754 μῆ
1260 675 1305 746 τίς
1320 695 1380 754 μου
1396 670 1482 762 φύγη

318 771 374 855 τῆν
388 771 486 858 σῶρκα
501 773 552 838 καλ
568 777 621 862 πίη
639 770 672 838 τύ
689 769 777 855 αίμα,
800 769 856 838 ούκ
872 775 934 838 ἐστι
949 796 1007 855 μου
1024 770 1121 852 ἄξιος,
1144 769 1187 850 ῶς
1200 781 1264 849 τοῖς
1278 770 1314 839 τύ
1327 771 1482 860 εύαγγέλια

319 871 480 962 ύναγυούσι
497 873 597 958 σοφῆς
610 872 633 958 ῆ
647 874 838 960 παράστασις.
871 874 977 957 Ὅμως
992 875 1042 942 διύ
1060 877 1179 962 Πίερον
1195 873 1378 958 ύνακύμψας
1393 875 1481 963 εύαγ-

318 983 480 1064 γιλίζεσθαι
499 981 704 1056 καταξιοῦται,
733 976 879 1060 πνεύματι
902 973 976 1066 ύγίρι
995 980 1251 1064 ἐμπεφορημένος.
1285 977 1426 1062 ’Ἀργεται
1447 981 1481 1046 δέ

318 1079 471 1166 κηρύττειν
487 1079 562 1146 ὅθεν
575 1079 609 1146 τύ
624 1087 741 1164 πνεῦμα
756 1077 836 1168 αύτῷ
849 1079 1092 1166 παρεκελεύσατο,
1114 1079 1169 1164 τῆν
1186 1078 1279 1166 ύργῆν
1293 1079 1406 1148 τύτεωυ
1418 1079 1481 1148 αλπύ

319 1182 583 1250 πεντεκαιδεκάτου
597 1185 683 1259 ἐτους
700 1187 837 1269 Τιβερίου
853 1187 1013 1266 Καίσαρος,
1036 1181 1108 1266 μετύ
1121 1185 1172 1266 ἐτη
1184 1181 1343 1267 τριάκοντα
1357 1191 1413 1266 τῆς
1425 1191 1482 1250 τοῦ

319 1291 488 1354 Ματθαίου
510 1289 717 1372 πραγματείας.
762 1285 912 1371 Δευτέρον
934 1285 967 1350 δὲ
992 1286 1152 1371 γευομένου
1177 1283 1398 1372 ιύαγγελιστοῦ,
1429 1287 1483 1352 καλ

318 1387 358 1472 μῆ
383 1391 453 1473 περὶ
476 1393 530 1472 τῆς
552 1387 673 1454 ύνωθεν
695 1395 870 1474 καταγωγῆς
892 1394 969 1454 θεοῦ
992 1387 1083 1472 λύγον
1106 1395 1260 1474 τηλαυγῶς
1283 1385 1482 1471 σημαίνοντος,

320 1489 394 1556 ύλλιὶ
408 1489 507 1579 πύντη
522 1491 575 1573 μέν
591 1493 793 1574 ἐμφαντικῶς,
816 1487 855 1556 ού
866 1488 926 1574 μῆν
940 1487 1016 1556 κατὰ
1032 1487 1242 1576 ύιιριβολογίαυ
1256 1489 1415 1574 τοσαύτην,
1436 1493 1483 1577 γέ-

319 1619 387 1680 γονε
409 1601 472 1669 τοῖς
496 1595 721 1678 προειρημένοις
743 1595 786 1669 είς
807 1591 945 1676 δεύτερον
973 1590 1159 1670 ι’ἐσκύτωσις
1180 1600 1240 1660 τῶν
1259 1591 1483 1676 διανοημάτων,

318 1703 373 1762 τοῦ
390 1693 431 1778 μῆ
445 1699 670 1779 καταξιωθῆναι
684 1694 762 1782 πρδς
777 1693 931 1778 φωτισμῶν
946 1702 1001 1761 τοῦ
1018 1691 1204 1781 εύαγγιλίου,
1224 1694 1369 1782 λεγόντων
1384 1694 1484 1764 αύτῶν

319 1797 379 1880 ὅτι,
398 1796 491 1877 Ἰδού,
514 1797 651 1884 δεύτερον
668 1795 836 1884 εύαγγίλιον
853 1799 922 1882 περλ
941 1803 1074 1882 Χριστοῦ
1092 1807 1255 1880 σημαῖνον,
1276 1801 1328 1865 καλ
1346 1797 1485 1882 ούδαμοῦ

318 1898 439 1966 ῶνωθεν
458 1901 551 1986 λέγων
570 1898 625 1982 τῆν
638 1902 790 1987 γέννησιν·
821 1897 908 1978 ύλλῶ,
938 1901 1048 1982 φησίν,
1077 1897 1128 1966 Ἐν
1143 1907 1185 1990 τῷ
1200 1898 1336 1990 Ἰσρδύνη
1351 1909 1485 1985 κατῆλθε

319 2001 352 2068 τύ
368 2009 486 2084 πνεῦμα
504 2000 549 2068 ἐπ’
565 2000 657 2069 αύτύν
673 2004 724 2070 καλ
740 2001 844 2086 φωνῆ,
876 1994 973 2078 Ούτύς
989 2003 1067 2068 ἐστιν
1082 1999 1102 2068 o‘
1117 2000 1184 2080 υίδς
1199 2000 1218 2068 α’
1233 2001 1403 2090 οίγαπητύς,
1433 2002 1484 2086 ἐφ’

320 2103 355 2172 ῶν
375 2102 539 2188 ηύδύκησα.

192 2220 259 2289 Κεφ.
274 2217 303 2284 ς’.
389 2205 510 2290 Ἐπειδὴ
522 2207 555 2272 δέ
566 2213 658 2272 ταῦτα
671 2207 767 2284 ούτιις
781 2209 813 2272 ἐν
825 2213 888 2280 τοῖς
898 2203 1046 2283 τοιούτοις
1059 2203 1193 2290 ύνοῆτως
1206 2209 1339 2289 ἐτελεῖτο,
1355 2206 1484 2296 ύναγιιᾶ-

318 2317 358 2391 tn
372 2309 406 2378 τύ
424 2309 510 2396 ἅγιον
527 2317 645 2394 πνεῦμα
660 2311 711 2375 καλ
728 2308 872 2376 ἐπινύττει
888 2306 941 2375 τδυ
957 2309 1043 2394 ῶγιαν
1059 2317 1203 2390 Λουκῶν,
1226 2307 1269 2387 ῶς
1285 2308 1346 2378 ύπδ
1362 2310 1485 2396 βύθους

318 2412 489 2483 κατωτύτον
516 2411 632 2497 ικακῆυ
652 2411 707 2496 τῆν
728 2410 862 2480 διύνοιαν
883 2416 942 2478 τῶν
958 2408 1157 2495 ἠπατημένων
1174 2410 1344 2499 ύνενέγκαι,
1372 2417 1425 2480 καλ
1446 2413 1484 2482 τῶ

317 2513 378 2582 ύπδ
394 2523 452 2582 τῶν
465 2515 561 2582 ἄλλων
575 2517 810 2596 καταλειφθέντα
824 2506 917 2592 αὖθις
931 2515 1159 2598 ἐπιβάλλεσθαι,
1180 2517 1231 2582 ’ίνα
1245 2514 1288 2598 μῆ
1303 2541 1347 2592 τις
1359 2522 1421 2582 τῶν
1430 2541 1484 2584 πε-

318 2621 512 2702 πλανημένων
526 2616 666 2704 ἡγήσεται
682 2621 834 2700 μυθωδῶς
846 2614 939 2684 αύτύν
953 2613 1102 2700 ἐκφράσαι
1112 2615 1167 2700 τῆν
1179 2619 1322 2702 γέννησιν.
1355 2615 1483 2684 Ἔπειτα

319 2719 459 2807 ἀνωφερῆ
482 2720 534 2786 τύν
553 2719 644 2805 λόγον
665 2719 831 2806 ἐργύζιται,
861 2719 911 2785 διιλ
935 2720 968 2784 δλ
984 2716 1039 2812 τῆν
1054 2716 1209 2803 ύκρίβειαν
1224 2727 1409 2806 λεπτομερεῖς
1426 2717 1485 2803 τῆν

318 2831 417 2890 πᾶσαν
432 2827 634 2909 πραγματείαν
649 2825 782 2902 διίξιισι,
812 2824 864 2888 καλ
880 2825 922 2898 τίς
934 2821 1118 2908 παράστασιν
1131 2819 1276 2904 ἀληθείας
1291 2822 1483 2909 ἐμμύρτυρας

269 2953 275 2960 ·
318 2923 389 3002 τούς
401 2923 551 3012 ύπηρέτας
565 2932 619 2991 τού
633 2923 723 3009 λύγου
738 2926 915 3010 γενομένους
930 2923 1115 3010 παρειςύγει,
1137 2921 1280 3006 φύσκαι,
1301 2919 1482 3011 Ἑκτιδῆπερ

319 3030 421 3094 πολλοὶ
435 3029 636 3112 ἐπεχείρησαν·
658 3030 709 3093 ἵνα
722 3025 804 3104 τινῶς
818 3027 871 3110 μλυ
884 3025 1070 3112 ἐπιγειρητύς
1083 3030 1174 3116 δείξη,
1183 3028 1271 3110 ,φημί
1284 3027 1317 3092 δὲ
1329 3025 1400 3103 τούς
1411 3031 1484 3113 κερλ

321 3129 479 3217 Κήρινθον
499 3132 551 3196 καλ
569 3129 751 3216 Μῆρινθον,
781 3131 834 3195 καλ
854 3127 926 3206 τούς
940 3127 1053 3206 ἄλλους.
1097 3125 1174 3194 Ελτα
1195 3133 1223 3196 τί
1242 3149 1349 3211 φησινς
1372 3125 1482 3208 Ἔδοξε

197 3273 249 3318 μη,
262 3261 310 3306 ιιι,
322 3231 412 3315 κῶμοί
426 3237 556 3316 καθεξῆς
571 3231 856 3318 παρηκολουθηκότι
868 3230 989 3300 ῶυωθεν
1002 3240 1065 3308 τοῖς
1079 3229 1242 3308 αύτύπταις
1255 3233 1308 3298 καί
1320 3229 1484 3318 ύπηρέτσις

319 3343 375 3402 τοῦ
391 3335 481 3421 λόγου
498 3337 669 3420 γενομέναις
683 3333 799 3422 γρύψαι
816 3353 880 3414 σοι,
909 3333 1044 3420 κράτιστε
1064 3332 1189 3416 Θεόφιλε
1205 3337 1314 3412 (είτονν
1331 3336 1388 3400 τινλ
1408 3339 1482 3402 Oto·

320 3442 397 3527 φίλην
419 3434 484 3504 τότε
506 3435 632 3524 γράφων
648 3445 736 3504 τοῦτο
753 3439 865 3523 ίλεγευ,
893 3435 914 3520 ῆ
931 3439 1021 3504 παντί
1038 3434 1193 3526 ῶνθρῶπφ
1210 3434 1285 3503 θεύν
1301 3433 1482 3522 ύγαντῶκτι),

320 3543 389 3628 περὶ
406 3532 466 3619 ῶν,
496 3542 589 3623 φησί,
610 3537 785 3623 κατηχήθης
799 3541 907 3626 λα’γων·
939 3535 993 3622 τῆν
1010 3537 1239 3621 ύσφύλιιαν-ιιαλ
1255 3535 1309 3622 τῆν
1325 3539 1378 3622 μὲν
1393 3538 1481 3622 κατῆ-

319 3665 405 3728 γησιν
422 3643 659 3728 προτεταγμένην
678 3645 823 3725 ἐφασκεν,
853 3639 894 3719 ῶς
910 3640 969 3724 ῆδη
985 3638 1046 3708 ύπδ
1064 3639 1160 3708 ἄλλων
1178 3643 1232 3726 μλν
1247 3649 1481 3725 κεκατηγῆσθαι,

320 3744 377 3811 ούκ
394 3745 536 3827 ἀσφαλῶς
552 3746 585 3810 δέ
599 3743 670 3831 παρ’
686 3743 785 3810 αύτῶν
798 3746 1009 3828 μεμαθηκέναι.
1043 3742 1121 3810 Εἶτα
1133 3743 1187 3828 τῆν
1202 3740 1357 3830 ιέκρίβιιιίν
1372 3767 1482 3828 φησιν.

320 3845 449 3933 Ἐγένετο
471 3851 504 3916 ἐν
525 3844 649 3932 ῆμέραις
668 3843 803 3932 Ἡρῶδου
827 3853 881 3913 ταῶ
904 3849 1059 3929 βασιλέως,
1091 3850 1122 3926 ἐξ
1143 3850 1305 3930 ἐφημερίας
1319 3843 1405 3929 'AM
1427 3854 1484 3914 τοῦ

323 3947 489 4036 ύρηιερέως,
511 3948 608 4037 ἱερεύς
622 3975 668 4026 τις
683 3947 807 4031 ὀνόματι
821 3955 980 4037 Ζαχαρίας,
1002 3952 1052 4015 καλ
1065 3949 1142 4038 γανῆ
1158 3948 1249 4016 αύτοῢ
1263 3951 1297 4027 ἐκ
1310 3955 1372 4014 τῶν
1384 3958 1481 4036 θυγα-

321 4053 415 4137 τέρων
430 4049 562 4138 Ἀαρῶν,
592 4045 613 4143 ῆ
629 4049 724 4136 ὄνομα
738 4049 894 4136 Ἐλισύβετ.
941 4055 1003 4119 Καὶ
1022 4049 1138 4140 ύρχεται
1158 4050 1217 4139 πρύ
1236 4057 1290 4118 τοῦ
1305 4055 1483 4119 Ματθαίαυ.

321 4150 355 4218 ‘O
377 4154 429 4237 μὲν
448 4154 504 4240 γδρ
520 4163 685 4232 Ματθαῖος
706 4153 833 4238 ἐσῆμαυι
850 4161 1058 4241 τριακονταετῆ
1076 4154 1183 4240 χρόνον
1205 4152 1255 4220 ἄπ’
1273 4151 1379 4239 α’ρχῆς,
1410 4151 1429 4220 δ
1451 4155 1484 4221 δὲ

323 4254 456 4343 Μύρκος
468 4255 505 4320 τύ
521 4256 592 4338 μετὰ
608 4257 767 4346 τριάκοντα
782 4261 896 4324 ἐταττεν
912 4259 979 4340 ἐτη,
1001 4254 1057 4340 τῆν
1071 4259 1102 4324 ἐν
1116 4263 1159 4346 τῷ
1171 4253 1306 4347 ’ίορδύνη
1322 4257 1485 4342 γενομένην

311 4418 316 4428 ’
360 4409 398 4464 14.
423 4415 460 4465 ίίσ
484 4416 583 4466 emt.
616 4417 683 4468 λίθοι·
705 4430 784 4468 om
804 4417 887 4467 λαλειιί
955 4415 1078 4468 cmvii.
1092 4441 1124 4453 -
1142 4414 1164 4465 ί.
1177 4407 1367 4479 κακῆιτεουιυί
1379 4430 1426 4477 οτι
1438 4433 1486 4468 κα-

310 4473 460 4536 ’σκδτιισικ
486 4562 490 4572 ι
918 4480 962 4550 τὰ,
978 4483 1043 4548 ηεαδ
1056 4485 1112 4534 δοκι
1124 4487 1225 4546 ίαιαλια,
1242 4483 1347 4548 ςνοδςιιι
1361 4485 1488 4549 mm,
