3176 4930
290 215 306 248 l
359 277 493 328 usuuuu
512 275 621 328 mnu.
639 277 722 329 rom.
737 277 756 326 t.
774 277 874 328 utun.
890 278 984 330 uxtv.
1189 265 1250 330 tta

100 395 231 481 quamdiu
250 395 280 458 in
297 395 352 458 hoo
368 417 493 482 eorpure
509 417 622 475 sumus,
646 397 687 460 ita
705 417 860 482 peccamus
875 407 906 460 ut
920 395 997 461 adid
1016 417 1085 460 earo
1101 397 1164 481 ipsa
1182 417 1252 458 eon·

99 499 224 562 sentiat?
265 495 445 579 peccamus,
469 499 575 583 inquit.
620 498 731 583 Atqui
755 499 933 563 constrictus
955 511 1017 580 est,
1046 519 1169 585 peecare
1193 519 1251 562 nou

99 612 202 687 potest.
249 598 289 662 Et
307 600 373 666 huie
388 601 500 685 pariter
518 620 660 666 assensus
677 613 734 664 est.
779 601 909 686 Angitur
931 601 1010 666 enim
1027 623 1061 666 ao
1085 613 1249 669 coercetur.

99 702 207 780 Reate,
232 703 337 786 inquit.
381 701 458 766 Nam
482 703 518 768 ab
537 703 660 769 uiuoulis
682 703 840 768 inhibetur.
886 702 957 767 Non
980 705 1096 767 dubium
1117 714 1180 781 εει,
1205 723 1252 766 re·

99 805 223 890 spondit.
255 803 368 868 Verum
384 827 491 890 eorpus
505 807 540 869 ad
553 808 730 891 peccandum
746 807 947 870 administrum
964 807 1029 870 est?
1058 803 1124 884 Est,
1145 805 1250 890 iuquit.

100 905 254 970 Vinculum
272 917 370 972 autem
387 910 526 972 oueroetl
557 909 681 972 Annuit.
728 905 868 993 Sequitur
885 909 1007 993 proinde
1023 929 1119 992 neque
1137 927 1175 970 ex
1190 922 1250 984 tua,

98 1009 292 1094 Aglaophon,
316 1029 411 1094 neque
429 1031 469 1074 ex
486 1011 609 1074 alterius
631 1012 779 1076 sententia
802 1011 948 1075 viuoulum
967 1031 1034 1076 esse
1052 1027 1176 1094 eorpus,
1201 1009 1252 1072 sed

97 1114 129 1174 ad
146 1111 309 1190 utrumvis,
333 1121 390 1176 tam
408 1112 514 1177 honum
532 1113 646 1178 scilieet
660 1135 746 1199 quam
763 1113 888 1195 malum,
914 1113 1048 1199 eorporis
1064 1112 1179 1177 adiutor
1194 1121 1251 1176 εει.

98 1213 264 1278 Concussit.
1298 1261 1357 1327 Cap.

177 1313 264 1380 Haeo
282 1337 346 1380 eum
366 1317 406 1381 ita
423 1317 500 1398 siut,
526 1329 606 1382 tuum
622 1329 680 1396 est,
703 1317 896 1404 Aglaophon,
920 1339 1046 1403 purgare
1069 1339 1144 1402 quae
1167 1327 1253 1382 autea
1278 1329 1378 1380 xtttV.

97 1419 231 1504 posuisti.
278 1419 389 1484 Aiehas
405 1420 487 1484 enim
499 1441 607 1506 eorpus
627 1421 742 1484 animae
758 1421 924 1500 vinculum,
949 1439 1098 1484 earoerem
1119 1443 1152 1483 ao
1175 1442 1254 1482 onm-
1276 1396 1383 1465 (ml

96 1523 183 1606 pedes
201 1541 283 1585 esse.
316 1521 403 1608 Quae
419 1545 485 1587 oum
500 1524 536 1587 iis
553 1543 627 1607 quae
643 1524 730 1586 modu
745 1524 845 1587 dixisti
863 1543 1044 1608 nequaquam
1061 1523 1252 1586 conveniunt.

98 1621 154 1705 Qui
173 1625 254 1688 euim
273 1625 432 1690 eonveuire
450 1637 592 1710 possunt,
616 1625 642 1688 si
660 1626 774 1710 quidem
797 1645 919 1688 neeesse
942 1637 988 1688 est
1008 1645 1124 1688 earnem
1145 1624 1255 1690 vinanli

94 1727 188 1790 instar
203 1726 318 1806 haberi,
343 1729 469 1792 animam
485 1749 559 1792 vero
575 1729 707 1792 adiutore
723 1729 759 1792 ad
774 1728 870 1792 scelus
887 1728 928 1790 uti
941 1727 1079 1791 viuculo?
1100 1728 1177 1811 quod
1193 1727 1255 1812 qui-

95 1829 157 1892 dem
182 1829 248 1892 heri
270 1830 348 1893 nullo
373 1820 463 1915 parto¹
480 1841 589 1915 potest.
634 1829 713 1894 Nam
741 1851 806 1894 oum
831 1841 949 1914 propter
977 1829 1113 1892 doliolum
1140 1849 1254 1914 poenae

94 1931 275 1995 constitutae
294 1933 370 2013 siut,
394 1945 427 1996 ut
445 1933 549 1998 allecta
572 1933 675 1996 dolore
693 1933 788 1996 anima
807 1933 844 1996 ad
861 1931 1013 1996 nolendum
1037 1933 1121 1995 deum
1140 1932 1255 1995 erudia-

95 2045 158 2112 tur,
184 2034 291 2097 herine
307 2045 404 2120 potest
421 2046 453 2097 ιιι
474 2037 508 2098 ad
525 2036 761 2099 committendum
781 2035 893 2099 laoiuus
909 2055 1016 2122 eorpus
1031 2034 1071 2098 illi
1087 2034 1256 2098 adiumento

91 2136 265 2221 auxilioque
282 2157 348 2200 esse
366 2138 480 2223 possit?
525 2135 650 2202 Vincula
669 2139 790 2222 quippe,
816 2137 983 2218 custodiae,
1008 2137 1164 2222 uompedes
1182 2146 1212 2200 et
1229 2137 1257 2200 id

91 2259 189 2320 genus
209 2239 308 2303 omnia
328 2261 487 2325 poenarum
507 2239 719 2320 instrumenta,
750 2261 826 2324 quae
849 2242 885 2304 ad
907 2242 1103 2304 emendandos
1123 2239 1258 2304 hominen

92 2343 264 2423 pertinent,
289 2351 475 2427 pennatorum
498 2342 696 2406 aosoelarum
715 2343 798 2406 iniis
817 2342 865 2427 qni
888 2343 1045 2428 puniuntur
1069 2362 1258 2426 compescen·

92 2445 200 2506 dorum
218 2444 249 2507 ui
266 2445 397 2528 praedita
411 2455 490 2509 sunt.
535 2443 614 2508 Nam
630 2466 689 2508 nou
705 2443 734 2507 id
753 2465 806 2523 eo,
833 2455 864 2509 ut
881 2446 1043 2508 sceleratus
1060 2443 1174 2508 maiora
1191 2463 1256 2506 see·
1292 2493 1294 2496 .

91 2545 154 2608 lera
174 2547 359 2625 couniunt,
384 2547 465 2610 uelut
487 2547 662 2632 praesidium
682 2547 826 2631 quoddam
845 2547 991 2610 vinculum
1009 2547 1179 2625 adhibetur,
1204 2545 1256 2608 sed

92 2657 123 2708 ut
143 2669 183 2712 eo
203 2649 292 2712 modo
314 2649 461 2712 eruciatus
478 2670 495 2712 a
513 2651 714 2736 perpetrandis
732 2650 909 2713 facinoribus
928 2651 1061 2714 desistat.
1106 2649 1204 2732 Atque
1223 2667 1257 2710 aa

89 2771 203 2814 caussa
229 2763 278 2814 εει
300 2772 353 2814 ειιι·
374 2751 531 2815 facinerosi
553 2753 686 2816 homines
708 2751 832 2816 vineolis
849 2773 865 2814 a
885 2753 980 2816 iudice
1005 2752 1256 2833 coustringuntur,

87 2865 256 2939 propterea
285 2855 360 2937 quod
391 2853 427 2918 ab
456 2854 493 2918 iis
514 2853 562 2918 vel
585 2853 670 2918 inuiti
697 2855 765 2918 muli
790 2853 897 2938 aliquid
928 2856 1025 2919 latuere
1052 2854 1253 2940 prohibentur.

88 2954 239 3038 Quinimo
254 2955 425 3036 liberorum,
448 2977 483 3020 ao
498 2955 543 3018 sui
556 2955 630 3019 iuris
645 2957 805 3035 hominum,
829 2978 951 3040 quorum
969 2978 1055 3020 atomo
1068 2957 1157 3020 vitam
1175 2972 1256 3022 suam

86 3060 257 3137 ohservat,
282 3071 405 3143 peceare
425 3059 572 3144 proprium
591 3072 653 3138 est,
678 3081 736 3123 uon
760 3059 937 3123 vinetorum.
984 3058 1079 3122 Homo
1103 3079 1176 3121 veru
1200 3059 1259 3143 pri·

85 3185 167 3225 mum
192 3161 314 3246 quidem
332 3159 516 3244 parricidium
537 3161 672 3240 admisit,
696 3163 787 3226 veluti
805 3159 929 3226 Caiuus.
976 3160 1055 3225 'l'um
1077 3163 1113 3224 ad
1135 3161 1260 3224 iulideli·

84 3275 181 3328 tatem
215 3263 362 3341 adolevit,
387 3264 544 3327 simulacra
564 3275 724 3328 veneratus
749 3275 811 3345 eat,
836 3286 853 3328 a
875 3266 931 3328 deo
955 3263 1090 3328 descivit.
1137 3261 1259 3326 Fierine

84 3366 181 3451 igitur
199 3375 303 3452 potest
321 3376 352 3428 ut
366 3366 392 3429 ei
409 3387 515 3451 eorpus
529 3378 665 3452 tanquam
682 3367 830 3431 vineulum
844 3368 884 3430 sit
896 3367 1088 3454 attributum?
1110 3365 1172 3429 Aut
1188 3386 1259 3449 quo·

82 3472 176 3535 modo
196 3471 289 3547 deus,
314 3489 380 3532 oum
396 3489 428 3531 se
445 3468 532 3532 humo
548 3471 676 3554 peccatis
692 3481 760 3534 ante
777 3491 883 3556 eorpus
900 3469 1121 3546 obstrinxisset,
1145 3470 1180 3532 ad
1199 3489 1259 3529 ma-

82 3574 148 3636 iora
170 3572 315 3650 seelera,
340 3570 421 3638 velut
439 3571 614 3655 praesidium
639 3573 801 3657 quoddam,
826 3574 852 3634 ei
875 3592 982 3658 eorpus
1002 3571 1132 3635 affinxit?
1176 3567 1259 3652 Quo·

81 3679 174 3740 modu
198 3673 332 3757 denique
351 3683 418 3758 post
437 3671 505 3736 illud
531 3672 701 3738 lubricatum
719 3674 865 3740 vinculum
890 3673 929 3738 ita
954 3674 1066 3738 locutus
1088 3683 1151 3735 esta
1184 3676 1411 3740 Ereeueuetuns.

81 3801 187 3842 eorum
208 3789 243 3839 te
257 3782 347 3858 posui
360 3781 444 3838 uitam
465 3787 492 3838 ει
508 3789 637 3854 mortem,
663 3782 737 3858 elige
753 3783 854 3839 vitum:
880 3779 980 3838 honum
996 3789 1025 3838 et
1042 3777 1160 3848 mulum,
1186 3777 1259 3853 ela‘ge

80 3889 206 3947 honum.
263 3877 355 3942 ltemr
386 3879 423 3939 Sa'
441 3883 587 3940 volueritis
609 3892 637 3940 ει
658 3884 806 3942 nudamini
830 3901 882 3940 me.
930 3877 1011 3942 llaec
1031 3879 1107 3942 enim
1131 3876 1171 3940 illi
1195 3887 1404 3949 tou-tuumne.

79 4009 173 4074 quam
196 3981 343 4046 libertato
359 3981 509 4064 praedito,
533 4002 591 4044 nou
608 3981 734 4044 vinculis
753 4004 787 4045 ao
805 3981 981 4044 necessitate
1001 3991 1101 4044 ooaoto
1121 3979 1198 4042 diota
1215 3979 1259 4044 vi-

79 4095 213 4155 dentur.
266 4081 308 4149 Ut
328 4083 453 4170 idipsum
471 4082 590 4148 omniuo
606 4103 790 4168 consequens
807 4083 862 4162 sit,
887 4103 945 4145 uon
964 4103 1030 4145 usse
1050 4101 1156 4166 corpus
1179 4103 1259 4145 com·

78 4197 218 4282 pedum,
252 4199 302 4250 aut
321 4187 489 4266 custodiae,
513 4199 564 4252 aut
581 4185 848 4252 vinnulorum‘looo
874 4185 1054 4262 habendum,
1080 4205 1175 4268 neque
1197 4189 1257 4247 urta-

79 4313 141 4361 ctas
162 4310 278 4358 ter-roe
294 4291 405 4352 ideirco
420 4291 578 4374 appellatas
595 4289 720 4368 animas,
745 4289 826 4372 quasi
843 4299 976 4352 terrenae
992 4287 1162 4371 quibusdam
1179 4310 1258 4351 eom·

79 4401 216 4490 pedihus
238 4394 316 4457 deus
330 4391 395 4456 illas
411 4393 605 4458 damnaverit.
650 4389 727 4455 Nam
744 4393 887 4475 quomodo
904 4411 1006 4456 verum
1023 4389 1052 4454 id
1066 4409 1133 4454 esse
1149 4399 1257 4475 potest,

81 4529 146 4570 eum
165 4499 384 4567 demonstrari
403 4493 482 4558 nulla
498 4495 613 4560 ratione
627 4492 739 4580 possiti
783 4490 843 4558 Sed
860 4504 889 4558 et
903 4494 1057 4580 perspicue
1070 4493 1139 4558 illud
1157 4493 1258 4556 ahsor-

130 4605 241 4662 σεεμ.
258 4593 393 4640 umnam
410 4591 439 4640 u.
453 4595 474 4640 a.
1016 4602 1055 4666 18
