3168 4926
319 242 360 308 48
746 251 1056 308 ειιισειεειειιιαιι

319 378 360 461 τῷ
376 375 432 461 βῖφ
448 375 560 458 αίρεσις
574 371 674 458 έτέρα,
697 371 793 458 ῶςπερ
807 370 928 457 ἑρπετόν
942 369 1081 450 ἀσθενές,
1104 367 1145 453 μὴ
1161 367 1325 452 δυνάμενον
1338 366 1482 452 ἀντισχεῖν

319 473 396 560 πρός
412 473 466 557 τήν
481 473 577 558 όσμὴν
592 482 644 557 τῆς
659 473 839 557 δικτάμνου,
867 467 934 557 ἤτοι
949 471 1110 558 στύρακος,
1138 470 1160 556 ἦ
1175 475 1366 555 λιβανίτιδος,
1389 470 1411 555 ἢ
1426 479 1482 554 τῆς

319 574 501 663 ἀβροτόνου,
524 575 611 661 ἢτῆς
626 573 722 659 όσμῆς
735 584 790 642 τοῦ
807 575 977 658 ἀσφάλτου,
1000 575 1020 658 ἢ
1036 583 1091 642 τοῦ
1106 574 1312 658 θυμιάματος,
1334 573 1355 658 ἢ
1370 581 1424 640 τοῦ
1439 579 1481 639 λί-

321 689 384 744 θου
399 685 454 746 τοῦ
467 678 616 766 γαγάτου,
647 677 740 762 ἢτοῦ
755 681 880 764 κέρατος
895 686 947 762 τῆς
964 677 1085 760 ἐλάφου.
1132 681 1212 743 Φυσλ
1227 677 1284 764 γάρ
1299 681 1330 744 ολ
1343 681 1374 742 ἐν
1391 699 1481 758 συνη-

319 787 389 872 θείρι
407 781 556 869 γεγονότες
576 784 627 848 καί
650 779 701 847 διά
718 787 822 867 πείρας
837 781 951 848 τούτων
968 789 1062 847 ταῦτα
1078 778 1114 846 τά
1132 783 1197 864 είδη
1214 779 1390 846 ἀπελαστικά
1406 777 1484 844 είναι

320 887 450 972 έρπετῶν
466 887 515 950 καλ
535 884 669 968 ἰοβόλων.
715 887 776 948 Καλ
792 883 846 966 τὴν
863 885 915 967 μὲν
929 883 1089 968 δίκταμνόν
1103 909 1179 960 τινες
1194 888 1335 949 καλοῦσιν
1348 880 1408 948 ἀπό
1425 889 1480 946 τοῦ

320 986 391 1064 τοῦς
404 992 515 1065 παῖδας
527 995 586 1053 τῶν
600 991 708 1072 ίατρῶν
723 995 884 1070 κεχρῆσθαι
899 992 991 1076 ταύτη
1006 990 1048 1063 είς
1061 985 1116 1069 τήν
1131 993 1191 1052 τῶν
1203 993 1366 1052 τικτονσῶν
1380 1011 1481 1070 γυναι-

318 1097 381 1155 κῶν
399 1089 562 1173 βοήθειαν·
592 1089 664 1166 ῦςτε
686 1087 738 1170 ἀφ’
759 1088 846 1174 ἡμῶν
863 1089 983 1166 εἰκότως
999 1087 1211 1168 ἀντιτάξεσθαι
1233 1093 1275 1166 εἰς
1292 1086 1343 1154 τόν
1360 1086 1482 1152 ἀνωθεν

320 1191 446 1260 ἐλθόντα
458 1193 547 1280 λόγον
560 1191 636 1258 θεόν
650 1190 708 1258 ἀπό
722 1200 783 1258 τῶν
796 1195 993 1278 ἐπουρανίων,
1010 1195 1043 1258 ἐκ
1058 1190 1170 1276 πατρός
1182 1190 1316 1276 ἀχρόνως
1326 1192 1378 1256 καὶ
1390 1187 1481 1275 ἀνάρ-

320 1323 378 1380 γως
399 1297 615 1384 γεγεννημένον.
662 1297 741 1380 Φησλ
758 1293 814 1382 γάρ
834 1293 852 1361 ό
867 1293 1011 1378 Σολομῶν
1026 1297 1096 1380 περί
1112 1303 1166 1379 τῆς
1180 1293 1314 1380 ἀφρονος
1333 1295 1383 1359 καλ
1401 1290 1481 1373 φαῦ-

318 1408 370 1482 λης
390 1397 531 1484 γυναικός
553 1397 598 1464 ότι
619 1409 700 1482 μισεῖ
717 1397 806 1484 λόγον
824 1396 993 1478 ἀσφαλείας.
1041 1397 1147 1474 Οῦτως
1163 1399 1212 1463 καί
1230 1389 1314 1464 οῦτοι
1329 1394 1365 1460 τά
1377 1392 1480 1480 στερεά

319 1509 372 1568 τοῦ
395 1503 585 1587 κηρύγματος
606 1499 816 1587 μεμισήκασιν,
847 1505 970 1586 ἐπίγειοι
992 1498 1073 1577 όντες
1094 1502 1145 1566 καί
1165 1491 1296 1586 πρόςτά
1315 1497 1481 1585 ἐπουράνια

319 1601 562 1687 ἀπεχθανόμενοι.
598 1604 694 1671 Ὅθεν
712 1603 841 1681 δεδιότες
856 1602 910 1687 τὴν
925 1601 1031 1687 φωνήν
1047 1611 1102 1668 τοῦ
1117 1601 1205 1689 άγίου
1221 1603 1403 1684 πνεύματος,
1426 1599 1482 1683 τὴν

317 1708 474 1792 λέγουσαν,
510 1706 601 1791 Φωνὴ
622 1713 728 1793 κυρίου
754 1709 981 1792 καταρτιζομένη
1003 1704 1146 1787 ἐλάφους·
1163 1713 1232 1772 ’τοῦ
1255 1703 1391 1780 εἰπόντος
1416 1711 1482 1779 τοῖς

320 1807 413 1874 αῦτοῦ
431 1807 549 1887 δούλοις
565 1813 617 1877 καί
632 1808 822 1890 ἀποστόλοις,
852 1807 945 1890 Ἰδού,
976 1811 1093 1875 δέδωκα
1108 1805 1181 1891 ύμῖν
1196 1808 1253 1892 τὴν
1270 1811 1405 1886 ἐξουσίαν
1422 1833 1481 1871 πα-

318 1921 379 1978 τεῖν
396 1914 445 1978 ἐτιλ
461 1911 547 1994 άφεις
564 1915 613 1979 καί
630 1919 806 2000 σκορπίους,
829 1915 880 1980 καί
894 1915 945 1978 ἐπὶ
960 1919 1059 1978 πᾶσαν
1072 1909 1128 1996 τὴν
1143 1909 1272 1993 δύναμιν
1287 1919 1343 1976 τοῦ
1359 1913 1480 1994 ἐχθροῦ.

318 2015 404 2098 Αῦτη
428 2014 483 2101 γάρ
507 2007 546 2098 ἦν
569 2013 591 2098 ἦ
612 2014 698 2099 φωνὴ
719 2014 740 2100 ἦ
758 2017 985 2100 καταρτιζομένη
1005 2016 1152 2096 ἐλάφους,
1181 2011 1203 2098 ἡ
1221 2017 1345 2080 δοθεῖσα
1365 2015 1406 2089 είς
1426 2009 1481 2076 τόν

319 2117 430 2201 κόσμον
446 2115 495 2183 διά
510 2125 569 2182 τῶν
585 2115 677 2203 ἀγίων
692 2115 863 2184 ἀποστόλων
880 2120 931 2184 καί
948 2116 1173 2204 εάαγγελιστῶν,
1203 2123 1407 2199 καταπατῆσαι
1423 2114 1483 2198 τὴν

318 2227 372 2286 τοῦ
396 2219 538 2304 διαβόλου
563 2219 759 2303 ἐναντιότητα.
801 2217 849 2299 Ἐξ
872 2213 914 2286 ῶν
936 2218 954 2286 δ
974 2219 1059 2306 ἀγιος
1078 2217 1219 2302 Ἰωάννης
1244 2215 1392 2304 ἀκρότατα
1413 2219 1481 2283 έπέ-

320 2346 420 2407 στησε,
443 2325 493 2390 καί
511 2320 640 2409 διήλεγξε
656 2321 710 2407 τὴν
728 2322 856 2406 δύναμιν
873 2330 933 2388 τῶν
949 2324 1179 2404 πεπλανημένων
1199 2323 1249 2388 καί
1269 2318 1481 2404 όφιομόρφων.

189 2449 258 2516 Κεφ,
273 2445 303 2516 β’,
406 2423 491 2492 Ἀλλά
505 2423 561 2493 οῦκ
578 2424 729 2510 ἰσχύουσιν
748 2427 779 2491 ἐν
797 2433 834 2516 τῇ
849 2428 966 2514 κιβωτῷ
984 2428 1016 2489 οί
1029 2429 1166 2490 τοιοῦτοι.
1208 2421 1410 2509 Ἐπιτρίπεται
1421 2420 1481 2508 γάρ

197 2543 248 2590 λ’·Ι·
261 2531 306 2574 ⁴²³
321 2527 339 2596 ό
354 2529 438 2615 ῦγιος
457 2535 527 2594 Νῶε
541 2527 618 2594 κατά
639 2525 672 2594 τό
690 2532 771 2614 βῆμα
786 2534 893 2615 κυρίου
910 2530 1169 2608 ἐπασφαλίσασθαι
1183 2524 1237 2608 την
1252 2527 1405 2608 τοιαύτην,
1437 2523 1483 2602 ῶς

319 2654 392 2714 φησι
408 2629 485 2714 πρδς
501 2629 607 2710 αῦτδν,
634 2629 848 2712 Ἀσφαλτῶσεις
865 2627 960 2714 αῦτιὶν
975 2633 1088 2696 ἔσωθεν
1104 2632 1155 2696 καλ
1171 2632 1298 2707 ἔξωθεν·
1328 2632 1379 2694 ’ίνα
1395 2631 1480 2717 δείξη

318 2732 352 2800 τδ
369 2730 447 2808 είδας
465 2739 517 2816 τῆς
531 2730 616 2818 ἀγίας
630 2741 684 2800 τοῦ
702 2741 776 2800 θεοῦ
789 2737 957 2817 ἐκκλησίας,
979 2732 1103 2816 ἐχούσης
1115 2739 1169 2816 τῆς
1184 2729 1339 2813 ἀσφάλτου
1353 2729 1407 2812 τήν
1424 2727 1480 2794 δύ-

318 2863 422 2919 ναμιν,
444 2834 499 2918 την
516 2833 747 2902 ἀποδιῶκουσαν
761 2835 799 2900 τά
815 2835 894 2902 δεινά
912 2838 963 2902 καὶ
980 2833 1116 2921 ἀλετήρια
1133 2832 1283 2920 έρπετῶδη
1301 2831 1479 2918 διδάγματα.

309 2937 412 3004 Ὅπου
428 2937 485 3024 γάρ
499 2944 645 3020 θυμιᾶται
659 2934 680 3021 ἦ
695 2935 858 3018 ἀσφαλτος,
889 2935 946 3004 οῦκ
964 2936 1072 3021 ἰσχύσει
1087 2944 1190 3021 στῆναι
1204 2935 1282 3017 ῦφις.
1324 2933 1479 3020 Ἑκάρωσε

317 3045 419 3107 τοίνυν
431 3038 555 3117 τούτους
568 3038 602 3106 τό
618 3039 704 3126 άγιον
716 3046 855 3124 θυμίαμα
865 3047 920 3107 τοῦ
933 3038 1093 3127 στύρακος,
1116 3041 1168 3106 καλ
1182 3045 1394 3126 παραιτοῦνται
1407 3035 1481 3102 τού-

317 3171 370 3210 του
384 3141 439 3227 τήν
454 3141 560 3226 όδμιὶν,
582 3145 632 3228 καί
645 3149 699 3226 τῆς
715 3141 891 3228 ἀβροτόνον,
913 3147 1011 3209 ελταυν
1023 3146 1213 3227 λιβανίτιδος,
1235 3139 1255 3225 ἦ
1270 3139 1397 3222 δύναμις
1413 3137 1480 3204 κατ’

318 3244 410 3312 αύτοῦ
425 3251 478 3312 τοῦ
495 3244 594 3327 ὄφεως
609 3244 795 3326 ἐπιφῦσασα,
818 3248 869 3311 καί
885 3244 985 3312 ἐπάνω
1002 3254 1057 3313 τοῦ
1072 3252 1189 3326 φωλεοῦ
1206 3242 1300 3310 αύτοῦ
1317 3242 1479 3326 ἐκβλαστή-

318 3371 401 3416 σασα.
437 3346 535 3413 Ἔνθα
556 3347 613 3434 γάρ
636 3346 688 3414 τόν
708 3346 837 3433 Χριστόν
861 3349 894 3414 ἐκ
911 3351 1098 3435 παρατριβῆς
1118 3344 1208 3429 ψιλόν
1229 3344 1393 3432 ἀνθρωπον
1409 3343 1483 3429 ἐκή·

318 3477 418 3539 ρυττεν
436 3447 455 3518 ό
470 3448 576 3532 Ἐβίων
592 3450 643 3516 ιιαλ
661 3447 680 3516 ό
696 3448 868 3536 Κόρινθος,
896 3452 947 3517 καλ
966 3453 998 3516 οί
1010 3447 1084 3534 ἀμφ’
1101 3447 1227 3530 αύτούς,
1250 3449 1329 3531 φημί
1343 3447 1376 3512 δέ
1391 3449 1424 3512 ἐν
1438 3455 1480 3537 τῇ

315 3552 415 3643 Ἀσίᾳ,
447 3555 510 3619 ἐκεῖ
528 3549 560 3618 τό
582 3559 698 3635 πνεῦμα
717 3552 750 3618 τό
774 3553 858 3639 άγιον
872 3549 997 3619 ἀνέτειλε
1020 3560 1061 3642 τῷ
1076 3551 1178 3642 κόσμῳ
1194 3549 1303 3634 ταύτην
1318 3548 1372 3632 τὴν
1390 3545 1482 3635 άγίαν

317 3654 461 3740 βοτάνην,
483 3658 579 3722 είτουν
594 3653 729 3738 θάμνον,
759 3652 813 3739 τὴν
828 3653 1037 3734 ἀποδιῶξασαν
1053 3653 1106 3720 τόν
1121 3653 1193 3734 δφιν
1208 3656 1259 3718 καὶ
1275 3651 1407 3719 λύσασαν
1422 3649 1482 3735 τὴν

318 3767 372 3825 τοῦ
386 3757 529 3844 διαβόλου
543 3761 712 3844 τυραννίδα.
756 3755 837 3823 Ἐκεῖ
849 3756 905 3844 γάρ
923 3755 940 3823 ό
957 3757 1041 3844 άγιος
1055 3754 1192 3838 Ἰωάννης
1208 3752 1277 3838 μεθ’
1292 3753 1408 3838 ἡλικίαν
1423 3781 1480 3840 γη·

318 3863 424 3946 ραλέαν
439 3861 623 3948 ἐπιτρέπεται
636 3856 697 3926 άπδ
714 3867 768 3926 τοῦ
782 3857 949 3943 πνεύματος
966 3867 1020 3926 τοῦ
1036 3857 1122 3945 άγίου
1136 3855 1262 3943 κηρύξαι
1276 3860 1327 3923 καλ
1342 3853 1480 3939 ἀνακάμ-

318 3981 378 4046 ψαι
392 3964 462 4039 τοῦς
477 3967 508 4030 έν
520 3971 557 4054 τῇ
572 3961 635 4052 δδηῦ
649 3963 900 4046 πεπλανημένους,
923 3959 961 4028 οῦ
975 3961 1046 4047 μετά
1063 3958 1205 4046 ἀνάγκης,
1227 3957 1298 4025 ἀλλά
1312 3957 1384 4043 μετά
1399 3985 1480 4044 τερο-

319 4068 458 4150 αιρέσεως
473 4077 537 4142 τοῖς
552 4067 744 4149 πειθομένοις
759 4062 958 4146 ἀποκαλύψας
976 4069 1051 4130 θεοῦ
1071 4062 1105 4130 τό
1122 4069 1204 4146 φῶς,
1233 4061 1267 4129 τδ
1288 4064 1320 4130 ἐν
1342 4069 1380 4151 τῇ
1403 4058 1481 4152 όγίᾳ

317 4175 394 4233 θεοῦ
410 4170 589 4257 διδασκαλίᾳ.
631 4166 702 4232 Ἀλλ’
713 4171 773 4244 έως
787 4168 861 4234 πότε
872 4165 995 4251 μηκῦνω
1011 4165 1064 4234 τδν
1077 4165 1181 4252 λόγους
1213 4168 1275 4230 Καὶ
1290 4163 1346 4252 γάρ
1363 4169 1405 4253 τῷ
1424 4167 1479 4248 μέ-

316 4296 399 4338 νοντι
413 4267 491 4335 ῦπον
507 4266 628 4360 άναφνῇ
643 4267 822 4356 ἀβρότονος,
844 4272 907 4335 ἐκεῖ
919 4267 991 4352 ῦφις
1006 4266 1102 4336 οῦκέτι
1117 4269 1319 4355 ἐγκαταμέντι,
1341 4263 1409 4332 αῦτε
1425 4269 1480 4350 ἐμ.

318 4374 459 4456 φωλεύει,
480 4373 532 4435 καί
546 4369 624 4436 ὅπου
639 4380 715 4438 θεοῦ
730 4369 845 4455 ἀληθὴς
856 4375 1043 4453 διδασκαλία,
1067 4369 1104 4438 οῦ
1116 4369 1283 4455 κατισχύσει
1295 4369 1480 4462 κατοικητή-

317 4501 384 4564 ριον
404 4471 588 4561 έρπετῶδονς
609 4476 813 4555 διδασκαλίας,
836 4469 905 4539 ἀλλά
928 4471 1083 4540 διόλλυται.
