3186 4928
612 856 745 916 sancus

425 1007 937 1098 EPlPllANlI

283 1212 601 1290 CONTRA
653 1211 1084 1290 HAERESES

514 1384 602 1434 Ltttttt
621 1385 652 1434 ll.
687 1381 804 1435 TOblUS
821 1383 853 1436 ll.

214 1623 441 1700 CONTRA
467 1622 694 1702 Pnunutt
721 1621 1159 1718 snutusututttttt,

422 1745 570 1822 haeresis
596 1744 722 1836 tut,
747 1745 820 1821 sire
847 1743 954 1819 LXV.

188 1894 358 1962 Secundum
380 1897 445 1962 illos
463 1895 573 1962 Paulus
592 1894 805 1962 samosatenus
829 1897 979 1980 sequitur,
1003 1898 1052 1980 qui
1076 1907 1140 1983 post
1158 1896 1261 1963 Nova-
1277 1903 1334 1970 cap.
1355 1905 1371 1952 t·

100 2013 163 2064 tuns
183 2011 270 2084 atque
287 1995 449 2084 origenem
472 1999 583 2064 extitit.
630 1998 690 2083 Qui
708 2000 822 2084 quidem
841 1995 990 2083 Origenes
1014 2010 1164 2084 postremo
1185 2002 1263 2067 inter

89 2102 271 2166 'haereticos
287 2115 458 2168 ntrmeratus
474 2113 531 2180 est,
556 2102 593 2166 nb
611 2102 809 2186 arrogantiam
825 2103 902 2166 ibam
923 2122 1007 2186 quam
1024 2103 1189 2168 adsciscere
1206 2105 1260 2169 sibi

100 2205 214 2284 voluit,
239 2217 268 2269 et
288 2205 478 2270 insolentiae
496 2225 635 2290 nugarum
658 2204 828 2288 plenissima
844 2205 1021 2288 loquacitate
1040 2205 1261 2291 immissaquea

101 2307 221 2372 diabolo
236 2318 334 2372 mente
352 2309 493 2372 adversus
511 2307 663 2371 veritatem
683 2306 851 2392 insurgere.
897 2303 978 2372 Saue
997 2308 1024 2372 is
1044 2310 1186 2392 lugendus
1208 2331 1261 2374 no-

101 2409 148 2474 bis
169 2411 324 2474 admodum
343 2411 443 2490 venit,
470 2410 518 2495 qni
536 2409 641 2474 diaboli
661 2409 770 2473 invidia
790 2411 889 2495 lapsus
910 2429 951 2474 ex
969 2411 1028 2474 alto
1046 2411 1259 2496 praecipitauit.

47 2569 49 2573 .
101 2511 185 2578 Nam
200 2513 230 2576 io
249 2513 298 2577 illo
320 2514 484 2600 scripturae
503 2514 610 2576 uictum
630 2511 699 2576 illntl
718 2511 868 2598 impletur:
899 2517 1061 2574 Fasclnun'o
1079 2517 1153 2576 casin
1171 2533 1263 2595 nugo-
1276 2524 1360 2580 sap-⁴,
1376 2529 1404 2570 tt

101 2619 202 2678 nlntio
219 2619 355 2678 obacamet
370 2618 458 2690 bonu,
483 2629 511 2680 et
528 2620 717 2678 accenseantur
738 2620 980 2696 cuncupiscentaitc
999 2622 1167 2682 uomet
1186 2637 1262 2678 men-

101 2731 157 2780 tem
179 2724 241 2780 stite
262 2721 381 2780 mulitia

190 2819 311 2886 Recedo
330 2841 407 2885 nuuc
428 2822 465 2885 atl
481 2821 577 2900 illurn,
603 2821 687 2886 cuins
711 2820 914 2906 explicandum
938 2821 1043 2905 dogma
1066 2823 1261 2908 suscepimus,

100 2919 229 2988 Paulum
246 2923 493 3003 samosatenum,
518 2924 601 2990 cuius
618 2923 745 2988 nominis
761 2944 850 3008 supra
871 2923 1048 2988 mentionem
1072 2925 1210 3005 lemnus,
1234 2937 1264 2990 et

102 3049 185 3092 nono
206 3027 284 3092 illins
310 3026 446 3092 haeresin
469 3026 668 3112 proponimus.
712 3024 772 3090 llio
790 3023 955 3090 Samosatis
972 3025 1206 3112 Mesopotamiae
1228 3029 1263 3091 etl

98 3127 287 3216 Euphratem
305 3131 378 3194 urbe
398 3141 503 3208 natus,
529 3129 691 3194 Aurelianu
711 3149 745 3192 ac
760 3125 860 3192 Probo
877 3127 1086 3215 imperantibus
1100 3131 1263 3195 Antioche·

101 3254 161 3298 nae
178 3232 324 3296 ecclesiae
341 3234 507 3318 propositus
526 3243 583 3295 est.
630 3229 688 3314 Qui
706 3231 801 3296 elatus
819 3233 988 3316 arrogantia
1003 3254 1038 3297 ac
1055 3237 1133 3297 tastu
1150 3255 1166 3296 a
1184 3233 1262 3301 veri·

101 3347 164 3400 tate
184 3335 314 3413 excidit,
345 3347 433 3420 atque
451 3334 624 3401 Artemonis
648 3334 784 3398 haeresin
811 3334 1002 3416 instauravit,
1034 3337 1081 3420 qui
1105 3357 1170 3405 cum
1193 3348 1262 3402 ante

101 3439 215 3502 multus
237 3459 331 3502 anuos
353 3438 520 3515 extitisset,
545 3435 661 3522 penitus
683 3446 729 3502 est
751 3437 912 3502 extinctus.

194 3641 250 3707 Est
266 3654 361 3708 autem
386 3644 458 3708 baec
474 3643 552 3707 illins
569 3643 678 3728 opinio.
725 3641 820 3708 Deum
838 3654 953 3730 patrem
971 3654 1000 3706 et
1017 3643 1105 3707 lilium
1123 3665 1158 3718 nc
1178 3646 1262 3730 spiri·

102 3759 167 3810 tum
186 3757 320 3810 sanctum
344 3767 432 3810 unum
450 3767 516 3810 esse
539 3746 643 3823 deum,
668 3744 790 3808 verbum
806 3745 852 3808 tlel
871 3747 992 3829 eiusque
1009 3745 1141 3830 spiritura
1165 3745 1263 3812 tussa

101 3850 163 3914 tlen
178 3858 339 3934 perpetuo,
363 3849 441 3912 sicut
456 3847 582 3912 bominis
597 3847 628 3910 in
646 3847 736 3912 corde
749 3849 898 3933 proprium
916 3848 1035 3912 verbum
1051 3847 1151 3912 inesse
1167 3850 1264 3914 nerui-

101 3971 184 4016 mus.
232 3947 337 4014 Filium
357 3950 402 4014 tlei
425 3949 644 4016 subsistentiam
663 3949 772 4013 babere
789 3971 843 4035 per
859 3971 927 4016 sese
943 3950 1068 4029 nullam,
1092 3951 1145 4014 setl
1160 3953 1192 4016 in
1207 3951 1263 4016 deo

101 4053 289 4132 subsistere,
315 4053 341 4116 itl
363 4053 437 4138 quod
456 4051 587 4118 Sabellio
609 4073 723 4137 qnoque
744 4053 868 4136 placuit,
893 4064 923 4115 et
939 4051 1077 4131 Nouato,
1102 4065 1132 4116 et
1148 4051 1263 4134 Nob‘tn,

101 4157 231 4242 aliisque
254 4157 419 4236 nonnullis,
444 4177 616 4240 quamquam
639 4175 697 4217 non
722 4155 824 4218 eodem
848 4175 914 4218 cunr
931 4156 995 4220 istis
1018 4156 1121 4236 modo,
1146 4156 1198 4220 set
1221 4156 1264 4220 tli-

101 4277 197 4323 vertu
215 4260 337 4342 quolam
356 4259 404 4322 ibe
422 4259 627 4324 sentiuntid
645 4255 729 4338 baec,
754 4257 800 4322 dei
817 4257 965 4322 verbnm
957 4280 988 4321 tn
1004 4269 1099 4323 terras
1114 4258 1263 4345 delapsum

137 4413 167 4466 3.
184 4410 352 4478 ἐξοκείλαντα
368 4416 419 4465 cod.
433 4427 478 4466 aer
492 4419 587 4478 utarpue
600 4415 669 4465 otest
737 4410 762 4465 l
780 4413 817 4482 τῷ
834 4415 911 4464 ocltcct
926 4429 956 4464 ec
971 4419 1067 4478 utroque
1082 4417 1140 4465 ttbro
1155 4429 1198 4466 ma.
1258 4387 1259 4390 Ἴ

100 4487 183 4546 tm·
738 4483 762 4533 ὁ.
780 4467 856 4543 altos
872 4488 967 4548 utmmtc
983 4486 1040 4534 tiber
1055 4497 1100 4536 ant.
