<?xml version="1.0" encoding="UTF-8"?>
<!DOCTYPE html PUBLIC "-//W3C//DTD XHTML 1.0 Transitional//EN"
    "http://www.w3.org/TR/xhtml1/DTD/xhtml1-transitional.dtd">
<html xmlns="http://www.w3.org/1999/xhtml" xml:lang="en" lang="en">
 <head>
  <title>
</title>
<meta http-equiv="Content-Type" content="text/html;charset=utf-8" />
  <meta name='ocr-system' content='tesseract 3.04.00' />
  <meta name='ocr-capabilities' content='ocr_page ocr_carea ocr_par ocr_line ocrx_word'/>
</head>
<body>
  <div class='ocr_page' id='page_1' title='image "./corporishaerese02oehlgoog_0392.png"; bbox 0 0 3186 4928; ppageno 0'>
   <div class='ocr_carea' id='block_1_1' title="bbox 376 237 1261 300">
    <p class='ocr_par' dir='ltr' id='par_1_1' title="bbox 376 237 1261 300">
     <span class='ocr_line' id='line_1_1' title="bbox 376 237 1261 300; baseline 0.002 -2"><span class='ocrx_word' id='word_1_1' title='bbox 376 246 512 298; x_wconf 68' lang='lat' dir='ltr'><strong>rinnau</strong></span> <span class='ocrx_word' id='word_1_2' title='bbox 529 247 638 300; x_wconf 78' lang='lat' dir='ltr'><strong>man.</strong></span> <span class='ocrx_word' id='word_1_3' title='bbox 655 247 738 300; x_wconf 81' lang='lat' dir='ltr'><strong>rou.</strong></span> <span class='ocrx_word' id='word_1_4' title='bbox 753 249 773 298; x_wconf 92' lang='grc' dir='ltr'><strong>ι.</strong></span> <span class='ocrx_word' id='word_1_5' title='bbox 791 247 890 298; x_wconf 83' lang='lat' dir='ltr'><strong>uuna.</strong></span> <span class='ocrx_word' id='word_1_6' title='bbox 907 248 1000 300; x_wconf 80' lang='lat' dir='ltr'><strong>uxrv.</strong></span> <span class='ocrx_word' id='word_1_7' title='bbox 1202 237 1261 300; x_wconf 80' lang='lat' dir='ltr'><strong>art</strong></span> 
     </span>
    </p>
   </div>
   <div class='ocr_carea' id='block_1_2' title="bbox 107 367 1420 4456">
    <p class='ocr_par' dir='ltr' id='par_1_2' title="bbox 107 367 1418 2917">
     <span class='ocr_line' id='line_1_2' title="bbox 108 367 1265 452; baseline -0.001 -17"><span class='ocrx_word' id='word_1_8' title='bbox 108 371 204 434; x_wconf 78' lang='lat' dir='ltr'><strong>rande</strong></span> <span class='ocrx_word' id='word_1_9' title='bbox 221 368 336 432; x_wconf 85' lang='lat' dir='ltr'><strong>scilieet</strong></span> <span class='ocrx_word' id='word_1_10' title='bbox 354 368 442 430; x_wconf 88' lang='lat' dir='ltr'><strong>domo</strong></span> <span class='ocrx_word' id='word_1_11' title='bbox 464 387 547 446; x_wconf 88' lang='lat' dir='ltr'><strong>mea,</strong></span> <span class='ocrx_word' id='word_1_12' title='bbox 577 367 633 432; x_wconf 89' lang='lat' dir='ltr'><strong>boc</strong></span> <span class='ocrx_word' id='word_1_13' title='bbox 656 378 702 431; x_wconf 88' lang='lat' dir='ltr'><strong>est</strong></span> <span class='ocrx_word' id='word_1_14' title='bbox 721 389 844 452; x_wconf 86' lang='lat' dir='ltr'><strong>corpore</strong></span> <span class='ocrx_word' id='word_1_15' title='bbox 869 369 944 451; x_wconf 89' lang='lat' dir='ltr'><strong>quod</strong></span> <span class='ocrx_word' id='word_1_16' title='bbox 967 368 1133 446; x_wconf 84' lang='lat' dir='ltr'><strong>ceciderat,</strong></span> <span class='ocrx_word' id='word_1_17' title='bbox 1161 382 1191 432; x_wconf 83' lang='lat' dir='ltr'><strong>et</strong></span> <span class='ocrx_word' id='word_1_18' title='bbox 1209 391 1265 434; x_wconf 84' lang='lat' dir='ltr'><strong>nen</strong></span> 
     </span>
     <span class='ocr_line' id='line_1_3' title="bbox 108 467 1265 552; baseline 0 -18"><span class='ocrx_word' id='word_1_19' title='bbox 108 477 263 536; x_wconf 72' lang='lat' dir='ltr'><strong>delectasti</strong></span> <span class='ocrx_word' id='word_1_20' title='bbox 275 475 402 532; x_wconf 79' lang='lat' dir='ltr'><strong>sitimfccs</strong></span> <span class='ocrx_word' id='word_1_21' title='bbox 424 493 498 532; x_wconf 79' lang='lat' dir='ltr'><strong>meon</strong></span> <span class='ocrx_word' id='word_1_22' title='bbox 516 493 603 552; x_wconf 82' lang='lat' dir='ltr'><strong>super</strong></span> <span class='ocrx_word' id='word_1_23' title='bbox 618 493 670 532; x_wconf 84' lang='lat' dir='ltr'><strong>rae.</strong></span> <span class='ocrx_word' id='word_1_24' title='bbox 718 467 762 532; x_wconf 91' lang='lat' dir='ltr'><strong>lta</strong></span> <span class='ocrx_word' id='word_1_25' title='bbox 779 483 811 532; x_wconf 90' lang='lat' dir='ltr'><strong>ot</strong></span> <span class='ocrx_word' id='word_1_26' title='bbox 828 471 857 532; x_wconf 89' lang='lat' dir='ltr'><strong>iu</strong></span> <span class='ocrx_word' id='word_1_27' title='bbox 877 468 1048 534; x_wconf 79' lang='lat' dir='ltr'>Proverbiis</span> <span class='ocrx_word' id='word_1_28' title='bbox 1066 467 1206 536; x_wconf 86' lang='lat' dir='ltr'><strong>Salomon</strong></span> <span class='ocrx_word' id='word_1_29' title='bbox 1229 475 1265 536; x_wconf 88' lang='lat' dir='ltr'><strong>ad</strong></span> 
     </span>
     <span class='ocr_line' id='line_1_4' title="bbox 111 572 1266 657; baseline 0 -19"><span class='ocrx_word' id='word_1_30' title='bbox 111 579 237 640; x_wconf 86' lang='lat' dir='ltr'><strong>futuram</strong></span> <span class='ocrx_word' id='word_1_31' title='bbox 259 574 338 636; x_wconf 88' lang='lat' dir='ltr'><strong>illam</strong></span> <span class='ocrx_word' id='word_1_32' title='bbox 355 573 445 636; x_wconf 88' lang='lat' dir='ltr'><strong>vitam</strong></span> <span class='ocrx_word' id='word_1_33' title='bbox 463 593 544 657; x_wconf 86' lang='lat' dir='ltr'><strong>spem</strong></span> <span class='ocrx_word' id='word_1_34' title='bbox 564 593 679 636; x_wconf 85' lang='lat' dir='ltr'><strong>omnem</strong></span> <span class='ocrx_word' id='word_1_35' title='bbox 696 584 829 644; x_wconf 85' lang='lat' dir='ltr'><strong>nostram</strong></span> <span class='ocrx_word' id='word_1_36' title='bbox 853 590 1029 656; x_wconf 87' lang='lat' dir='ltr'><strong>praeparans</strong></span> <span class='ocrx_word' id='word_1_37' title='bbox 1055 572 1130 636; x_wconf 92' lang='lat' dir='ltr'><strong>buno</strong></span> <span class='ocrx_word' id='word_1_38' title='bbox 1151 574 1181 637; x_wconf 92' lang='lat' dir='ltr'><strong>in</strong></span> <span class='ocrx_word' id='word_1_39' title='bbox 1204 597 1266 638; x_wconf 89' lang='lat' dir='ltr'><strong>mo-</strong></span> 
     </span>
     <span class='ocr_line' id='line_1_5' title="bbox 109 673 1417 758; baseline 0.003 -18"><span class='ocrx_word' id='word_1_40' title='bbox 109 679 178 741; x_wconf 91' lang='lat' dir='ltr'><strong>dum</strong></span> <span class='ocrx_word' id='word_1_41' title='bbox 201 677 353 740; x_wconf 79' lang='lat' dir='ltr'><strong>bortatur:</strong></span> <span class='ocrx_word' id='word_1_42' title='bbox 381 679 525 758; x_wconf 72' lang='lat' dir='ltr'><strong>Prospero</strong></span> <span class='ocrx_word' id='word_1_43' title='bbox 545 682 575 738; x_wconf 81' lang='lat' dir='ltr'><strong>fn</strong></span> <span class='ocrx_word' id='word_1_44' title='bbox 592 681 699 738; x_wconf 73' lang='lat' dir='ltr'><strong>coitum</strong></span> <span class='ocrx_word' id='word_1_45' title='bbox 716 698 801 757; x_wconf 83' lang='lat' dir='ltr'><strong>opera</strong></span> <span class='ocrx_word' id='word_1_46' title='bbox 820 687 883 738; x_wconf 83' lang='lat' dir='ltr'><strong>tuo..</strong></span> <span class='ocrx_word' id='word_1_47' title='bbox 926 673 1004 738; x_wconf 85' lang='lat' dir='ltr'><strong>Nam</strong></span> <span class='ocrx_word' id='word_1_48' title='bbox 1023 675 1123 740; x_wconf 79' lang='lat' dir='ltr'><strong>exitus</strong></span> <span class='ocrx_word' id='word_1_49' title='bbox 1147 679 1417 744; x_wconf 55' lang='lat' dir='ltr'><strong>continebor-²⁴2²*-</strong></span> 
     </span>
     <span class='ocr_line' id='line_1_6' title="bbox 110 776 1264 863; baseline 0 -20"><span class='ocrx_word' id='word_1_50' title='bbox 110 780 313 844; x_wconf 85' lang='lat' dir='ltr'><strong>decessionem</strong></span> <span class='ocrx_word' id='word_1_51' title='bbox 338 800 377 842; x_wconf 83' lang='lat' dir='ltr'><strong>ex</strong></span> <span class='ocrx_word' id='word_1_52' title='bbox 400 778 453 840; x_wconf 88' lang='lat' dir='ltr'><strong>bac</strong></span> <span class='ocrx_word' id='word_1_53' title='bbox 477 779 536 844; x_wconf 87' lang='lat' dir='ltr'><strong>vita</strong></span> <span class='ocrx_word' id='word_1_54' title='bbox 561 779 733 863; x_wconf 76' lang='lat' dir='ltr'><strong>complexus</strong></span> <span class='ocrx_word' id='word_1_55' title='bbox 753 789 810 842; x_wconf 89' lang='lat' dir='ltr'><strong>cst.</strong></span> <span class='ocrx_word' id='word_1_56' title='bbox 857 776 914 856; x_wconf 83' lang='lat' dir='ltr'><strong>Et,</strong></span> <span class='ocrx_word' id='word_1_57' title='bbox 942 782 1132 859; x_wconf 81' lang='lat' dir='ltr'><strong>Praepnrure,</strong></span> <span class='ocrx_word' id='word_1_58' title='bbox 1159 779 1264 862; x_wconf 88' lang='lat' dir='ltr'><strong>inquit,</strong></span> 
     </span>
     <span class='ocr_line' id='line_1_7' title="bbox 108 878 1264 966; baseline -0.002 -20"><span class='ocrx_word' id='word_1_59' title='bbox 108 889 148 946; x_wconf 87' lang='lat' dir='ltr'><strong>nd</strong></span> <span class='ocrx_word' id='word_1_60' title='bbox 162 906 276 964; x_wconf 68' lang='lat' dir='ltr'><strong>amm.</strong></span> <span class='ocrx_word' id='word_1_61' title='bbox 323 878 419 963; x_wconf 81' lang='lat' dir='ltr'><strong>Quom</strong></span> <span class='ocrx_word' id='word_1_62' title='bbox 437 881 692 946; x_wconf 68' lang='lat' dir='ltr'>ammonitionem</span> <span class='ocrx_word' id='word_1_63' title='bbox 712 882 860 966; x_wconf 90' lang='lat' dir='ltr'><strong>pertinere</strong></span> <span class='ocrx_word' id='word_1_64' title='bbox 881 881 916 944; x_wconf 88' lang='lat' dir='ltr'><strong>ud</strong></span> <span class='ocrx_word' id='word_1_65' title='bbox 935 901 1037 944; x_wconf 91' lang='lat' dir='ltr'><strong>omnes</strong></span> <span class='ocrx_word' id='word_1_66' title='bbox 1055 879 1148 944; x_wconf 86' lang='lat' dir='ltr'><strong>voluit</strong></span> <span class='ocrx_word' id='word_1_67' title='bbox 1168 881 1264 964; x_wconf 90' lang='lat' dir='ltr'><strong>quiin</strong></span> 
     </span>
     <span class='ocr_line' id='line_1_8' title="bbox 109 983 1266 1071; baseline -0.002 -21"><span class='ocrx_word' id='word_1_68' title='bbox 109 1009 183 1071; x_wconf 84' lang='lat' dir='ltr'><strong>agro</strong></span> <span class='ocrx_word' id='word_1_69' title='bbox 198 998 249 1048; x_wconf 89' lang='lat' dir='ltr'><strong>aut</strong></span> <span class='ocrx_word' id='word_1_70' title='bbox 264 986 293 1048; x_wconf 93' lang='lat' dir='ltr'><strong>in</strong></span> <span class='ocrx_word' id='word_1_71' title='bbox 312 984 385 1048; x_wconf 92' lang='lat' dir='ltr'><strong>urbe</strong></span> <span class='ocrx_word' id='word_1_72' title='bbox 399 983 558 1067; x_wconf 81' lang='lat' dir='ltr'><strong>degerent,</strong></span> <span class='ocrx_word' id='word_1_73' title='bbox 581 1005 617 1047; x_wconf 85' lang='lat' dir='ltr'><strong>ao</strong></span> <span class='ocrx_word' id='word_1_74' title='bbox 633 995 691 1048; x_wconf 89' lang='lat' dir='ltr'><strong>tam</strong></span> <span class='ocrx_word' id='word_1_75' title='bbox 709 985 840 1048; x_wconf 88' lang='lat' dir='ltr'><strong>eruditos</strong></span> <span class='ocrx_word' id='word_1_76' title='bbox 859 1003 944 1067; x_wconf 86' lang='lat' dir='ltr'><strong>quem</strong></span> <span class='ocrx_word' id='word_1_77' title='bbox 963 983 1082 1068; x_wconf 78' lang='lat' dir='ltr'><strong>opifices</strong></span> <span class='ocrx_word' id='word_1_78' title='bbox 1099 1004 1135 1046; x_wconf 89' lang='lat' dir='ltr'><strong>ac</strong></span> <span class='ocrx_word' id='word_1_79' title='bbox 1150 983 1266 1048; x_wconf 74' lang='lat' dir='ltr'><strong>maclia-</strong></span> 
     </span>
     <span class='ocr_line' id='line_1_9' title="bbox 109 1082 1266 1172; baseline -0.002 -20"><span class='ocrx_word' id='word_1_80' title='bbox 109 1087 206 1166; x_wconf 88' lang='lat' dir='ltr'><strong>oioos,</strong></span> <span class='ocrx_word' id='word_1_81' title='bbox 231 1087 278 1172; x_wconf 91' lang='lat' dir='ltr'><strong>qui</strong></span> <span class='ocrx_word' id='word_1_82' title='bbox 296 1087 405 1152; x_wconf 87' lang='lat' dir='ltr'><strong>nullum</strong></span> <span class='ocrx_word' id='word_1_83' title='bbox 422 1087 451 1149; x_wconf 92' lang='lat' dir='ltr'><strong>in</strong></span> <span class='ocrx_word' id='word_1_84' title='bbox 471 1107 544 1170; x_wconf 81' lang='lat' dir='ltr'><strong>agro</strong></span> <span class='ocrx_word' id='word_1_85' title='bbox 564 1109 635 1171; x_wconf 89' lang='lat' dir='ltr'><strong>opus</strong></span> <span class='ocrx_word' id='word_1_86' title='bbox 654 1087 762 1155; x_wconf 84' lang='lat' dir='ltr'><strong>babent</strong></span> <span class='ocrx_word' id='word_1_87' title='bbox 779 1087 854 1170; x_wconf 92' lang='lat' dir='ltr'><strong>quod</strong></span> <span class='ocrx_word' id='word_1_88' title='bbox 872 1099 1045 1150; x_wconf 82' lang='lat' dir='ltr'><strong>exerceant.</strong></span> <span class='ocrx_word' id='word_1_89' title='bbox 1092 1082 1169 1168; x_wconf 81' lang='lat' dir='ltr'><strong>Quid</strong></span> <span class='ocrx_word' id='word_1_90' title='bbox 1188 1085 1266 1150; x_wconf 89' lang='lat' dir='ltr'><strong>enim</strong></span> 
     </span>
     <span class='ocr_line' id='line_1_10' title="bbox 108 1188 1265 1274; baseline 0.002 -20"><span class='ocrx_word' id='word_1_91' title='bbox 108 1190 267 1254; x_wconf 86' lang='lat' dir='ltr'><strong>linificibus</strong></span> <span class='ocrx_word' id='word_1_92' title='bbox 287 1201 318 1254; x_wconf 88' lang='lat' dir='ltr'><strong>et</strong></span> <span class='ocrx_word' id='word_1_93' title='bbox 334 1188 508 1268; x_wconf 77' lang='lat' dir='ltr'><strong>aurifabris,</strong></span> <span class='ocrx_word' id='word_1_94' title='bbox 538 1202 589 1254; x_wconf 88' lang='lat' dir='ltr'><strong>ant</strong></span> <span class='ocrx_word' id='word_1_95' title='bbox 613 1189 707 1274; x_wconf 87' lang='lat' dir='ltr'><strong>po&#39;e&#39;tis</strong></span> <span class='ocrx_word' id='word_1_96' title='bbox 729 1188 895 1272; x_wconf 89' lang='lat' dir='ltr'><strong>ceterisque</strong></span> <span class='ocrx_word' id='word_1_97' title='bbox 917 1188 1111 1273; x_wconf 78' lang='lat' dir='ltr'><strong>scriptoribus</strong></span> <span class='ocrx_word' id='word_1_98' title='bbox 1133 1199 1179 1252; x_wconf 91' lang='lat' dir='ltr'><strong>est</strong></span> <span class='ocrx_word' id='word_1_99' title='bbox 1200 1210 1265 1255; x_wconf 85' lang='lat' dir='ltr'><strong>curn</strong></span> 
     </span>
     <span class='ocr_line' id='line_1_11' title="bbox 108 1291 1267 1376; baseline -0.001 -20"><span class='ocrx_word' id='word_1_100' title='bbox 108 1313 245 1376; x_wconf 80' lang='lat' dir='ltr'><strong>agrorum</strong></span> <span class='ocrx_word' id='word_1_101' title='bbox 265 1293 378 1356; x_wconf 87' lang='lat' dir='ltr'><strong>cultura</strong></span> <span class='ocrx_word' id='word_1_102' title='bbox 398 1294 572 1356; x_wconf 88' lang='lat' dir='ltr'><strong>communef</strong></span> <span class='ocrx_word' id='word_1_103' title='bbox 606 1291 708 1375; x_wconf 81' lang='lat' dir='ltr'><strong>Quare</strong></span> <span class='ocrx_word' id='word_1_104' title='bbox 724 1313 783 1356; x_wconf 83' lang='lat' dir='ltr'><strong>vox</strong></span> <span class='ocrx_word' id='word_1_105' title='bbox 799 1291 847 1354; x_wconf 88' lang='lat' dir='ltr'><strong>illa</strong></span> <span class='ocrx_word' id='word_1_106' title='bbox 864 1291 934 1356; x_wconf 87' lang='lat' dir='ltr'><strong>siae</strong></span> <span class='ocrx_word' id='word_1_107' title='bbox 946 1291 1005 1354; x_wconf 92' lang='lat' dir='ltr'><strong>ullo</strong></span> <span class='ocrx_word' id='word_1_108' title='bbox 1020 1291 1188 1356; x_wconf 88' lang='lat' dir='ltr'><strong>discrimine</strong></span> <span class='ocrx_word' id='word_1_109' title='bbox 1203 1292 1267 1356; x_wconf 88' lang='lat' dir='ltr'><strong>nni·</strong></span> 
     </span>
     <span class='ocr_line' id='line_1_12' title="bbox 108 1393 1264 1480; baseline 0 -22"><span class='ocrx_word' id='word_1_110' title='bbox 108 1415 215 1459; x_wconf 86' lang='lat' dir='ltr'><strong>versos</strong></span> <span class='ocrx_word' id='word_1_111' title='bbox 239 1396 325 1458; x_wconf 87' lang='lat' dir='ltr'><strong>simul</strong></span> <span class='ocrx_word' id='word_1_112' title='bbox 348 1395 492 1480; x_wconf 84' lang='lat' dir='ltr'><strong>appellat,</strong></span> <span class='ocrx_word' id='word_1_113' title='bbox 516 1399 659 1476; x_wconf 80' lang='lat' dir='ltr'><strong>Praeparo</strong></span> <span class='ocrx_word' id='word_1_114' title='bbox 676 1407 703 1456; x_wconf 79' lang='lat' dir='ltr'><strong>tc</strong></span> <span class='ocrx_word' id='word_1_115' title='bbox 718 1399 757 1456; x_wconf 86' lang='lat' dir='ltr'><strong>nd</strong></span> <span class='ocrx_word' id='word_1_116' title='bbox 769 1417 887 1474; x_wconf 60' lang='lat' dir='ltr'><strong>agrum</strong></span> <span class='ocrx_word' id='word_1_117' title='bbox 912 1405 999 1478; x_wconf 83' lang='lat' dir='ltr'><strong>atque</strong></span> <span class='ocrx_word' id='word_1_118' title='bbox 1021 1393 1090 1460; x_wconf 90' lang='lat' dir='ltr'><strong>illud</strong></span> <span class='ocrx_word' id='word_1_119' title='bbox 1108 1393 1264 1476; x_wconf 77' lang='lat' dir='ltr'><strong>signifieat,</strong></span> 
     </span>
     <span class='ocr_line' id='line_1_13' title="bbox 109 1497 1267 1583; baseline 0.001 -23"><span class='ocrx_word' id='word_1_120' title='bbox 109 1498 238 1562; x_wconf 90' lang='lat' dir='ltr'><strong>omnium</strong></span> <span class='ocrx_word' id='word_1_121' title='bbox 257 1498 404 1561; x_wconf 88' lang='lat' dir='ltr'><strong>bominum</strong></span> <span class='ocrx_word' id='word_1_122' title='bbox 422 1497 544 1581; x_wconf 76' lang='lat' dir='ltr'><strong>generi,</strong></span> <span class='ocrx_word' id='word_1_123' title='bbox 569 1507 628 1560; x_wconf 86' lang='lat' dir='ltr'><strong>tam</strong></span> <span class='ocrx_word' id='word_1_124' title='bbox 643 1497 754 1560; x_wconf 85' lang='lat' dir='ltr'><strong>urbano</strong></span> <span class='ocrx_word' id='word_1_125' title='bbox 774 1517 860 1580; x_wconf 84' lang='lat' dir='ltr'><strong>quarn</strong></span> <span class='ocrx_word' id='word_1_126' title='bbox 876 1498 1003 1574; x_wconf 91' lang='lat' dir='ltr'><strong>rustico,</strong></span> <span class='ocrx_word' id='word_1_127' title='bbox 1028 1498 1161 1580; x_wconf 90' lang='lat' dir='ltr'><strong>corporis</strong></span> <span class='ocrx_word' id='word_1_128' title='bbox 1177 1498 1267 1583; x_wconf 78' lang='lat' dir='ltr'><strong>depo</strong></span> 
     </span>
     <span class='ocr_line' id='line_1_14' title="bbox 108 1599 1263 1684; baseline 0.003 -23"><span class='ocrx_word' id='word_1_129' title='bbox 108 1601 247 1664; x_wconf 86' lang='lat' dir='ltr'><strong>sitionem</strong></span> <span class='ocrx_word' id='word_1_130' title='bbox 278 1601 341 1684; x_wconf 82' lang='lat' dir='ltr'><strong>agri</strong></span> <span class='ocrx_word' id='word_1_131' title='bbox 369 1601 463 1664; x_wconf 89' lang='lat' dir='ltr'><strong>instar</strong></span> <span class='ocrx_word' id='word_1_132' title='bbox 494 1619 581 1680; x_wconf 88' lang='lat' dir='ltr'><strong>esse,</strong></span> <span class='ocrx_word' id='word_1_133' title='bbox 616 1611 735 1684; x_wconf 87' lang='lat' dir='ltr'><strong>propter</strong></span> <span class='ocrx_word' id='word_1_134' title='bbox 761 1599 939 1683; x_wconf 87' lang='lat' dir='ltr'><strong>sepulturam</strong></span> <span class='ocrx_word' id='word_1_135' title='bbox 968 1621 1003 1660; x_wconf 90' lang='lat' dir='ltr'><strong>aa</strong></span> <span class='ocrx_word' id='word_1_136' title='bbox 1031 1599 1109 1662; x_wconf 86' lang='lat' dir='ltr'><strong>vitae</strong></span> <span class='ocrx_word' id='word_1_137' title='bbox 1139 1600 1263 1664; x_wconf 76' lang='lat' dir='ltr'><strong>exitum.</strong></span> 
     </span>
     <span class='ocr_line' id='line_1_15' title="bbox 109 1700 1266 1787; baseline -0.001 -21"><span class='ocrx_word' id='word_1_138' title='bbox 109 1700 227 1766; x_wconf 82' lang='lat' dir='ltr'><strong>Deinde</strong></span> <span class='ocrx_word' id='word_1_139' title='bbox 244 1703 367 1766; x_wconf 90' lang='lat' dir='ltr'><strong>eandem</strong></span> <span class='ocrx_word' id='word_1_140' title='bbox 384 1723 465 1787; x_wconf 85' lang='lat' dir='ltr'><strong>spem</strong></span> <span class='ocrx_word' id='word_1_141' title='bbox 490 1702 718 1766; x_wconf 86' lang='lat' dir='ltr'><strong>resurrectionis</strong></span> <span class='ocrx_word' id='word_1_142' title='bbox 741 1712 894 1766; x_wconf 86' lang='lat' dir='ltr'><strong>ostentans</strong></span> <span class='ocrx_word' id='word_1_143' title='bbox 916 1701 1012 1778; x_wconf 87' lang='lat' dir='ltr'><strong>addit,</strong></span> <span class='ocrx_word' id='word_1_144' title='bbox 1037 1705 1077 1762; x_wconf 83' lang='lat' dir='ltr'><strong>Et</strong></span> <span class='ocrx_word' id='word_1_145' title='bbox 1093 1705 1266 1766; x_wconf 73' lang='lat' dir='ltr'><strong>rnemuredfs</strong></span> 
     </span>
     <span class='ocr_line' id='line_1_16' title="bbox 107 1802 1264 1890; baseline 0.003 -24"><span class='ocrx_word' id='word_1_146' title='bbox 107 1809 219 1868; x_wconf 81' lang='lat' dir='ltr'><strong>domun</strong></span> <span class='ocrx_word' id='word_1_147' title='bbox 237 1817 323 1866; x_wconf 81' lang='lat' dir='ltr'><strong>tuom.</strong></span> <span class='ocrx_word' id='word_1_148' title='bbox 371 1802 486 1890; x_wconf 81' lang='lat' dir='ltr'><strong>Quippe</strong></span> <span class='ocrx_word' id='word_1_149' title='bbox 501 1805 593 1868; x_wconf 87' lang='lat' dir='ltr'><strong>semel</strong></span> <span class='ocrx_word' id='word_1_150' title='bbox 611 1827 676 1868; x_wconf 77' lang='lat' dir='ltr'><strong>cuni</strong></span> <span class='ocrx_word' id='word_1_151' title='bbox 694 1804 724 1866; x_wconf 90' lang='lat' dir='ltr'><strong>iu</strong></span> <span class='ocrx_word' id='word_1_152' title='bbox 744 1813 828 1868; x_wconf 83' lang='lat' dir='ltr'><strong>utero</strong></span> <span class='ocrx_word' id='word_1_153' title='bbox 847 1805 1026 1868; x_wconf 87' lang='lat' dir='ltr'><strong>formaretur</strong></span> <span class='ocrx_word' id='word_1_154' title='bbox 1041 1813 1087 1867; x_wconf 87' lang='lat' dir='ltr'><strong>est</strong></span> <span class='ocrx_word' id='word_1_155' title='bbox 1101 1815 1264 1886; x_wconf 75' lang='lat' dir='ltr'><strong>exstructa,</strong></span> 
     </span>
     <span class='ocr_line' id='line_1_17' title="bbox 109 1906 1266 1993; baseline 0.002 -23"><span class='ocrx_word' id='word_1_156' title='bbox 109 1929 175 1972; x_wconf 84' lang='lat' dir='ltr'><strong>conr</strong></span> <span class='ocrx_word' id='word_1_157' title='bbox 197 1908 312 1972; x_wconf 88' lang='lat' dir='ltr'><strong>scilicet</strong></span> <span class='ocrx_word' id='word_1_158' title='bbox 329 1927 563 1991; x_wconf 88' lang='lat' dir='ltr'><strong>unumquemque</strong></span> <span class='ocrx_word' id='word_1_159' title='bbox 581 1919 713 1970; x_wconf 90' lang='lat' dir='ltr'><strong>nostrum</strong></span> <span class='ocrx_word' id='word_1_160' title='bbox 733 1919 842 1970; x_wconf 87' lang='lat' dir='ltr'><strong>matres</strong></span> <span class='ocrx_word' id='word_1_161' title='bbox 865 1906 990 1991; x_wconf 82' lang='lat' dir='ltr'><strong>fingendi</strong></span> <span class='ocrx_word' id='word_1_162' title='bbox 1014 1927 1118 1970; x_wconf 88' lang='lat' dir='ltr'><strong>caussa</strong></span> <span class='ocrx_word' id='word_1_163' title='bbox 1140 1909 1266 1993; x_wconf 88' lang='lat' dir='ltr'><strong>parturi·</strong></span> 
     </span>
     <span class='ocr_line' id='line_1_18' title="bbox 108 2009 1264 2097; baseline 0.003 -25"><span class='ocrx_word' id='word_1_164' title='bbox 108 2021 188 2073; x_wconf 90' lang='lat' dir='ltr'><strong>rent.</strong></span> <span class='ocrx_word' id='word_1_165' title='bbox 236 2009 314 2073; x_wconf 75' lang='lat' dir='ltr'><strong>&#39;l&#39;nm</strong></span> <span class='ocrx_word' id='word_1_166' title='bbox 337 2031 353 2072; x_wconf 87' lang='lat' dir='ltr'><strong>n</strong></span> <span class='ocrx_word' id='word_1_167' title='bbox 377 2020 456 2072; x_wconf 86' lang='lat' dir='ltr'><strong>terra</strong></span> <span class='ocrx_word' id='word_1_168' title='bbox 477 2011 508 2072; x_wconf 85' lang='lat' dir='ltr'><strong>fit</strong></span> <span class='ocrx_word' id='word_1_169' title='bbox 528 2029 638 2092; x_wconf 83' lang='lat' dir='ltr'><strong>agrove</strong></span> <span class='ocrx_word' id='word_1_170' title='bbox 661 2009 858 2087; x_wconf 89' lang='lat' dir='ltr'><strong>resurrectio,</strong></span> <span class='ocrx_word' id='word_1_171' title='bbox 886 2027 952 2074; x_wconf 90' lang='lat' dir='ltr'><strong>cum</strong></span> <span class='ocrx_word' id='word_1_172' title='bbox 971 2033 1077 2076; x_wconf 87' lang='lat' dir='ltr'><strong>eversa</strong></span> <span class='ocrx_word' id='word_1_173' title='bbox 1100 2011 1264 2097; x_wconf 83' lang='lat' dir='ltr'><strong>postillam</strong></span> 
     </span>
     <span class='ocr_line' id='line_1_19' title="bbox 108 2108 1265 2199; baseline 0.003 -23"><span class='ocrx_word' id='word_1_174' title='bbox 108 2114 139 2176; x_wconf 94' lang='lat' dir='ltr'><strong>in</strong></span> <span class='ocrx_word' id='word_1_175' title='bbox 154 2111 339 2197; x_wconf 71' lang='lat' dir='ltr'><strong>sepulchrum</strong></span> <span class='ocrx_word' id='word_1_176' title='bbox 356 2112 549 2176; x_wconf 88' lang='lat' dir='ltr'><strong>deiectionem</strong></span> <span class='ocrx_word' id='word_1_177' title='bbox 567 2113 669 2176; x_wconf 88' lang='lat' dir='ltr'><strong>domus</strong></span> <span class='ocrx_word' id='word_1_178' title='bbox 687 2112 821 2195; x_wconf 85' lang='lat' dir='ltr'><strong>erigitur.</strong></span> <span class='ocrx_word' id='word_1_179' title='bbox 868 2108 953 2194; x_wconf 81' lang='lat' dir='ltr'><strong>Quod</strong></span> <span class='ocrx_word' id='word_1_180' title='bbox 977 2125 1006 2178; x_wconf 90' lang='lat' dir='ltr'><strong>et</strong></span> <span class='ocrx_word' id='word_1_181' title='bbox 1023 2115 1192 2199; x_wconf 85' lang='lat' dir='ltr'><strong>redemptor</strong></span> <span class='ocrx_word' id='word_1_182' title='bbox 1212 2137 1265 2180; x_wconf 90' lang='lat' dir='ltr'><strong>no·</strong></span> 
     </span>
     <span class='ocr_line' id='line_1_20' title="bbox 112 2215 1418 2300; baseline 0.004 -23"><span class='ocrx_word' id='word_1_183' title='bbox 112 2227 177 2278; x_wconf 84' lang='lat' dir='ltr'><strong>ster</strong></span> <span class='ocrx_word' id='word_1_184' title='bbox 192 2216 237 2278; x_wconf 87' lang='lat' dir='ltr'><strong>sic</strong></span> <span class='ocrx_word' id='word_1_185' title='bbox 256 2216 371 2279; x_wconf 89' lang='lat' dir='ltr'><strong>loeutus</strong></span> <span class='ocrx_word' id='word_1_186' title='bbox 388 2215 518 2300; x_wconf 84' lang='lat' dir='ltr'><strong>operuit:</strong></span> <span class='ocrx_word' id='word_1_187' title='bbox 542 2219 651 2278; x_wconf 79' lang='lat' dir='ltr'><strong>Solvite</strong></span> <span class='ocrx_word' id='word_1_188' title='bbox 667 2218 880 2296; x_wconf 75' lang='lat' dir='ltr'><strong>temptandae,</strong></span> <span class='ocrx_word' id='word_1_189' title='bbox 905 2228 935 2276; x_wconf 83' lang='lat' dir='ltr'><strong>et</strong></span> <span class='ocrx_word' id='word_1_190' title='bbox 950 2221 979 2278; x_wconf 82' lang='lat' dir='ltr'><strong>fn</strong></span> <span class='ocrx_word' id='word_1_191' title='bbox 998 2219 1089 2278; x_wconf 78' lang='lat' dir='ltr'><strong>bubus</strong></span> <span class='ocrx_word' id='word_1_192' title='bbox 1106 2220 1204 2280; x_wconf 73' lang='lat' dir='ltr'><strong>dicdum</strong></span> <span class='ocrx_word' id='word_1_193' title='bbox 1217 2237 1349 2282; x_wconf 73' lang='lat' dir='ltr'><strong>su-toauu.</strong></span> <span class='ocrx_word' id='word_1_194' title='bbox 1357 2239 1378 2294; x_wconf 82' lang='lat'><strong>2,</strong></span> <span class='ocrx_word' id='word_1_195' title='bbox 1387 2239 1418 2284; x_wconf 88' lang='grc' dir='ltr'><strong>ιι.</strong></span> 
     </span>
     <span class='ocr_line' id='line_1_21' title="bbox 109 2318 1382 2410; baseline 0.004 -30"><span class='ocrx_word' id='word_1_196' title='bbox 109 2319 220 2380; x_wconf 76' lang='lat' dir='ltr'><strong>scitule</strong></span> <span class='ocrx_word' id='word_1_197' title='bbox 240 2322 327 2392; x_wconf 69' lang='lat' dir='ltr'><strong>illud,</strong></span> <span class='ocrx_word' id='word_1_198' title='bbox 352 2318 416 2382; x_wconf 85' lang='lat' dir='ltr'><strong>sive</strong></span> <span class='ocrx_word' id='word_1_199' title='bbox 435 2318 613 2396; x_wconf 81' lang='lat' dir='ltr'><strong>aedificab03</strong></span> <span class='ocrx_word' id='word_1_200' title='bbox 643 2329 744 2403; x_wconf 90' lang='lat' dir='ltr'><strong>utpote</strong></span> <span class='ocrx_word' id='word_1_201' title='bbox 767 2338 832 2381; x_wconf 89' lang='lat' dir='ltr'><strong>cnm</strong></span> <span class='ocrx_word' id='word_1_202' title='bbox 857 2319 999 2402; x_wconf 87' lang='lat' dir='ltr'><strong>sapientia</strong></span> <span class='ocrx_word' id='word_1_203' title='bbox 1022 2320 1077 2398; x_wconf 89' lang='lat' dir='ltr'><strong>sit,</strong></span> <span class='ocrx_word' id='word_1_204' title='bbox 1101 2331 1131 2382; x_wconf 88' lang='lat' dir='ltr'><strong>et</strong></span> <span class='ocrx_word' id='word_1_205' title='bbox 1152 2321 1287 2404; x_wconf 85' lang='lat' dir='ltr'><strong>quidem&#39;</strong></span> <span class='ocrx_word' id='word_1_206' title='bbox 1378 2396 1382 2410; x_wconf 34' lang='grc' dir='ltr'>ι</span> 
     </span>
     <span class='ocr_line' id='line_1_22' title="bbox 114 2421 1418 2508; baseline 0.007 -26"><span class='ocrx_word' id='word_1_207' title='bbox 114 2441 172 2505; x_wconf 88' lang='lat' dir='ltr'><strong>pra</strong></span> <span class='ocrx_word' id='word_1_208' title='bbox 187 2442 300 2485; x_wconf 89' lang='lat' dir='ltr'><strong>summa</strong></span> <span class='ocrx_word' id='word_1_209' title='bbox 318 2442 371 2484; x_wconf 87' lang='lat' dir='ltr'><strong>sca</strong></span> <span class='ocrx_word' id='word_1_210' title='bbox 395 2421 563 2506; x_wconf 88' lang='lat' dir='ltr'><strong>prudentia,</strong></span> <span class='ocrx_word' id='word_1_211' title='bbox 596 2441 680 2504; x_wconf 86' lang='lat' dir='ltr'><strong>qnam</strong></span> <span class='ocrx_word' id='word_1_212' title='bbox 706 2423 786 2484; x_wconf 79' lang='lat' dir='ltr'><strong>nulfo</strong></span> <span class='ocrx_word' id='word_1_213' title='bbox 807 2425 947 2484; x_wconf 73' lang='lat' dir='ltr'><strong>domenum</strong></span> <span class='ocrx_word' id='word_1_214' title='bbox 969 2427 1147 2502; x_wconf 73' lang='lat' dir='ltr'><strong>investigatio</strong></span> <span class='ocrx_word' id='word_1_215' title='bbox 1171 2433 1418 2508; x_wconf 58' lang='lat' dir='ltr'><strong>potestantem</strong></span> 
     </span>
     <span class='ocr_line' id='line_1_23' title="bbox 113 2520 1268 2610; baseline 0.003 -24"><span class='ocrx_word' id='word_1_216' title='bbox 113 2523 245 2607; x_wconf 77' lang='lat' dir='ltr'><strong>assequi.</strong></span> <span class='ocrx_word' id='word_1_217' title='bbox 291 2520 357 2606; x_wconf 81' lang='lat' dir='ltr'><strong>Qun</strong></span> <span class='ocrx_word' id='word_1_218' title='bbox 373 2524 460 2586; x_wconf 88' lang='lat' dir='ltr'><strong>etiam</strong></span> <span class='ocrx_word' id='word_1_219' title='bbox 478 2522 626 2608; x_wconf 86' lang='lat' dir='ltr'><strong>praeditus</strong></span> <span class='ocrx_word' id='word_1_220' title='bbox 641 2523 814 2586; x_wconf 87' lang='lat' dir='ltr'><strong>difficillimis</strong></span> <span class='ocrx_word' id='word_1_221' title='bbox 831 2543 871 2586; x_wconf 81' lang='lat' dir='ltr'><strong>en</strong></span> <span class='ocrx_word' id='word_1_222' title='bbox 885 2522 976 2604; x_wconf 90' lang='lat' dir='ltr'><strong>locis,</strong></span> <span class='ocrx_word' id='word_1_223' title='bbox 1000 2524 1127 2610; x_wconf 89' lang='lat' dir='ltr'><strong>delapsis</strong></span> <span class='ocrx_word' id='word_1_224' title='bbox 1143 2525 1268 2590; x_wconf 89' lang='lat' dir='ltr'><strong>dissolu·</strong></span> 
     </span>
     <span class='ocr_line' id='line_1_24' title="bbox 112 2626 1267 2712; baseline 0.002 -22"><span class='ocrx_word' id='word_1_225' title='bbox 112 2627 212 2711; x_wconf 85' lang='lat' dir='ltr'><strong>tisque</strong></span> <span class='ocrx_word' id='word_1_226' title='bbox 228 2626 400 2711; x_wconf 84' lang='lat' dir='ltr'><strong>corporibus</strong></span> <span class='ocrx_word' id='word_1_227' title='bbox 417 2627 545 2704; x_wconf 87' lang='lat' dir='ltr'><strong>nostris,</strong></span> <span class='ocrx_word' id='word_1_228' title='bbox 569 2649 604 2690; x_wconf 89' lang='lat' dir='ltr'><strong>ac</strong></span> <span class='ocrx_word' id='word_1_229' title='bbox 620 2627 722 2712; x_wconf 84' lang='lat' dir='ltr'><strong>partim</strong></span> <span class='ocrx_word' id='word_1_230' title='bbox 738 2627 767 2690; x_wconf 93' lang='lat' dir='ltr'><strong>iu</strong></span> <span class='ocrx_word' id='word_1_231' title='bbox 785 2626 901 2690; x_wconf 86' lang='lat' dir='ltr'><strong>cineres</strong></span> <span class='ocrx_word' id='word_1_232' title='bbox 920 2627 1089 2706; x_wconf 85' lang='lat' dir='ltr'><strong>conversis,</strong></span> <span class='ocrx_word' id='word_1_233' title='bbox 1113 2627 1214 2712; x_wconf 87' lang='lat' dir='ltr'><strong>partim</strong></span> <span class='ocrx_word' id='word_1_234' title='bbox 1237 2629 1267 2694; x_wconf 89' lang='lat' dir='ltr'><strong>in</strong></span> 
     </span>
     <span class='ocr_line' id='line_1_25' title="bbox 115 2711 1267 2814; baseline 0.005 -22"><span class='ocrx_word' id='word_1_235' title='bbox 115 2729 207 2807; x_wconf 88' lang='lat' dir='ltr'><strong>mari,</strong></span> <span class='ocrx_word' id='word_1_236' title='bbox 233 2730 334 2814; x_wconf 86' lang='lat' dir='ltr'><strong>partim</strong></span> <span class='ocrx_word' id='word_1_237' title='bbox 354 2751 371 2792; x_wconf 88' lang='lat' dir='ltr'><strong>a</strong></span> <span class='ocrx_word' id='word_1_238' title='bbox 389 2729 552 2794; x_wconf 86' lang='lat' dir='ltr'><strong>carnivoris</strong></span> <span class='ocrx_word' id='word_1_239' title='bbox 569 2729 684 2807; x_wconf 85' lang='lat' dir='ltr'><strong>avibus,</strong></span> <span class='ocrx_word' id='word_1_240' title='bbox 707 2729 811 2814; x_wconf 89' lang='lat' dir='ltr'><strong>partim</strong></span> <span class='ocrx_word' id='word_1_241' title='bbox 828 2750 844 2792; x_wconf 90' lang='lat' dir='ltr'><strong>a</strong></span> <span class='ocrx_word' id='word_1_242' title='bbox 863 2729 977 2810; x_wconf 89' lang='lat' dir='ltr'><strong>bestiis,</strong></span> <span class='ocrx_word' id='word_1_243' title='bbox 1001 2711 1105 2814; x_wconf 85' lang='lat' dir='ltr'><strong>partim</strong></span> <span class='ocrx_word' id='word_1_244' title='bbox 1118 2731 1267 2798; x_wconf 81' lang='lat' dir='ltr'><strong>vermibus</strong></span> 
     </span>
     <span class='ocr_line' id='line_1_26' title="bbox 114 2831 812 2917; baseline 0 -23"><span class='ocrx_word' id='word_1_245' title='bbox 114 2831 314 2917; x_wconf 72' lang='lat' dir='ltr'><strong>consumptis,</strong></span> <span class='ocrx_word' id='word_1_246' title='bbox 339 2833 440 2896; x_wconf 87' lang='lat' dir='ltr'><strong>eodem</strong></span> <span class='ocrx_word' id='word_1_247' title='bbox 465 2831 651 2896; x_wconf 88' lang='lat' dir='ltr'><strong>nibilominus</strong></span> <span class='ocrx_word' id='word_1_248' title='bbox 674 2831 812 2894; x_wconf 84' lang='lat' dir='ltr'><strong>restituit.</strong></span> 
     </span>
    </p>

    <p class='ocr_par' dir='ltr' id='par_1_3' title="bbox 110 2932 1420 4456">
     <span class='ocr_line' id='line_1_27' title="bbox 201 2932 1379 3020; baseline 0.002 -22"><span class='ocrx_word' id='word_1_249' title='bbox 201 2932 278 2998; x_wconf 85' lang='lat' dir='ltr'><strong>Nam</strong></span> <span class='ocrx_word' id='word_1_250' title='bbox 295 2935 321 2997; x_wconf 89' lang='lat' dir='ltr'><strong>si</strong></span> <span class='ocrx_word' id='word_1_251' title='bbox 338 2955 412 3020; x_wconf 86' lang='lat' dir='ltr'><strong>quac</strong></span> <span class='ocrx_word' id='word_1_252' title='bbox 434 2934 505 2997; x_wconf 90' lang='lat' dir='ltr'><strong>nibil</strong></span> <span class='ocrx_word' id='word_1_253' title='bbox 521 2946 623 3013; x_wconf 77' lang='lat' dir='ltr'><strong>orarit,</strong></span> <span class='ocrx_word' id='word_1_254' title='bbox 647 2934 753 3018; x_wconf 90' lang='lat' dir='ltr'><strong>aliquid</strong></span> <span class='ocrx_word' id='word_1_255' title='bbox 772 2945 802 2997; x_wconf 91' lang='lat' dir='ltr'><strong>ut</strong></span> <span class='ocrx_word' id='word_1_256' title='bbox 820 2944 938 3013; x_wconf 90' lang='lat' dir='ltr'><strong>essent,</strong></span> <span class='ocrx_word' id='word_1_257' title='bbox 961 2935 1135 3019; x_wconf 82' lang='lat' dir='ltr'><strong>perfecerit,</strong></span> <span class='ocrx_word' id='word_1_258' title='bbox 1159 2946 1267 3019; x_wconf 88' lang='lat' dir='ltr'><strong>quanto</strong></span> <span class='ocrx_word' id='word_1_259' title='bbox 1319 2939 1379 3008; x_wconf 69' lang='lat' dir='ltr'><strong>cap.</strong></span> 
     </span>
     <span class='ocr_line' id='line_1_28' title="bbox 114 3036 1268 3122; baseline 0.002 -22"><span class='ocrx_word' id='word_1_260' title='bbox 114 3039 142 3100; x_wconf 93' lang='lat' dir='ltr'><strong>id</strong></span> <span class='ocrx_word' id='word_1_261' title='bbox 162 3038 238 3121; x_wconf 93' lang='lat' dir='ltr'><strong>quod</strong></span> <span class='ocrx_word' id='word_1_262' title='bbox 255 3036 311 3100; x_wconf 88' lang='lat' dir='ltr'><strong>iam</strong></span> <span class='ocrx_word' id='word_1_263' title='bbox 328 3037 431 3100; x_wconf 78' lang='lat' dir='ltr'><strong>existit</strong></span> <span class='ocrx_word' id='word_1_264' title='bbox 450 3038 594 3122; x_wconf 88' lang='lat' dir='ltr'><strong>propriam</strong></span> <span class='ocrx_word' id='word_1_265' title='bbox 612 3038 640 3102; x_wconf 91' lang='lat' dir='ltr'><strong>in</strong></span> <span class='ocrx_word' id='word_1_266' title='bbox 660 3048 793 3100; x_wconf 85' lang='lat' dir='ltr'><strong>naturam</strong></span> <span class='ocrx_word' id='word_1_267' title='bbox 812 3037 1066 3120; x_wconf 86' lang='lat' dir='ltr'><strong>conditionemque</strong></span> <span class='ocrx_word' id='word_1_268' title='bbox 1089 3037 1202 3102; x_wconf 86' lang='lat' dir='ltr'><strong>facilius</strong></span> <span class='ocrx_word' id='word_1_269' title='bbox 1223 3061 1268 3102; x_wconf 85' lang='lat' dir='ltr'><strong>rn-</strong></span> 
     </span>
     <span class='ocr_line' id='line_1_29' title="bbox 113 3138 1266 3223; baseline 0.001 -20"><span class='ocrx_word' id='word_1_270' title='bbox 113 3138 276 3219; x_wconf 86' lang='lat' dir='ltr'><strong>staurabit,</strong></span> <span class='ocrx_word' id='word_1_271' title='bbox 301 3151 332 3203; x_wconf 87' lang='lat' dir='ltr'><strong>ot</strong></span> <span class='ocrx_word' id='word_1_272' title='bbox 346 3150 376 3204; x_wconf 90' lang='lat' dir='ltr'><strong>et</strong></span> <span class='ocrx_word' id='word_1_273' title='bbox 388 3149 500 3204; x_wconf 91' lang='lat' dir='ltr'><strong>rectum</strong></span> <span class='ocrx_word' id='word_1_274' title='bbox 516 3139 652 3204; x_wconf 87' lang='lat' dir='ltr'><strong>iudicium</strong></span> <span class='ocrx_word' id='word_1_275' title='bbox 669 3139 819 3217; x_wconf 86' lang='lat' dir='ltr'><strong>institunt,</strong></span> <span class='ocrx_word' id='word_1_276' title='bbox 845 3149 876 3202; x_wconf 88' lang='lat' dir='ltr'><strong>et</strong></span> <span class='ocrx_word' id='word_1_277' title='bbox 890 3138 1013 3203; x_wconf 90' lang='lat' dir='ltr'><strong>alterum</strong></span> <span class='ocrx_word' id='word_1_278' title='bbox 1028 3161 1079 3223; x_wconf 88' lang='lat' dir='ltr'><strong>pro</strong></span> <span class='ocrx_word' id='word_1_279' title='bbox 1097 3139 1191 3204; x_wconf 84' lang='lat' dir='ltr'><strong>altero</strong></span> <span class='ocrx_word' id='word_1_280' title='bbox 1208 3161 1266 3204; x_wconf 93' lang='lat' dir='ltr'><strong>non</strong></span> 
     </span>
     <span class='ocr_line' id='line_1_30' title="bbox 114 3241 1269 3329; baseline 0.002 -23"><span class='ocrx_word' id='word_1_281' title='bbox 114 3243 311 3322; x_wconf 85' lang='lat' dir='ltr'><strong>condemnet,</strong></span> <span class='ocrx_word' id='word_1_282' title='bbox 336 3255 365 3306; x_wconf 91' lang='lat' dir='ltr'><strong>et</strong></span> <span class='ocrx_word' id='word_1_283' title='bbox 384 3244 460 3326; x_wconf 92' lang='lat' dir='ltr'><strong>quod</strong></span> <span class='ocrx_word' id='word_1_284' title='bbox 483 3241 586 3305; x_wconf 85' lang='lat' dir='ltr'><strong>labore</strong></span> <span class='ocrx_word' id='word_1_285' title='bbox 609 3243 760 3326; x_wconf 76' lang='lat' dir='ltr'><strong>fatigatam</strong></span> <span class='ocrx_word' id='word_1_286' title='bbox 782 3252 829 3306; x_wconf 90' lang='lat' dir='ltr'><strong>est</strong></span> <span class='ocrx_word' id='word_1_287' title='bbox 843 3262 897 3306; x_wconf 85' lang='lat' dir='ltr'><strong>sua</strong></span> <span class='ocrx_word' id='word_1_288' title='bbox 914 3241 1049 3306; x_wconf 85' lang='lat' dir='ltr'><strong>mercede</strong></span> <span class='ocrx_word' id='word_1_289' title='bbox 1071 3263 1130 3306; x_wconf 91' lang='lat' dir='ltr'><strong>non</strong></span> <span class='ocrx_word' id='word_1_290' title='bbox 1153 3243 1269 3329; x_wconf 83' lang='lat' dir='ltr'><strong>privati</strong></span> 
     </span>
     <span class='ocr_line' id='line_1_31' title="bbox 114 3343 1268 3431; baseline 0.002 -23"><span class='ocrx_word' id='word_1_291' title='bbox 114 3343 235 3408; x_wconf 87' lang='lat' dir='ltr'><strong>Etenim</strong></span> <span class='ocrx_word' id='word_1_292' title='bbox 250 3345 276 3408; x_wconf 86' lang='lat' dir='ltr'><strong>si</strong></span> <span class='ocrx_word' id='word_1_293' title='bbox 293 3346 329 3408; x_wconf 86' lang='lat' dir='ltr'><strong>ad</strong></span> <span class='ocrx_word' id='word_1_294' title='bbox 344 3344 436 3410; x_wconf 87' lang='lat' dir='ltr'><strong>solem</strong></span> <span class='ocrx_word' id='word_1_295' title='bbox 456 3345 581 3408; x_wconf 88' lang='lat' dir='ltr'><strong>animam</strong></span> <span class='ocrx_word' id='word_1_296' title='bbox 600 3345 711 3409; x_wconf 88' lang='lat' dir='ltr'><strong>fructus</strong></span> <span class='ocrx_word' id='word_1_297' title='bbox 728 3356 759 3410; x_wconf 93' lang='lat' dir='ltr'><strong>et</strong></span> <span class='ocrx_word' id='word_1_298' title='bbox 774 3345 912 3408; x_wconf 88' lang='lat' dir='ltr'><strong>coelestis</strong></span> <span class='ocrx_word' id='word_1_299' title='bbox 927 3344 1011 3428; x_wconf 85' lang='lat' dir='ltr'><strong>regni</strong></span> <span class='ocrx_word' id='word_1_300' title='bbox 1030 3345 1179 3430; x_wconf 88' lang='lat' dir='ltr'><strong>possessio</strong></span> <span class='ocrx_word' id='word_1_301' title='bbox 1201 3367 1268 3431; x_wconf 91' lang='lat' dir='ltr'><strong>per·</strong></span> 
     </span>
     <span class='ocr_line' id='line_1_32' title="bbox 115 3447 1266 3533; baseline 0 -21"><span class='ocrx_word' id='word_1_302' title='bbox 115 3449 202 3526; x_wconf 90' lang='lat' dir='ltr'><strong>tinet,</strong></span> <span class='ocrx_word' id='word_1_303' title='bbox 222 3467 295 3512; x_wconf 86' lang='lat' dir='ltr'><strong>eane</strong></span> <span class='ocrx_word' id='word_1_304' title='bbox 310 3468 414 3531; x_wconf 87' lang='lat' dir='ltr'><strong>corpus</strong></span> <span class='ocrx_word' id='word_1_305' title='bbox 427 3447 464 3512; x_wconf 92' lang='lat' dir='ltr'><strong>iis</strong></span> <span class='ocrx_word' id='word_1_306' title='bbox 479 3447 614 3510; x_wconf 90' lang='lat' dir='ltr'><strong>omnibus</strong></span> <span class='ocrx_word' id='word_1_307' title='bbox 631 3469 705 3532; x_wconf 84' lang='lat' dir='ltr'><strong>qnae</strong></span> <span class='ocrx_word' id='word_1_308' title='bbox 722 3447 924 3533; x_wconf 85' lang='lat' dir='ltr'><strong>concupiverit</strong></span> <span class='ocrx_word' id='word_1_309' title='bbox 939 3449 1064 3526; x_wconf 86' lang='lat' dir='ltr'><strong>fruator,</strong></span> <span class='ocrx_word' id='word_1_310' title='bbox 1083 3459 1221 3514; x_wconf 87' lang='lat' dir='ltr'><strong>versetur</strong></span> <span class='ocrx_word' id='word_1_311' title='bbox 1236 3449 1266 3514; x_wconf 92' lang='lat' dir='ltr'><strong>in</strong></span> 
     </span>
     <span class='ocr_line' id='line_1_33' title="bbox 114 3547 1268 3634; baseline 0 -20"><span class='ocrx_word' id='word_1_312' title='bbox 114 3551 229 3616; x_wconf 83' lang='lat' dir='ltr'><strong>deficiis</strong></span> <span class='ocrx_word' id='word_1_313' title='bbox 245 3547 384 3630; x_wconf 84' lang='lat' dir='ltr'><strong>Gedeon,</strong></span> <span class='ocrx_word' id='word_1_314' title='bbox 409 3571 506 3634; x_wconf 88' lang='lat' dir='ltr'><strong>nequo</strong></span> <span class='ocrx_word' id='word_1_315' title='bbox 524 3551 632 3614; x_wconf 79' lang='lat' dir='ltr'><strong>frustm</strong></span> <span class='ocrx_word' id='word_1_316' title='bbox 649 3547 775 3614; x_wconf 83' lang='lat' dir='ltr'><strong>loannes</strong></span> <span class='ocrx_word' id='word_1_317' title='bbox 796 3549 897 3614; x_wconf 90' lang='lat' dir='ltr'><strong>labore</strong></span> <span class='ocrx_word' id='word_1_318' title='bbox 918 3571 952 3616; x_wconf 83' lang='lat' dir='ltr'><strong>se</strong></span> <span class='ocrx_word' id='word_1_319' title='bbox 973 3551 1101 3628; x_wconf 88' lang='lat' dir='ltr'><strong>cruciet,</strong></span> <span class='ocrx_word' id='word_1_320' title='bbox 1126 3561 1268 3616; x_wconf 83' lang='lat' dir='ltr'><strong>contexto</strong></span> 
     </span>
     <span class='ocr_line' id='line_1_34' title="bbox 114 3651 1419 3737; baseline -0.002 -19"><span class='ocrx_word' id='word_1_321' title='bbox 114 3675 155 3718; x_wconf 79' lang='lat' dir='ltr'><strong>ex</strong></span> <span class='ocrx_word' id='word_1_322' title='bbox 172 3653 350 3718; x_wconf 84' lang='lat' dir='ltr'><strong>camelorum</strong></span> <span class='ocrx_word' id='word_1_323' title='bbox 374 3651 439 3737; x_wconf 87' lang='lat' dir='ltr'><strong>pilis</strong></span> <span class='ocrx_word' id='word_1_324' title='bbox 459 3651 555 3716; x_wconf 91' lang='lat' dir='ltr'><strong>cilicio</strong></span> <span class='ocrx_word' id='word_1_325' title='bbox 569 3653 712 3734; x_wconf 77' lang='lat' dir='ltr'><strong>vestibus,</strong></span> <span class='ocrx_word' id='word_1_326' title='bbox 737 3674 831 3737; x_wconf 90' lang='lat' dir='ltr'><strong>neque</strong></span> <span class='ocrx_word' id='word_1_327' title='bbox 849 3654 878 3716; x_wconf 90' lang='lat' dir='ltr'><strong>iu</strong></span> <span class='ocrx_word' id='word_1_328' title='bbox 898 3653 1070 3716; x_wconf 86' lang='lat' dir='ltr'><strong>solitudines</strong></span> <span class='ocrx_word' id='word_1_329' title='bbox 1093 3653 1182 3720; x_wconf 87' lang='lat' dir='ltr'><strong>abditi</strong></span> <span class='ocrx_word' id='word_1_330' title='bbox 1203 3675 1268 3716; x_wconf 79' lang='lat' dir='ltr'><strong>car-</strong></span> <span class='ocrx_word' id='word_1_331' title='bbox 1281 3661 1419 3716; x_wconf 55' lang='lat' dir='ltr'><strong>Multam·</strong></span> 
     </span>
     <span class='ocr_line' id='line_1_35' title="bbox 112 3755 1420 3841; baseline 0.001 -21"><span class='ocrx_word' id='word_1_332' title='bbox 112 3779 177 3820; x_wconf 75' lang='lat' dir='ltr'><strong>nem</strong></span> <span class='ocrx_word' id='word_1_333' title='bbox 192 3768 318 3820; x_wconf 75' lang='lat' dir='ltr'><strong>noanon</strong></span> <span class='ocrx_word' id='word_1_334' title='bbox 333 3759 535 3836; x_wconf 80' lang='lat' dir='ltr'><strong>suggillemus,</strong></span> <span class='ocrx_word' id='word_1_335' title='bbox 561 3777 655 3840; x_wconf 89' lang='lat' dir='ltr'><strong>neque</strong></span> <span class='ocrx_word' id='word_1_336' title='bbox 676 3774 801 3841; x_wconf 89' lang='lat' dir='ltr'><strong>corpora</strong></span> <span class='ocrx_word' id='word_1_337' title='bbox 818 3755 961 3820; x_wconf 88' lang='lat' dir='ltr'><strong>castitatis</strong></span> <span class='ocrx_word' id='word_1_338' title='bbox 979 3755 1194 3820; x_wconf 75' lang='lat' dir='ltr'><strong>exercitatione</strong></span> <span class='ocrx_word' id='word_1_339' title='bbox 1216 3757 1267 3820; x_wconf 88' lang='lat' dir='ltr'><strong>do-</strong></span> <span class='ocrx_word' id='word_1_340' title='bbox 1281 3767 1420 3821; x_wconf 69' lang='lat' dir='ltr'><strong>uenum.</strong></span> 
     </span>
     <span class='ocr_line' id='line_1_36' title="bbox 111 3855 1267 3938; baseline -0.003 -14"><span class='ocrx_word' id='word_1_341' title='bbox 111 3879 240 3924; x_wconf 87' lang='lat' dir='ltr'><strong>memus.</strong></span> <span class='ocrx_word' id='word_1_342' title='bbox 286 3855 341 3924; x_wconf 78' lang='lat' dir='ltr'><strong>sin</strong></span> <span class='ocrx_word' id='word_1_343' title='bbox 364 3869 461 3922; x_wconf 88' lang='lat' dir='ltr'><strong>antem</strong></span> <span class='ocrx_word' id='word_1_344' title='bbox 481 3860 608 3923; x_wconf 90' lang='lat' dir='ltr'><strong>omnium</strong></span> <span class='ocrx_word' id='word_1_345' title='bbox 627 3859 707 3924; x_wconf 84' lang='lat' dir='ltr'><strong>vitae</strong></span> <span class='ocrx_word' id='word_1_346' title='bbox 728 3859 944 3937; x_wconf 88' lang='lat' dir='ltr'><strong>institutorum,</strong></span> <span class='ocrx_word' id='word_1_347' title='bbox 968 3860 993 3922; x_wconf 88' lang='lat' dir='ltr'><strong>si</strong></span> <span class='ocrx_word' id='word_1_348' title='bbox 1011 3857 1218 3938; x_wconf 85' lang='lat' dir='ltr'><strong>castimoniae,</strong></span> <span class='ocrx_word' id='word_1_349' title='bbox 1241 3859 1267 3922; x_wconf 89' lang='lat' dir='ltr'><strong>si</strong></span> 
     </span>
     <span class='ocr_line' id='line_1_37' title="bbox 110 3962 1419 4047; baseline -0.007 -20"><span class='ocrx_word' id='word_1_350' title='bbox 110 3962 236 4041; x_wconf 86' lang='lat' dir='ltr'><strong>ieiunii,</strong></span> <span class='ocrx_word' id='word_1_351' title='bbox 259 3963 285 4026; x_wconf 87' lang='lat' dir='ltr'><strong>si</strong></span> <span class='ocrx_word' id='word_1_352' title='bbox 303 3971 468 4025; x_wconf 88' lang='lat' dir='ltr'><strong>ceterarum</strong></span> <span class='ocrx_word' id='word_1_353' title='bbox 485 3962 623 4026; x_wconf 82' lang='lat' dir='ltr'><strong>virtutum</strong></span> <span class='ocrx_word' id='word_1_354' title='bbox 641 3983 747 4047; x_wconf 88' lang='lat' dir='ltr'><strong>corpus</strong></span> <span class='ocrx_word' id='word_1_355' title='bbox 768 3968 815 4026; x_wconf 86' lang='lat' dir='ltr'><strong>est</strong></span> <span class='ocrx_word' id='word_1_356' title='bbox 831 3962 994 4047; x_wconf 86' lang='lat' dir='ltr'><strong>particeps,</strong></span> <span class='ocrx_word' id='word_1_357' title='bbox 1016 3983 1073 4022; x_wconf 83' lang='lat' dir='ltr'><strong>nou</strong></span> <span class='ocrx_word' id='word_1_358' title='bbox 1088 3966 1209 4024; x_wconf 64' lang='lat' dir='ltr'><strong>animno</strong></span> <span class='ocrx_word' id='word_1_359' title='bbox 1225 3973 1419 4024; x_wconf 66' lang='lat' dir='ltr'><strong>messanen.</strong></span> 
     </span>
     <span class='ocr_line' id='line_1_38' title="bbox 111 4063 1268 4150; baseline 0 -22"><span class='ocrx_word' id='word_1_360' title='bbox 111 4070 201 4140; x_wconf 79' lang='lat' dir='ltr'><strong>deus,</strong></span> <span class='ocrx_word' id='word_1_361' title='bbox 227 4073 259 4126; x_wconf 91' lang='lat' dir='ltr'><strong>ut</strong></span> <span class='ocrx_word' id='word_1_362' title='bbox 274 4064 301 4126; x_wconf 89' lang='lat' dir='ltr'><strong>ei</strong></span> <span class='ocrx_word' id='word_1_363' title='bbox 322 4063 370 4148; x_wconf 88' lang='lat' dir='ltr'><strong>qui</strong></span> <span class='ocrx_word' id='word_1_364' title='bbox 391 4063 570 4130; x_wconf 82' lang='lat' dir='ltr'><strong>laboraverit</strong></span> <span class='ocrx_word' id='word_1_365' title='bbox 587 4065 696 4129; x_wconf 88' lang='lat' dir='ltr'><strong>laboris</strong></span> <span class='ocrx_word' id='word_1_366' title='bbox 717 4063 881 4128; x_wconf 84' lang='lat' dir='ltr'><strong>mercedem</strong></span> <span class='ocrx_word' id='word_1_367' title='bbox 900 4063 1068 4141; x_wconf 84' lang='lat' dir='ltr'><strong>subtrahat,</strong></span> <span class='ocrx_word' id='word_1_368' title='bbox 1094 4064 1268 4150; x_wconf 85' lang='lat' dir='ltr'><strong>corporique</strong></span> 
     </span>
     <span class='ocr_line' id='line_1_39' title="bbox 111 4165 1267 4253; baseline -0.001 -22"><span class='ocrx_word' id='word_1_369' title='bbox 111 4168 192 4253; x_wconf 92' lang='lat' dir='ltr'><strong>quod</strong></span> <span class='ocrx_word' id='word_1_370' title='bbox 211 4187 276 4230; x_wconf 86' lang='lat' dir='ltr'><strong>eum</strong></span> <span class='ocrx_word' id='word_1_371' title='bbox 293 4167 390 4230; x_wconf 87' lang='lat' dir='ltr'><strong>anime</strong></span> <span class='ocrx_word' id='word_1_372' title='bbox 406 4167 599 4232; x_wconf 89' lang='lat' dir='ltr'><strong>communiter</strong></span> <span class='ocrx_word' id='word_1_373' title='bbox 614 4168 642 4230; x_wconf 88' lang='lat' dir='ltr'><strong>in</strong></span> <span class='ocrx_word' id='word_1_374' title='bbox 657 4167 787 4230; x_wconf 88' lang='lat' dir='ltr'><strong>laborem</strong></span> <span class='ocrx_word' id='word_1_375' title='bbox 805 4165 970 4230; x_wconf 88' lang='lat' dir='ltr'><strong>incubuerit</strong></span> <span class='ocrx_word' id='word_1_376' title='bbox 984 4166 1091 4232; x_wconf 86' lang='lat' dir='ltr'><strong>nulfum</strong></span> <span class='ocrx_word' id='word_1_377' title='bbox 1109 4166 1267 4250; x_wconf 88' lang='lat' dir='ltr'><strong>praemium</strong></span> 
     </span>
     <span class='ocr_line' id='line_1_40' title="bbox 111 4267 1264 4357; baseline -0.001 -23"><span class='ocrx_word' id='word_1_378' title='bbox 111 4269 278 4357; x_wconf 83' lang='lat' dir='ltr'><strong>persolvat.</strong></span> <span class='ocrx_word' id='word_1_379' title='bbox 322 4267 389 4335; x_wconf 84' lang='lat' dir='ltr'><strong>lloc</strong></span> <span class='ocrx_word' id='word_1_380' title='bbox 406 4269 484 4334; x_wconf 87' lang='lat' dir='ltr'><strong>enim</strong></span> <span class='ocrx_word' id='word_1_381' title='bbox 505 4270 602 4355; x_wconf 89' lang='lat' dir='ltr'><strong>posito</strong></span> <span class='ocrx_word' id='word_1_382' title='bbox 618 4271 706 4334; x_wconf 85' lang='lat' dir='ltr'><strong>inane</strong></span> <span class='ocrx_word' id='word_1_383' title='bbox 723 4291 756 4333; x_wconf 86' lang='lat' dir='ltr'><strong>ac</strong></span> <span class='ocrx_word' id='word_1_384' title='bbox 772 4289 1023 4354; x_wconf 85' lang='lat' dir='ltr'><strong>supervacaneum</strong></span> <span class='ocrx_word' id='word_1_385' title='bbox 1044 4268 1102 4332; x_wconf 90' lang='lat' dir='ltr'><strong>erit</strong></span> <span class='ocrx_word' id='word_1_386' title='bbox 1117 4269 1264 4333; x_wconf 85' lang='lat' dir='ltr'><strong>iudicium.</strong></span> 
     </span>
     <span class='ocr_line' id='line_1_41' title="bbox 111 4371 1266 4456; baseline -0.003 -18"><span class='ocrx_word' id='word_1_387' title='bbox 111 4371 193 4438; x_wconf 86' lang='lat' dir='ltr'><strong>Nam</strong></span> <span class='ocrx_word' id='word_1_388' title='bbox 215 4373 241 4436; x_wconf 89' lang='lat' dir='ltr'><strong>si</strong></span> <span class='ocrx_word' id='word_1_389' title='bbox 265 4371 325 4436; x_wconf 86' lang='lat' dir='ltr'><strong>solo</strong></span> <span class='ocrx_word' id='word_1_390' title='bbox 347 4373 490 4438; x_wconf 78' lang='lat' dir='ltr'><strong>duntaxat</strong></span> <span class='ocrx_word' id='word_1_391' title='bbox 513 4373 609 4438; x_wconf 84' lang='lat' dir='ltr'><strong>anima</strong></span> <span class='ocrx_word' id='word_1_392' title='bbox 626 4372 798 4452; x_wconf 87' lang='lat' dir='ltr'><strong>sisteretur,</strong></span> <span class='ocrx_word' id='word_1_393' title='bbox 823 4373 950 4436; x_wconf 82' lang='lat' dir='ltr'><strong>obiicere</strong></span> <span class='ocrx_word' id='word_1_394' title='bbox 973 4371 1002 4433; x_wconf 89' lang='lat' dir='ltr'><strong>in</strong></span> <span class='ocrx_word' id='word_1_395' title='bbox 1026 4371 1132 4436; x_wconf 89' lang='lat' dir='ltr'><strong>iudicio</strong></span> <span class='ocrx_word' id='word_1_396' title='bbox 1154 4383 1266 4456; x_wconf 88' lang='lat' dir='ltr'><strong>posset,</strong></span> 
     </span>
    </p>
   </div>
   <div class='ocr_carea' id='block_1_3' title="bbox 996 4471 1065 4542">
    <p class='ocr_par' dir='ltr' id='par_1_4' title="bbox 996 4471 1065 4542">
     <span class='ocr_line' id='line_1_42' title="bbox 996 4471 1065 4542; baseline 0.029 -2"><span class='ocrx_word' id='word_1_397' title='bbox 996 4471 1065 4542; x_wconf 80' lang='lat'><strong>24*</strong></span> 
     </span>
    </p>
   </div>
   <div class='ocr_carea' id='block_1_4' title="bbox 0 0 1598 4928">
    <p class='ocr_par' dir='ltr' id='par_1_5' title="bbox 0 0 1598 4928">
     <span class='ocr_line' id='line_1_43' title="bbox 0 0 1598 4928; baseline 0 0"><span class='ocrx_word' id='word_1_398' title='bbox 0 0 1598 4928; x_wconf 95' lang='lat' dir='ltr'><strong> </strong></span> 
     </span>
    </p>
   </div>
   <div class='ocr_carea' id='block_1_5' title="bbox 1226 3008 1479 3061">
    <p class='ocr_par' dir='ltr' id='par_1_6' title="bbox 1226 3008 1479 3061">
     <span class='ocr_line' id='line_1_44' title="bbox 1226 3008 1479 3061; baseline -0.008 -1"><span class='ocrx_word' id='word_1_399' title='bbox 1226 3039 1232 3052; x_wconf 92' lang='lat'>·</span> <span class='ocrx_word' id='word_1_400' title='bbox 1286 3009 1394 3061; x_wconf 82' lang='lat' dir='ltr'><strong>txxu.</strong></span> <span class='ocrx_word' id='word_1_401' title='bbox 1472 3008 1479 3019; x_wconf 92' lang='lat'>&#39;</span> 
     </span>
    </p>
   </div>
  </div>
 </body>
</html>
