3116 4934
304 251 363 315 186
729 261 1038 317 εισοτιεειεειειειι

301 386 407 459 σαφείς
435 377 554 446 ἀύτόν
578 377 767 465 είμολόγησευ
796 379 864 446 υίδν
891 379 1044 464 όληθινόν.
1096 387 1172 469 δ’Τῷ
1196 380 1251 467 γόρ
1273 385 1370 448 τίκεῐν
1390 381 1455 449 υίόν

302 489 405 547 *θεοῦ
419 487 528 560 ζῶντος
543 485 650 560 ίδειξεν
666 481 735 548 υίδν
748 481 870 566 γνήσιον.
884 477 968 563 είναι,
983 482 1056 565 μετεί
1068 481 1247 567 προςθῆτης
1261 491 1314 568 τῆς
1327 491 1454 564 Ζοίντος,

302 581 344 660 σός
366 586 398 649 ἐν
417 583 500 674 πόση
522 611 572 666 μοι
592 582 696 668 σχεδόν
716 584 831 670 αίρῆοετ
852 588 917 670 περὶ
940 584 1049 652 τούτου
1070 590 1191 671 εἴρηται.

82 684 87 692 ’
173 683 241 754 Κῑφ·
254 683 288 755 η’·
389 683 477 751 Ἀλλό
496 690 547 753 καί
567 689 633 770 περί
653 695 708 754 τοῦ
726 684 813 773 όγίοο
834 686 1001 770 πνεύματος
1020 685 1037 754 ό
1053 685 1144 765 αύτδς
1159 686 1346 770 είσφαλίζτται
1368 686 1456 771 ἡμᾶς,

301 789 391 874 λίγαν
407 798 469 865 τοῖς
486 792 554 873 περί
569 787 721 868 Ἀνανίαν,
748 794 783 856 Τί
798 789 845 856 ὅτι
864 793 1015 874 ἐπείρασεν
1033 788 1112 873 ὑμᾶς
1133 789 1151 856 ό
1169 799 1321 871 Σατανᾶς,
1342 790 1457 872 ψεύσει-

301 901 375 958 σθαε
391 889 428 958 τό
443 900 558 974 πνεῦμα
579 891 612 958 τύ
635 891 734 978 ἅγιον,Ι
758 890 814 958 ούκ
835 889 989 982 όνθραίτερι
1013 891 1200 974 ἐψεύσασθε,
1227 891 1299 957 α’λλεί
1319 901 1363 981 τῷ
1383 902 1457 982 θεῷ.

302 992 387 1061 Διότι
402 996 435 1060 ἐκ
451 1003 526 1064 θεοῦ
542 993 575 1060 τό
594 1003 711 1078 πνεῦμα
727 997 778 1060 καί
795 992 851 1060 ούκ
865 992 1017 1080 οίλλότριον
1031 1002 1116 1062 θεοῦ.
1159 993 1243 1060 'Am
1259 998 1310 1060 καὶ
1325 998 1458 1063 ἐνταῦθα

301 1094 402 1183 στερεοί
426 1097 518 1182 πίτρα
542 1099 705 1180 οἰκοδομῆς
728 1099 779 1162 καί
802 1099 937 1180 θεμέλιος
960 1101 1046 1164 οίκου
1068 1104 1145 1163 θεοῦ
1168 1099 1333 1183 γεγίνηται,
1361 1101 1394 1166 ίν
1415 1106 1456 1186 τῷ

301 1195 506 1282 όρνησόμενον
529 1197 621 1264 αύτδν
641 1202 693 1265 καί
716 1199 806 1269 πόλιν
823 1197 1069 1286 ὑποστρέψαντα,
1092 1198 1251 1284 εύρεθίντα
1267 1227 1298 1266 τε
1321 1197 1382 1270 ύττό
1404 1227 1457 1266 κν.

302 1305 370 1385 ρίου
394 1304 443 1366 καί
468 1303 689 1380 καταξιωθίντα
712 1301 800 1368 πόλιν
825 1300 966 1382 διιοῦσαν,
997 1308 1144 1386 Ποίμαινε
1164 1303 1201 1369 τό
1226 1301 1363 1389 πρόβατά
1384 1329 1456 1386 μου,

230 1429 233 1436 ⁴
301 1404 369 1482 καί,
395 1409 541 1486 Ποίμαινε
559 1402 599 1468 ’τύ
624 1402 711 1489 όρνία
733 1431 807 1486 μου,
835 1406 903 1483 καί,
927 1408 1073 1488 Ποίμαινε
1094 1404 1131 1470 τό
1151 1405 1289 1492 πρόβατά
1311 1432 1379 1488 μου.
1422 1403 1457 1468 Ὁ

299 1503 356 1592 γιίρ
375 1505 503 1590 Χριστός
524 1511 613 1572 τοῦτο
633 1509 725 1592 λέγειν
742 1509 785 1583 είς
803 1505 986 1590 ίπιστροφῆν
1005 1505 1084 1590 ἡμᾶς
1105 1506 1196 1594 ῆγαγε
1215 1512 1385 1591 μετανοίας,
1407 1511 1458 1574 ίνα

302 1609 333 1673 ἐν
358 1606 437 1696 αύτῷ
461 1607 548 1674 πόλιν
571 1608 818 1693 οίκσδομηθείηῆ
841 1608 1090 1692 εύθεμελιοίτατος
1112 1615 1224 1690 πίστις,
1245 1607 1267 1693 τί
1286 1609 1327 1692 μῆ
1344 1607 1457 1696 τίετογο-

195 1777 197 1780 .
301 1709 431 1796 ρεύουσα
448 1709 526 1794 ζαῆν
546 1720 607 1777 τοῖν
624 1709 811 1797 α’νθραίπαν,
834 1712 899 1780 ὅσοι
916 1714 1074 1795 ίμκτνίουσι
1095 1719 1136 1800 τῷ
1152 1717 1210 1801 βίμ
1229 1715 1280 1778 καί
1297 1719 1458 1795 μετανοοδ·

299 1835 346 1877 σιν
371 1816 403 1879 ἐν
427 1811 552 1902 είληθείμ
576 1816 627 1880 καί
653 1819 847 1901 διορθοῦνται
870 1813 906 1880 τοί
930 1817 1044 1880 ἑαυτῶν
1066 1814 1223 1897 σφάλματα
1250 1816 1282 1880 ίν
1307 1821 1348 1901 τῷ
1371 1815 1460 1880 αίείνι

299 1914 403 2005 τούτῳ.

165 2017 231 2088 3⁸9·
252 2019 284 2074 Ὺ·
389 2019 450 2084 Καί
469 2020 501 2084 ἔν
519 2025 561 2107 τῷ
577 2016 715 2101 ’Ἀισματε
732 2027 792 2086 τοῖν
811 2017 962 2109 ᾆσμοίτων,
984 2021 1043 2100 ίφη
1058 2017 1175 2101 αύτῆῆ
1192 2015 1295 2101 νύμφη
1312 2016 1390 2102 πρός
1406 2016 1460 2084 τόν

301 2124 432 2202 νυμφίον
447 2122 586 2205 λέγουσα,
608 2118 810 2206 Ἀποκρίνεται
825 2120 844 2187 ό
859 2119 988 2202 οίδελφός
1002 2149 1061 2204 μου
1079 2122 1130 2186 καί
1145 2122 1221 2207 λέγει
1236 2147 1298 2203 μοι,
1320 2119 1459 2202 Ἀνάστα,

299 2223 368 2287 ἐλθὲ
382 2220 403 2305 ῆ
418 2229 541 2306 πλησίον
557 2251 627 2305 μου,
649 2222 723 2305 καλῆ
737 2251 805 2306 μου,
828 2223 982 2309 περιστεραί
997 2248 1067 2306 μου,
1089 2221 1136 2291 ὅτι
1149 2220 1168 2288 ό
1182 2221 1291 2306 χτιμιύτι
1306 2230 1458 2306 παρῆλθε,

299 2323 335 2388 τό
359 2324 483 2411 σταγερό
501 2353 532 2392 τε
553 2328 604 2392 καί
625 2325 747 2409 ζοφιύδη
766 2333 820 2408 τῆς
841 2332 1017 2408 συννεφίας,
1045 2327 1096 2392 καλ
1120 2326 1331 2408 φοβερώτατα,
1355 2322 1397 2400 τός
1420 2329 1458 2391 είε

299 2437 380 2504 πεῖν,
403 2435 556 2515 παρῆλθε,
579 2426 698 2504 όύετός
714 2427 863 2512 ύπῆλθεν,
886 2427 1040 2514 ἐπορεύθη
1065 2429 1173 2515 ἑαυτῷ·
1201 2425 1238 2492 τό
1261 2425 1343 2509 όνθη
1361 2425 1458 2510 ὤφθη

301 2533 335 2596 ἐν
355 2538 391 2619 τῆ
412 2539 451 2620 γῆ
473 2529 575 2614 ῆμοῑν,
604 2529 622 2597 ό
644 2530 749 2617 καιρός
772 2537 826 2614 τῆς
847 2539 940 2614 τομῆς
963 2533 1096 2609 ἔφθασε,
1125 2529 1212 2611 φαυῆ
1236 2536 1290 2612 τῆς
1311 2530 1459 2615 τρυγόνος

178 2662 228 2706 εις.
241 2651 286 2700 ⁵⁸1.
299 2629 438 2716 ἠκούσθη
464 2637 497 2699 ἒν
518 2641 553 2723 τῆ
576 2641 615 2724 γῆ
635 2631 734 2717 ἡμῶν·
757 2631 777 2717 ἡ
795 2641 872 2715 συκῆ
889 2631 1023 2718 ἐξήνεγκε
1038 2629 1110 2707 τούς
1127 2630 1278 2708 ὀλύνθους
1294 2628 1405 2714 αύτῆς,
1429 2637 1461 2698 αἱ

301 2733 426 2818 όίμτιελοι
441 2733 527 2816 ύμτδν
540 2740 742 2820 κυπρίζουσιν,
764 2738 881 2802 ίδακαν
896 2733 1006 2818 ὀσμήν·
1028 2738 1080 2800 ἵνα
1097 2739 1177 2824 δείξη
1191 2732 1289 2802 πόντοι
1304 2734 1341 2800 τό
1355 2761 1459 2825 παρηκ-

300 2838 410 2920 γημὲνα
435 2837 640 2921 παρελθόντα,
669 2840 757 2922 ἔαρος
776 2839 809 2902 δὲ
829 2836 895 2924 ι’ίρτε
912 2836 1097 2915 α’νθοῦντος,
1124 2839 1175 2904 καί
1197 2835 1349 2918 θαλάσσης
1371 2846 1458 2924 γαλη·

300 2938 411 3022 νιείσης
426 2965 456 3003 τε
473 2943 524 3005 καὶ
540 2939 640 3023 φόβου
657 2947 709 3006 τοῦ
726 2938 815 3006 ύετοῦ
831 2939 1018 3018 διελθόντος,
1041 2942 1092 3005 καί
1109 2947 1170 3006 τόν
1183 2947 1319 3006 παλαιιδν
1332 2946 1387 3021 τῆς
1403 2939 1457 3023 οίμ

299 3043 390 3108 πίλου
412 3043 611 3126 τετμημένων,
641 3045 691 3108 καί
709 3049 761 3126 τῆς
782 3041 861 3119 πόας
879 3045 982 3126 μηκέτι
997 3041 1165 3124 ποαζούσης
1184 3041 1292 3124 μόνον,
1313 3039 1386 3108 όλλαί
1408 3045 1459 3109 καὶ

299 3144 381 3228 ι’ίνθη
398 3145 594 3228 ἒκβαλούσης,
617 3147 668 3210 καὶ
688 3153 741 3210 τοῦ
760 3143 950 3230 κηρύγματος
964 3153 1017 3226 τῆς
1033 3152 1137 3226 φωνῆς
1157 3146 1189 3212 ἒν
1205 3147 1241 3233 τῆ
1256 3141 1357 3233 ἕρῆμεμ
1380 3143 1458 3226 βοεί-

299 3269 367 3330 σης,
389 3249 537 3313 τουτέστιν
557 3251 588 3313 ἐν
611 3255 647 3336 τῆ
667 3253 705 3335 γῆ
725 3244 826 3330 ῆμιδν,
856 3249 907 3313 καί
928 3254 1036 3329 συκῆς,
1066 3254 1120 3329 τῆς
1138 3271 1210 3316 ποτε
1229 3251 1459 3330 κατασταθείσης,

300 3349 500 3432 ἐκβαλλούσης
523 3349 594 3424 τούς
617 3348 782 3427 ὀλόνθους,
809 3347 879 3425 τούς
902 3348 1038 3434 καρπούς
1050 3356 1106 3431 τῆς
1127 3353 1298 3430 μετανοίας,
1324 3345 1387 3434 ῆδη
1410 3352 1459 3416 ἐπὶ

299 3461 361 3529 τοῖς
377 3451 500 3518 κλόνίσε
516 3455 566 3518 καί
587 3453 717 3536 δένδρεσι
737 3453 952 3534 φαινομίνους,
981 3449 1152 3534 Ιτίμπίλους
1174 3450 1207 3518 δὲ
1223 3448 1283 3532 ῆδη
1299 3451 1461 3536 κυπριζού

300 3578 356 3630 σας
369 3553 402 3621 τό
418 3553 557 3637 εύοδμον,
580 3562 631 3638 τῆς
647 3561 701 3620 τοῦ
718 3551 886 3640 εύαγγελίου
904 3558 1029 3630 πίστεως
1043 3553 1190 3639 κήρυγμα.
1229 3549 1348 3634 Ἐπειδὴ
1364 3555 1398 3622 δδ
1414 3553 1461 3622 εύ-

298 3659 379 3733 θίας
403 3659 524 3740 κίκληκε
548 3654 602 3739 τῆν
626 3655 767 3738 τοιαύτην
789 3657 841 3723 καί
865 3653 962 3736 εἶπεν,
983 3653 1123 3736 Ἀνόστα,
1146 3655 1230 3733 ἐλθὲ,
1250 3651 1377 3723 ἐίνύστα
1396 3655 1460 3724 όττδ

300 3759 473 3846 νεκρόνητος
489 3757 724 3843 ιίμαρτημόταν,
746 3759 798 3822 καί
812 3754 898 3824 Ἐλθλ
915 3761 948 3824 ἐν
964 3757 1160 3847 δικαιοσύνη,
1182 3754 1308 3826 Ἀνοίστα
1323 3753 1385 3828 τίπό
1404 3787 1459 3830 ετα-

300 3863 511 3949 ρατττοίματος,
542 3863 592 3928 καί
615 3858 701 3926 Ἐλθὲ
730 3861 762 3926 ίν
785 3865 950 3948 παρρησία,
980 3858 1106 3928 Ἀνόστα
1129 3856 1189 3929 τίπό
1216 3857 1380 3944 ύμαρεεεῑε,
1409 3865 1459 3930 καί

298 3964 384 4032 Ἐλθλ
404 3969 445 4041 είς
467 3963 638 4047 μετάνοιαν,
659 3961 784 4030 Ἀνόστα
805 3959 865 4030 ύπό
887 3961 1096 4047 παραλύσεως,
1125 3963 1176 4028 καί
1195 3959 1281 4030 Ἐλθδ
1301 3963 1333 4026 ἐν
1354 3963 1460 4030 τελειό,

299 4095 380 4150 τητι,
401 4065 525 4133 Ἀνύστα
542 4065 602 4132 dud
620 4064 794 4149 λαβῆσεοτς,
816 4068 867 4132 καί
882 4063 968 4130 Ἐλθί
988 4067 1020 4130 ἐν
1035 4063 1135 4154 ύγείηι,
1162 4062 1286 4132 Ἀνάστα
1307 4062 1369 4132 όιτό
1391 4063 1459 4138 τίετε-

299 4175 397 4249 στίας,
420 4173 471 4235 καί
486 4167 572 4236 Ἐλθί
589 4171 621 4236 ἐν
638 4174 747 4248 πίστει,
768 4166 894 4236 Ἀνοίστα
917 4165 976 4234 διεδ
1002 4165 1163 4247 α’παλείας,
1184 4169 1235 4237 καί
1249 4164 1336 4236 Ἑλθὲ
1357 4171 1392 4236 ἐν
1411 4167 1459 4234 εύ-

300 4274 387 4359 ρίσει.
429 4269 549 4354 Ἐπειδῆ
564 4273 597 4338 δὲ
611 4270 675 4360 ᾔδει
688 4268 721 4336 τό
736 4269 807 4338 ὅλον
822 4270 933 4356 λόγιον,
955 4269 1001 4336 ὅτι
1016 4269 1088 4352 μετδ
1101 4269 1155 4354 τῆν
1167 4269 1287 4356 προίεην
1300 4273 1459 4353 μετάνοιαν

220 4415 221 4418 ¹
277 4399 278 4402 ’
300 4377 352 4442 καί
369 4373 441 4457 μετοί
458 4373 516 4457 τῆν
535 4373 657 4460 πρότην
672 4381 775 4456 κλῆσιν
792 4375 843 4439 καί
861 4376 957 4454 ίαστν,
980 4371 1022 4450 νίς
1043 4375 1152 4454 εἰπεῖν,
1174 4377 1329 4456 συμβαίνει
1349 4379 1387 4463 τῆ
1409 4369 1459 4442 τίν·

335 4515 360 4566 2.
377 4507 454 4568 αδτδν
471 4527 517 4564 οτι.
534 4513 586 4564 cod.
604 4513 701 4576 Βλτδίρ.
929 4511 954 4565 θ.
974 4515 1038 4564 Libri
1054 4515 1139 4565 λοδτιιί
1155 4509 1194 4568 Τδ
1212 4511 1261 4580 γὰρ
1278 4511 1356 4566 τίτεεοι
1373 4519 1424 4566 τελε.
