3116 4934
347 257 483 312 rsnsnn
500 257 564 310 ern.
575 259 608 310 u.
624 257 707 311 ron.
720 259 742 310 r.
759 256 859 310 snnn.
875 257 967 310 nxrv.
1091 251 1099 264 ·
1170 241 1232 308 stt

79 377 169 444 orbes
186 387 218 442 et
232 377 288 444 snb
305 389 385 444 terre
400 378 574 444 collocetur.
619 376 703 443 Haec
723 387 754 442 et
771 377 817 443 bis
833 377 927 442 simiis
949 377 1052 461 nuperi
1074 397 1133 442 non
1155 377 1232 442 desi·

79 481 137 562 nit,
162 501 287 566 qnorum
310 481 488 548 mentionem
510 479 568 546 ism
590 480 656 546 abiis
677 482 706 544 in
729 481 802 544 locis
825 480 1014 566 aspersimus.

163 581 232 648 lice
244 605 317 650 vero
331 583 397 650 loeo
411 603 468 669 quo
480 584 623 650 sdversns
637 583 711 648 bane
724 583 860 648 haeresin
873 583 1028 668 preesipne
1039 581 1230 668 disputamus,
1251 581 1311 651 ⁰⁸1³·
1330 581 1361 632 V·

78 687 255 750 temersrias
278 686 355 750 iilius
372 685 526 772 opiniones
542 707 577 750 sc
592 687 725 772 dogmate
741 696 876 771 repetere
899 707 957 750 non
975 685 1179 769 gravabimur,
1203 695 1234 752 et

78 789 238 854 abeodem
262 788 326 874 ipso
342 789 532 854 confictorum
552 789 588 852 ab
606 809 643 853 eo
662 789 822 854 tabularum
844 787 1049 852 refutationem
1066 807 1231 852 arcessere.

78 887 216 976 Longius
233 886 338 977 quippe
357 891 495 978 deinceps
511 891 637 956 bominis
653 889 820 954 absurditas
836 911 1048 976 pravorumque
1065 891 1233 978 opinionum

77 1003 107 1058 et
123 1015 140 1057 s
157 993 287 1058 venitote
303 993 566 1060 remotissimsrum
583 992 733 1060 affectatio
747 1013 905 1078 progressa
922 1005 979 1058 est.
1026 990 1085 1076 Qui
1099 1013 1165 1058 eum
1184 993 1234 1058 ad-

78 1117 187 1162 versus
208 1096 379 1182 superiores
402 1117 504 1161 omnes
528 1097 668 1162 baereses
691 1097 855 1182 disputasse
879 1115 914 1160 ec
937 1095 1067 1181 singulus
1089 1095 1235 1162 evertisse

77 1200 163 1264 risus
182 1199 239 1278 sit,
262 1208 366 1282 postes
381 1209 476 1262 temen
494 1218 576 1264 suem
589 1210 626 1263 et
640 1199 704 1285 ipse
723 1197 877 1278 baeresin,
901 1210 931 1262 et
947 1199 1062 1284 quidem
1078 1199 1154 1263 bend
1171 1198 1235 1265 vui-

77 1322 181 1387 gsrem
205 1300 237 1364 in
254 1300 354 1366 orbem
375 1312 518 1366 tenerum
538 1301 678 1366 evomuit.
723 1298 815 1366 Libet
830 1321 920 1383 vero,
952 1303 987 1366 ad
1007 1301 1234 1366 commentitiam

77 1404 158 1468 iltius
177 1403 346 1490 opinionem
367 1402 616 1482 convincendam,
647 1423 722 1489 quse
745 1403 781 1467 sb
805 1423 842 1468 eo
865 1404 943 1468 dicte
965 1415 1034 1468 sunt
1055 1403 1148 1489 primo
1169 1404 1235 1467 loco

79 1505 246 1584 subiicere,
278 1505 383 1570 deiude
406 1525 481 1591 quse
499 1505 535 1570 ab
559 1505 702 1570 tenuitate
724 1515 824 1571 nostre
847 1507 990 1572 adversus
1011 1506 1091 1572 ibium
1114 1504 1236 1570 dicende

78 1609 191 1674 inerint
207 1608 327 1672 efferre.
373 1605 418 1672 Ee
433 1629 505 1673 vero
521 1619 601 1688 sunt,
625 1627 699 1693 quae
716 1609 751 1674 ad
769 1609 892 1695 primum
906 1610 1045 1696 pssimunn
1063 1609 1093 1674 in
1111 1605 1236 1674 medium

79 1712 215 1776 adduit.
261 1707 340 1776 Nam
355 1731 421 1775 cum
437 1710 466 1774 iu
486 1711 565 1774 omni
583 1711 727 1796 scripturn
744 1722 887 1798 perpetuo
903 1712 942 1776 sit
962 1712 1078 1796 lapsus,
1102 1711 1131 1774 in
1151 1731 1237 1797 prees

79 1813 175 1900 eipuis
198 1833 235 1878 ne
257 1811 434 1878 neeesssriis
458 1812 638 1898 potissimum
661 1813 785 1897 singuiis
802 1833 896 1899 paene
911 1813 1087 1878 dictionibus
1104 1812 1233 1878 aberret.-

81 1913 197 1980 Verum
216 1915 287 1981 iliud
310 1936 347 1980 eo
371 1915 511 1995 summus,
536 1917 612 2001 quod
632 1917 809 2002 scriptorum
827 1915 943 1990 illorum
966 1916 1071 2001 ingens
1093 1915 1235 2001 quaedem

77 2019 176 2082 moies
194 2029 252 2084 est.
296 2015 378 2082 Nam
401 2017 512 2081 inbuite
535 2017 691 2104 scripsisse
715 2019 836 2100 dicitur,
867 2040 932 2084 cum
953 2020 989 2083 ad
1006 2019 1143 2103 singulos
1163 2015 1236 2082 scri·

78 2132 187 2204 pturse
203 2119 294 2184 libros
309 2119 453 2204 quaesibi
470 2119 642 2184 viderentur
656 2119 773 2186 effutire
789 2143 847 2185 nou
861 2121 1049 2186 dubimven't.
1095 2117 1236 2186 Ceterum

79 2243 158 2307 quse
173 2222 204 2286 iu
221 2222 408 2287 sermonibus
424 2222 461 2287 ed
480 2224 614 2308 populum
634 2223 740 2288 bsbitis
763 2245 798 2288 ec
821 2225 978 2310 prooemiis
1000 2225 1036 2288 de
1056 2222 1186 2288 moribus
1207 2233 1238 2286 et

80 2323 254 2388 animalium
270 2335 373 2389 nature
387 2325 553 2411 ceterisque
570 2325 598 2389 id
614 2346 708 2410 genum
725 2326 880 2406 disseruit,
905 2327 1000 2391 media
1019 2326 1142 2410 quedem
1166 2325 1238 2390 insi·

81 2437 168 2490 stess
186 2425 237 2490 sie
250 2425 324 2490 scite
338 2437 428 2512 utque
443 2427 596 2512 eleganter
612 2427 780 2514 pierumque
797 2427 967 2513 dispulerit.
1012 2426 1097 2512 Quae
1111 2447 1184 2492 uero
1201 2427 1237 2492 de

81 2527 269 2612 dog-stibus
284 2527 479 2612 elucubravit,
503 2531 596 2614 deque
612 2531 669 2594 fide
688 2551 724 2593 so
738 2529 858 2614 reliquis
874 2529 978 2596 maiori
993 2529 1238 2615 contemplatione
1305 2607 1310 2622 ι

81 2631 199 2716 dignis,
223 2631 311 2716 louge
334 2633 442 2696 ceteris
460 2651 560 2699 eorum
579 2632 707 2697 omnium
730 2632 858 2696 decretis
881 2632 929 2716 qni
948 2643 998 2697 sut
1014 2643 1239 2697 antecesserunt

81 2743 134 2798 ant
151 2745 220 2820 post
238 2733 323 2798 iilum
343 2733 507 2799 extiterunt
526 2733 671 2820 ineptiore
691 2743 724 2798 et
746 2734 918 2799 absurdiora
939 2733 1093 2815 videntur,
1116 2735 1141 2799 si
1164 2736 1238 2800 duo·

82 2845 170 2901 taxat
184 2836 306 2901 alierum
324 2835 487 2902 baereseon
512 2837 621 2921 flagitis
644 2857 679 2901 sc
697 2837 850 2902 foeditates
868 2838 1011 2924 excipies.
1056 2837 1103 2902 Ae
1122 2837 1239 2902 videtur

80 2959 157 3004 esne
186 2949 217 3004 et
241 2946 408 3004 seceturum
432 2939 509 3004 idem
534 2939 587 3004 ille
608 2939 771 3004 institutum
797 2939 969 3026 amplexus,
1000 2940 1238 3025 qnemsdnrodnss

80 3053 174 3107 suta
187 3041 287 3105 docui.
320 3037 369 3106 ob
383 3041 411 3105 id
424 3041 605 3106 stomscbum
618 3041 695 3106 iiiios
712 3043 810 3106 ierunt
825 3053 945 3128 propter
956 3043 1134 3127 exquisitam
1147 3061 1239 3127 quen·

81 3145 151 3208 dsss
165 3143 246 3208 vitoe
263 3143 405 3208 rstiouem
421 3153 451 3206 et
468 3143 594 3208 inediam
612 3155 699 3228 atque
715 3144 752 3208 sb
766 3144 902 3209 animatis
920 3144 1056 3210 omnibus
1073 3155 1239 3230 temperen-

80 3247 157 3312 tiem
175 3244 353 3310 concidisse.
400 3242 460 3310 Sed
479 3243 536 3310 iem
558 3245 636 3310 iuius
652 3245 743 3312 rerba
760 3249 944 3332 proferemus
963 3265 1004 3312 ex
1024 3247 1089 3312 eius
1109 3247 1144 3311 ed
1162 3246 1239 3334 prio·

80 3369 148 3412 rem
164 3347 307 3434 psalmum
325 3347 544 3414 commentariis
565 3349 752 3435 depromptu,
781 3359 813 3412 et
832 3367 871 3414 ex
897 3348 1182 3414 considerationibus
1204 3349 1240 3412 sd

81 3451 212 3515 eundern
232 3449 337 3528 editis,
360 3449 585 3534 dogmatumque
602 3451 843 3532 ructationibus,
867 3452 985 3516 totidem
1002 3451 1106 3537 quibus
1123 3449 1241 3538 scripsit

80 3551 271 3630 incumbis,
296 3572 333 3615 ne
351 3551 416 3636 quis
431 3572 485 3616 nos
501 3551 579 3618 iliius
596 3552 681 3618 dictis
699 3553 872 3618 calumniam
890 3553 997 3618 fecisse
1012 3553 1101 3618 dicat.
1142 3555 1240 3638 Atque

81 3675 128 3719 ex
148 3653 204 3718 boc
221 3653 404 3740 potissimum
422 3653 488 3718 boec
506 3655 849 3735 transierrojuolnirnos3
873 3677 930 3720 non
950 3657 1026 3740 quod
1049 3657 1079 3719 in
1101 3655 1146 3720 bis
1167 3655 1241 3718 duo-

82 3767 172 3822 ussat
185 3757 222 3820 od
239 3755 366 3842 priorem
384 3757 524 3842 psalmum
540 3757 762 3824 commentoriis
778 3779 797 3824 s
811 3757 937 3846 veritato
953 3756 1104 3836 ceciderit,
1129 3765 1162 3819 ut
1174 3775 1241 3841 per·

81 3879 177 3944 ssepe
195 3867 321 3922 testetus
339 3879 422 3938 sum,
447 3881 512 3924 nem
531 3859 562 3924 in
580 3861 715 3925 omnibns
734 3860 822 3946 piane
842 3859 1008 3940 aberravit,
1032 3859 1083 3924 sed
1103 3861 1178 3943 quod
1197 3857 1242 3921 io-

80 3982 210 4027 nnmere
229 3961 291 4026 sint
305 3960 343 4024 sb
362 3982 398 4026 eo
417 3973 604 4028 monuments
621 3963 741 4044 relicte,
766 3963 913 4028 nonnuliis
937 3983 977 4026 ex
999 3981 1035 4026 eo
1058 3959 1108 4024 inc
1130 3959 1241 4045 psslnro

80 4063 238 4142 eodbeetis,
263 4083 303 4128 es
320 4081 378 4128 une
393 4074 444 4128 aut
458 4063 569 4145 altere,
593 4065 642 4129 rei
659 4050 752 4128 tribus
774 4075 856 4130 certe
875 4064 998 4128 uocibus
1023 4081 1138 4126 omnem
1164 4061 1242 4128 istius

80 4168 116 4232 in
134 4165 181 4230 bis
196 4185 272 4252 quae
288 4165 324 4230 ed
345 4165 430 4230 iidem
447 4167 596 4251 pertinent
611 4165 826 4251 improbitatem
844 4165 1028 4252 operiemus,
1052 4185 1087 4228 uc
1104 4183 1243 4230 necessa·

79 4270 135 4334 rio
153 4267 255 4334 endem
274 4266 379 4353 quibus
401 4268 452 4333 itte
470 4289 541 4334 usus
563 4279 611 4334 est
628 4267 718 4334 verbe
735 4269 909 4336 referemus.
955 4265 1011 4332 Est
1031 4266 1121 4352 igitur
1141 4267 1244 4334 uuius-

81 4370 231 4455 cuiusque
248 4369 385 4436 dictionis
399 4370 480 4436 uelut
495 4371 588 4436 solum
607 4392 642 4436 ec
665 4371 880 4438 iundementum
900 4369 1082 4450 buiusmodi,
1105 4380 1138 4434 ut
1159 4369 1240 4448 tuan,

79 4473 220 4540 studiose
243 4472 371 4554 auditor,
396 4471 561 4558 inteiligas,
591 4473 830 4543 menifestissime
850 4473 940 4538 filium
956 4472 1003 4538 dei
1018 4483 1184 4538 creaturam
1206 4469 1243 4534 sb
