3168 4926
380 185 773 240 rasennamrnrour.
791 185 943 241 nesam.
1197 175 1237 246 ta

85 309 128 376 lus
145 327 280 394 serpeus,
304 308 353 393 qui
368 309 517 384 dictamni,
542 307 589 372 vel
603 308 741 394 styracis,
766 320 817 372 aut
831 309 1000 388 libanitidis,
1025 321 1076 374 aut
1090 309 1237 392 abrotoni,

86 424 133 476 aut
149 409 319 489 bituminis,
341 421 395 476 aut
413 413 542 491 suffitus,
566 421 618 474 aut
630 422 752 496 gagetas
770 410 891 497 lapidis,
924 424 973 476 ant
989 414 1113 498 denique
1128 415 1240 478 cervini

85 536 175 579 cornu
193 514 315 578 odorem
333 536 392 578 ocu
409 514 545 579 sustinet.
591 511 647 576 llis
663 514 737 578 enim
757 513 844 578 rebus
859 526 1012 600 serpentes
1029 535 1063 580 ac
1080 530 1241 582 venenales

86 619 191 682 bestias
207 616 288 701 abigi
303 617 447 703 proditum
462 618 498 680 ab
513 617 550 680 iis
566 617 675 701 estqui
692 617 718 679 id
737 637 791 680 uso
809 617 1050 704 experientiaque
1065 621 1239 686 didicerunt.

86 719 169 804 Quod
192 741 266 786 veru
290 721 325 784 ael
349 719 526 784 dictamnum
548 720 692 805 pertinet,
722 721 790 784 iude
812 739 879 784 esse
897 721 1004 785 dictum
1023 721 1152 808 plerique
1172 745 1241 788 ceu·

85 835 165 902 seut,
198 824 277 908 quud
299 823 335 886 ud
353 822 573 907 parturientium
598 821 725 886 remedia
749 844 765 886 a
789 823 909 888 medicis
928 823 1092 890 adhibetur.
1139 826 1240 910 Quare

85 927 189 992 ueritu
205 927 236 990 id
253 926 353 988 divino
373 925 481 1004 verbo,
514 926 570 990 deu
586 925 704 1010 inquam
721 925 768 1010 qui
785 927 821 989 de
835 927 918 990 coelo
935 927 1069 1013 delapsus
1083 940 1145 1009 est,
1180 941 1244 994 eta

84 1043 164 1118 patre
183 1029 250 1094 sine
267 1029 327 1092 ullo
345 1039 475 1113 tempore
498 1039 611 1092 estant
631 1029 715 1092 initio
737 1029 872 1113 genitos,
904 1051 920 1093 a
941 1031 1026 1096 nobis
1042 1034 1242 1097 accommoda-

86 1147 140 1198 tur.
190 1129 277 1216 Quod
298 1151 369 1194 vero
387 1128 529 1196 Salomon
544 1131 580 1196 tle
596 1131 701 1196 stolida
717 1152 751 1194 ac
765 1153 888 1216 nequam
904 1134 1027 1198 muliere
1042 1135 1128 1215 dicit,
1152 1141 1244 1197 edesse

86 1241 161 1300 r'tturs
176 1238 343 1298 exea-stum
355 1256 519 1310 sermonem,
545 1235 599 1299 boc
614 1234 651 1298 ad
665 1234 740 1298 istus
757 1236 908 1298 transferri
925 1247 1032 1323 potest,
1057 1236 1105 1322 qui
1121 1239 1242 1300 solidam

86 1361 119 1402 ac
141 1347 331 1404 constantem
356 1336 517 1402 doctrinam
544 1338 659 1424 peuitcs
680 1338 817 1402 oderunt.
863 1336 979 1403 Terrae
1002 1339 1144 1424 siquidem
1165 1335 1242 1404 affixi

86 1452 199 1506 suntet
215 1463 232 1502 a
248 1438 425 1504 coelestibus
442 1440 614 1504 abhorrent.
659 1437 789 1524 ideoque
804 1461 907 1504 vocem
922 1442 1001 1506 illam
1016 1443 1109 1508 sancti
1124 1443 1244 1560 spiritus

85 1543 333 1630 perborresconte
368 1547 430 1605 Vae
447 1547 555 1605 doment
564 1549 764 1624 praeparantes
782 1565 889 1606 menos.
936 1540 996 1627 Qui
1016 1546 1130 1629 quidem
1147 1546 1302 1650 senisu·
1303 1553 1341 1648 ¹9³·

86 1649 147 1712 suis
165 1659 196 1711 et
210 1645 352 1732 apostulis
369 1645 463 1725 dixit,
495 1651 571 1708 Ecce
585 1649 920 1728 dedr'uobr'spotestutean
936 1651 1166 1730 colcundt‘super
1182 1605 1351 1714 ιιι-111111
1363 1655 1396 1700 11·

82 1755 412 1831 ριιιιωιιιιιιφὼιιιε,
437 1761 466 1812 et
479 1771 566 1832 super
581 1771 687 1812 ornnem
702 1754 832 1812 uirtutem
847 1753 962 1815 rbemr‘ci.
1008 1749 1091 1815 llaec
1106 1752 1181 1814 euim
1196 1751 1245 1814 illa

86 1874 149 1916 vox
166 1865 231 1916 erat
248 1875 345 1916 cerum
358 1875 552 1934 praeparans,
584 1873 659 1935 quae
677 1872 730 1937 per
746 1863 865 1916 sanetus
884 1855 1031 1937 apostolos
1051 1865 1082 1918 ct
1098 1854 1246 1937 evangeli-

85 1967 149 2019 stas
174 1977 229 2040 per
249 1956 351 2020 urbem
374 1967 421 2020 est
435 1956 574 2041 dissipata
595 1955 636 2018 uti
656 1954 762 2018 diaboli
771 1955 891 2052 postilis
912 1957 946 2020 ad
964 1957 1182 2042 repugnandum
1199 1957 1245 2020 vis

85 2070 115 2120 et
141 2059 266 2122 audacia
291 2059 522 2142 proculcarctnr.
574 2055 634 2122 Sed
659 2077 699 2120 ex
723 2059 919 2143 apostolurum
945 2081 1067 2123 numero
1092 2058 1246 2145 praecipue

85 2157 218 2223 loannes
236 2161 352 2240 estitit,
376 2161 425 2246 qui
445 2166 571 2224 animum
589 2160 746 2223 intendens
761 2182 916 2227 caecorum
935 2163 1057 2226 istorum
1075 2183 1109 2226 au
1127 2182 1248 2247 serpen-

85 2263 167 2326 tibus
188 2263 328 2326 similium
351 2263 508 2349 potentiem
532 2264 717 2349 reprimeret.

173 2363 359 2450 Quamquam
372 2367 441 2430 nibil
453 2367 596 2430 adversus
609 2387 706 2430 aream
720 2378 843 2432 conatus
854 2367 976 2431 istorum
990 2364 1115 2452 proficit.
1151 2361 1246 2448 Quam
1267 2381 1325 2450 cop.
1343 2382 1373 2431 tt.

85 2467 154 2532 ideo
172 2469 289 2532 munire
311 2490 345 2532 ac
365 2469 481 2534 firmare
498 2479 618 2534 sauctus
636 2467 704 2534 Noe:
728 2468 823 2533 divina
844 2489 918 2534 voce
937 2477 1150 2533 commonetur.
1195 2465 1248 2532 Sic

87 2573 168 2635 enirn
188 2571 261 2636 deus
278 2571 435 2656 praecipit:
460 2577 557 2634 bibres
574 2593 633 2634 eum
652 2574 784 2636 dr'tumr‘rre
801 2578 877 2634 ιἰιΐιιε
894 2583 924 2634 et
937 2575 1021 2654 sorti.
1069 2568 1110 2637 Ut
1125 2581 1386 2646 succinctionem.

87 2675 133 2738 dei
152 2675 301 2738 ecclesiae
316 2676 444 2760 speciem
459 2675 632 2760 praeberet,
656 2697 729 2760 quae
746 2673 895 2738 bituminis
910 2676 966 2737 vim
982 2673 1086 2754 habet,
1111 2695 1167 2760 qua
1182 2695 1248 2760 per·

87 2779 206 2842 uiciuse
235 2799 271 2841 ac
302 2777 417 2841 letifera
444 2788 612 2859 serpentum
641 2778 774 2862 dogmata
801 2777 1017 2863 propulsantur.
1067 2775 1248 2861 Ubicumque

87 2881 168 2943 euim
191 2880 319 2944 bitumen
338 2881 471 2960 suffiunt,
496 2879 591 2944 nullos
609 2880 648 2942 ibi
666 2901 788 2965 serpens
805 2891 947 2945 moratur.
993 2878 1162 2963 Qnirrctiam
1181 2899 1249 2943 san·

89 2994 135 3045 etc
155 2981 289 3067 styracis
306 2982 408 3046 nidore
427 2983 598 3066 sopiuntur,
622 2982 705 3046 cuius
723 2983 842 3046 odorem
862 2983 994 3067 lugiunt,
1018 2993 1096 3046 utet
1115 2982 1249 3046 abrotoni

89 3087 153 3148 sive
171 3085 333 3150 libauitidis
350 3086 428 3164 vim,
453 3086 478 3150 si
494 3107 581 3171 supra
599 3086 746 3171 serpentis
762 3085 911 3150 latibulum
928 3085 1039 3149 consita
1055 3085 1144 3148 luerit
1162 3096 1248 3170 atque

90 3188 252 3272 pullularit.
298 3185 414 3252 Etenim
437 3188 539 3252 iisdem
556 3187 613 3254 illis
633 3189 661 3250 in
681 3188 770 3269 lucis,
792 3189 822 3252 iu
840 3187 944 3273 quibus
962 3188 1067 3250 nudum
1088 3188 1246 3266 hominem,

90 3302 178 3354 etex
205 3288 357 3376 utriusque
382 3311 473 3354 sexus
497 3291 703 3354 coniunctione
727 3302 821 3356 satum
847 3311 913 3354 esse
932 3286 1081 3354 Christum
1100 3288 1195 3352 Ebion
1220 3299 1249 3350 et

91 3391 257 3456 (berinthus
274 3415 337 3456 cum
355 3395 417 3456 suis
431 3413 568 3458 asserere
583 3393 647 3456 cosi
663 3403 749 3472 sunt,
775 3393 830 3458 hcc
846 3402 892 3456 est
907 3393 936 3455 in
953 3392 1043 3470 Asia,
1067 3391 1172 3455 ibidem
1191 3390 1249 3474 spi·

90 3495 164 3560 ritus
182 3505 307 3560 unctus
325 3497 401 3560 illam
418 3497 499 3559 velot
517 3495 633 3558 berbem
649 3495 863 3560 secretissimam
881 3505 930 3558 aot
950 3495 1082 3558 lruticcm
1100 3495 1129 3556 in
1149 3493 1248 3555 orbem

91 3599 220 3676 extulit,
253 3619 309 3681 quc
332 3609 363 3662 et
382 3619 505 3682 serpens
526 3598 694 3682 abigeretur
714 3610 745 3662 et
767 3599 937 3684 tyrannicus
960 3595 1066 3662 diaboli
1085 3593 1249 3658 dominatus

92 3711 294 3766 everteretur.
339 3697 400 3764 lllic
416 3700 558 3783 siquidem
575 3700 605 3764 b.
624 3699 750 3766 loannes
766 3703 869 3766 allecta
890 3699 946 3764 iam
968 3708 1064 3763 aetate
1081 3696 1248 3782 praedicare

92 3806 185 3868 nacti
204 3802 328 3886 spiritus
346 3802 462 3865 bor-tato
480 3803 613 3882 iubetur,
646 3815 676 3866 et
693 3816 826 3868 errantes
846 3825 863 3866 a
882 3803 929 3865 via
945 3821 1105 3879 revocare3
1136 3819 1194 3862 nuo
1218 3809 1249 3860 ut

93 3909 120 3968 ιὶ
136 3929 170 3970 sc
189 3904 370 3969 necessitate
386 3915 524 3988 cogeret,
556 3908 606 3968 sed
624 3916 657 3969 ut
673 3918 776 3989 sponte
796 3925 831 3968 ac
847 3903 980 3968 volentes
996 3901 1164 3979 induceret,
1197 3899 1249 3963 iis·

93 4011 220 4094 demque
237 4017 337 4092 postes
351 4006 480 4070 diviuum
498 4007 634 4072 coelestis
650 4008 799 4070 doctrinae
816 4005 913 4070 lumen
929 4003 1102 4088 impertiret.
1136 4000 1247 4066 Verum

94 4111 160 4195 quid
178 4131 240 4195 ego
255 4110 339 4173 desa
357 4129 389 4172 re
406 4108 514 4174 diutius
532 4110 666 4196 disputcl
710 4106 895 4194 Quicumque
911 4106 987 4194 enim
1006 4106 1034 4168 iu
1053 4125 1088 4169 eo
1105 4105 1170 4168 loco
1189 4127 1251 4168 ma·

94 4227 161 4294 uet,
184 4211 239 4278 ubi
257 4213 430 4276 abrotonum
449 4213 593 4277 consitum
611 4223 674 4292 est,
698 4212 793 4276 nullus
808 4210 849 4274 ibi
868 4209 994 4274 mauebit
1011 4208 1168 4296 latebitque
1188 4227 1251 4272 ser·

94 4339 177 4403 peus.
226 4311 344 4380 Sicubi
364 4333 436 4378 vera
454 4325 499 4380 est
516 4315 563 4380 dei
582 4316 730 4395 doctrina,
764 4315 841 4380 nulla
857 4322 1021 4378 venenatae
1040 4310 1190 4376 doctrinae
1210 4309 1250 4372 la·

44 4455 46 4493 r
95 4421 177 4485 tebra
199 4420 261 4483 riu
283 4416 403 4482 babebit
424 4417 566 4502 aliquam,
589 4419 641 4483 sed
664 4419 792 4485 iuuditos
814 4417 939 4482 occidet.

45 4503 46 4538 1
153 4514 467 4577 &memmenni
1027 4523 1047 4583 4
