3176 4930
396 253 533 306 cannen
549 250 612 306 nne.
628 256 660 306 ιι.
676 251 759 306 rom.
776 255 796 307 ι.
811 253 912 304 naen.
922 253 1013 306 cxiv.
1223 241 1285 304 297

130 375 212 449 dixi,
244 373 417 440 dissolvitur
439 393 564 460 corpus,
595 374 687 438 odeo
712 375 872 461 periioiinr.
919 370 1002 456 Quae
1024 382 1120 438 autem
1143 393 1183 438 ex
1204 383 1288 460 porto

130 479 174 556 bt,
192 488 225 540 nt
241 499 258 540 a
273 477 440 562 pullulando
456 487 643 556 coercentur,
667 497 757 564 opera
772 487 875 540 nostru
890 475 1033 562 praestari
1047 475 1151 554 debet;
1174 497 1213 540 ox
1229 497 1286 561 qno

130 581 162 644 bt
175 589 209 643 nt
222 579 272 666 qni
290 579 394 644 maiam
409 579 488 644 iiiam
506 579 625 665 stirpem
641 581 677 645 ad
695 579 913 666 amplitudinem
928 589 958 643 ct
972 577 1199 663 magnitudinem
1214 579 1286 644 edn-

130 683 224 748 cando
243 683 432 769 perduxerit,
456 703 569 767 neque,
593 681 687 768 quoad
708 681 820 769 potuit,
843 681 974 746 sterilem
998 681 1076 746 iliam
1093 681 1226 746 effecerit
1242 691 1286 746 et·

129 806 187 870 qne
207 786 434 870 compresserit,
458 805 568 871 poenos
589 784 670 850 iiinm
695 785 866 870 persolvere
887 795 1037 870 oporteat,
1061 785 1222 868 quodcum
1244 785 1286 847 ia·

129 908 200 952 cere
218 889 296 952 istud
312 897 412 972 posset
428 909 463 952 nc
480 889 647 952 facultatem
667 888 801 966 baberet,
826 897 908 950 certo
924 887 1013 950 animi
1028 887 1152 952 consilio
1170 887 1285 950 utilitati

129 991 268 1056 damnum
291 989 474 1075 praetulerit.
1329 1016 1390 1082 Q„

215 1089 416 1176 Quamobrem
439 1113 543 1172 nemo,
567 1113 632 1156 onm
653 1092 718 1157 eins
737 1092 806 1156 meli
826 1111 959 1157 censeam
983 1091 1144 1169 sustineat,
1168 1089 1285 1154 divione
1303 1085 1425 1136 fflW·

129 1205 254 1260 natnrno
276 1195 499 1281 intemperantis
522 1195 640 1280 linguae
663 1195 921 1280 reprehensionem
941 1204 1093 1279 asperget,
1117 1193 1200 1278 qnasi
1223 1151 1426 1256 nni-(xxm

127 1297 234 1382 cuique
251 1295 369 1363 vimntis
386 1298 508 1382 vitiique
524 1299 655 1385 proemia
672 1319 731 1361 non
754 1298 830 1362 inste
849 1297 1012 1362 distribuat.
1058 1301 1127 1377 ons
1147 1301 1220 1362 enim
1241 1317 1283 1371 er,
1299 1297 1438 1359 nomme.

127 1405 260 1476 obceno,
284 1405 338 1482 poi
348 1405 519 1482 respondens
535 1405 621 1464 deod
651 1404 797 1483 Numquid
813 1404 888 1462 dr'oct
899 1403 1070 1481 figmeatum
1088 1403 1203 1482 fectori
1219 1421 1283 1474 cuo,

128 1509 191 1566 Cer
209 1525 253 1566 mc
268 1509 309 1566 r'tn
323 1507 448 1586 sccu'sn'?
491 1501 551 1587 Qui
567 1504 645 1568 enim
664 1504 693 1567 id
710 1523 852 1589 usurpare
871 1513 984 1587 potest,
1008 1524 1073 1568 cnm
1092 1513 1196 1588 suopte
1214 1512 1286 1567 nutu

128 1627 165 1671 eo
182 1605 335 1670 voiuntatc
350 1605 566 1692 improbitatem
587 1607 733 1690 clegerit?
775 1602 937 1693 Propterea
954 1627 1012 1670 non
1030 1604 1128 1690 utique
1145 1607 1213 1686 deo,
1237 1605 1286 1690 qni

128 1731 168 1774 ex
186 1708 412 1773 immutabilibus
427 1709 557 1773 institiae
575 1709 701 1774 decretis
716 1708 836 1787 indicet,
860 1720 956 1794 potest
971 1709 1081 1786 dicere,
1107 1705 1170 1772 Cur
1184 1729 1231 1772 mo
1246 1709 1287 1772 itn

128 1811 247 1875 iecisti?
290 1806 409 1875 Etenim
425 1813 589 1901 apostolus,
614 1812 696 1876 volnt
712 1812 907 1898 peritissimus
923 1809 1040 1895 qnidam
1058 1810 1202 1876 iaculator
1216 1831 1286 1876 onn-

127 1925 224 1979 toctns
243 1913 399 1978 verborum
423 1915 587 1979 sententias
607 1915 636 1977 in
662 1913 786 1979 medinm
808 1914 960 1992 emittens,
993 1924 1024 1976 nt
1042 1913 1196 1979 obscuram
1219 1935 1287 2000 pro-

128 2015 370 2100 inndissimisque
394 2018 532 2081 sensibus
558 2017 733 2082 occnitatam
757 2017 920 2081 orationem
936 2015 1079 2099 institnit,
1104 2017 1147 2082 sio
1166 2017 1287 2084 verissi-

126 2141 205 2183 mam
229 2129 387 2204 neutroque
406 2121 472 2183 fidei
496 2133 743 2198 consentaneam,
768 2141 843 2204 quae
863 2118 934 2182 nibii
954 2131 1004 2183 ant
1026 2119 1222 2205 negligentius
1244 2120 1287 2184 di·

126 2233 208 2286 ctum
224 2235 276 2286 unt
290 2220 447 2286 absurdum
464 2223 606 2286 eontinet.
645 2220 704 2306 Qui
723 2223 801 2286 enim
819 2243 877 2285 non
893 2222 1036 2302 studioso,
1058 2223 1110 2287 sed
1126 2223 1287 2288 oscitanter

127 2326 160 2388 in
175 2325 254 2389 iiiios
269 2343 422 2388 sermones
439 2325 604 2404 incurrunt,
628 2325 665 2388 iis
679 2345 887 2408 nonnunquam
903 2324 1000 2389 minus
1015 2325 1070 2388 sibi
1088 2337 1287 2392 consentanee

127 2450 165 2492 no
185 2427 375 2492 cohaerentis
396 2426 495 2490 dicere
513 2427 645 2492 videtnrc
671 2427 718 2512 qni
736 2447 808 2490 vern
825 2447 944 2512 operam
965 2427 1118 2506 adbibent,
1143 2439 1172 2492 et
1188 2429 1286 2494 sobrie

128 2541 218 2615 stqno
235 2539 412 2615 experrectu
430 2539 529 2594 mente
545 2530 576 2592 in
592 2529 658 2593 iilos
681 2529 869 2609 incombunt,
893 2549 933 2594 ex
950 2531 1053 2593 ordine
1071 2531 1169 2596 omnia
1185 2552 1220 2595 ec
1241 2533 1285 2595 rei

129 2632 257 2698 veritate
271 2632 458 2718 pronuntiato
473 2632 614 2696 indicant.
661 2629 773 2697 Verum
790 2633 956 2698 accuratius
972 2634 1008 2697 de
1026 2633 1071 2698 bis
1087 2636 1172 2698 modo
1188 2635 1286 2720 dispu—
1380 2634 1388 2649 ’

128 2747 194 2802 tare
214 2735 311 2822 magni
334 2753 388 2820 per
403 2755 471 2800 sese
494 2733 603 2798 inbonis
626 2755 700 2820 opus
721 2745 778 2798 est.
825 2734 881 2800 Est
899 2757 971 2801 vero
993 2735 1147 2800 ridiculum
1168 2738 1287 2823 proprio

127 2850 304 2922 argomento
329 2837 470 2902 derelicto
494 2839 571 2921 qnod
596 2839 776 2903 tractandum
799 2839 980 2924 suscepimus
1003 2861 1057 2904 nos
1080 2841 1115 2903 ad
1139 2840 1196 2903 alin
1216 2861 1287 2904 con·

127 2943 221 3005 iocre.
267 2938 346 3004 Nem
372 2941 444 3004 baec
468 2961 485 3002 a
511 2941 595 3004 nobis
621 2953 742 3027 propter
766 2942 833 3006 ilios
858 2943 1028 3008 dictasunt
1054 2941 1103 3028 qni
1131 2943 1285 3007 stultorum

126 3062 213 3108 more
232 3043 299 3108 maii
317 3055 347 3107 et
364 3043 463 3128 ignavi
483 3063 549 3106 csse
574 3061 626 3106 sne
650 3055 755 3130 sponte
778 3045 908 3130 cupiunt.
955 3040 1030 3110 Cum
1052 3045 1144 3130 igitur
1165 3045 1287 3110 maniis·

127 3145 260 3212 scissione
279 3147 420 3211 hactenns
440 3147 669 3210 demonstratum
690 3147 746 3226 sit,
771 3159 895 3212 mortem
915 3148 1024 3212 bomini
1048 3170 1107 3212 non
1130 3148 1197 3212 mcii
1220 3169 1287 3214 esso

127 3269 236 3314 caussa
255 3251 341 3314 niiins
359 3247 518 3326 miliniam,
543 3258 660 3334 oportet
677 3259 709 3312 ut
726 3251 865 3335 deinceps
888 3250 937 3335 qni
958 3273 1015 3316 non
1040 3253 1075 3315 nd
1100 3252 1172 3314 baec
1193 3250 1286 3336 negii·

126 3365 236 3438 genter
252 3353 428 3430 attenderit,
453 3373 609 3436 corporum
627 3352 875 3417 resurrectionem
893 3353 1050 3438 intelligat.
1094 3353 1172 3418 Nom
1189 3373 1287 3418 nonne
1424 3425 1426 3430 ,

126 3457 178 3521 rei
193 3477 230 3519 eo
249 3455 367 3518 nomine
386 3455 465 3518 utilis
484 3463 642 3533 moreest,
667 3473 721 3539 per
738 3477 823 3539 quam
841 3477 875 3519 en
894 3459 1084 3543 profligentur
1105 3478 1180 3541 quae
1202 3467 1286 3520 natu·

127 3579 191 3624 ram
215 3568 345 3622 nostram
366 3556 579 3643 quodammodo
598 3557 796 3641 preednntnr?
828 3559 942 3622 tametsi
966 3581 1024 3644 quo
1048 3571 1180 3645 tempore
1202 3558 1287 3623 nobis

127 3663 271 3740 infertur,
296 3659 428 3725 nonnihil
451 3659 575 3724 molesta
591 3659 742 3738 videatur,
767 3661 847 3726 velut
871 3661 1112 3727 medicamentum
1129 3661 1284 3746 quoddam,

127 3763 205 3849 qnod
223 3765 389 3848 aegrotanti
407 3764 623 3828 amarissimum
644 3763 813 3848 proebetnr.
858 3761 919 3829 Sed
937 3785 974 3828 ne
993 3767 1095 3829 eadem
1113 3764 1230 3850 saepius
1250 3763 1286 3827 de

127 3867 232 3931 eodem
251 3877 425 3952 argumento
443 3865 640 3952 disputemus,
665 3885 727 3950 ego·
739 3888 829 3946 vcro,
852 3867 901 3930 nbi
919 3890 960 3931 ex
976 3865 1199 3932 Deuteronomii
1217 3887 1285 3930 oen·
1298 3882 1439 3938 osmonte

126 3971 206 4048 tion,
230 3971 306 4054 quod
330 3989 347 4036 a
370 3971 454 4034 nobis
472 3971 579 4034 dictum
599 3979 645 4033 est
664 3969 972 4056 comprobaverimus,
996 3970 1031 4033 ad
1054 3969 1165 4054 reliqna
1189 3979 1286 4034 unns

126 4093 242 4138 umus.
1321 4117 1382 4181 cap·

214 4173 298 4240 Haeo
314 4177 393 4241 enim
412 4177 521 4242 verba:
545 4181 610 4258 Ego
625 4179 748 4238 occriinm
763 4187 793 4237 et
810 4180 902 4238 urbere
916 4179 1039 4257 snorum.-
1059 4181 1233 4257 montrum,
1257 4185 1431 4239 ccxxxvii.

162 4311 202 4366 17.
221 4313 330 4379 τιμῆσαι
346 4317 463 4368 Leontino.
758 4311 783 4365 3.
803 4313 915 4375 Suspicor
930 4305 1127 4380 danusipndcor.
1303 4253 1416 4320 (xxx.)

161 4379 223 4431 Cur.
238 4381 362 4434 XXXVI.
381 4414 411 4424 -
450 4385 472 4435 i.
497 4377 632 4450 ου’τοαιτής
657 4373 692 4436 oio
758 4377 783 4433 d.
800 4383 916 4443 descripsi
939 4379 1096 4447 ἐμπίπτουσι.
1136 4386 1197 4434 Norn
1217 4385 1286 4447 ccipe

124 4454 245 4504 Leontos.
724 4455 788 4502 cutot
804 4447 958 4504 ἐκπίπτουσι

158 4523 186 4570 2.
203 4511 223 4585 ἦ
242 4521 358 4573 meacm.
