3168 4942
368 149 505 202 canaan
522 151 587 202 nra.
600 151 633 203 ιι.
648 149 731 202 ron.
746 150 778 201 ιι.
797 149 897 200 nana.
914 149 1010 200 uxrx.
1222 133 1284 197 '113

7 283 13 316 ²
121 289 232 334 nomeu
250 264 321 334 ittut
338 269 543 336 substantiae?
576 267 640 336 Aut
658 289 712 334 cnr
733 267 993 334 consubstantialis
1019 267 1095 354 patri
1114 264 1191 335 flius
1212 264 1287 330 alici-

7 387 13 420 =
121 372 192 436 turi
227 368 364 454 Quonam
383 371 412 436 iu
430 373 597 458 scripturae
615 373 681 435 loeo
702 369 1015 435 consubstantialitatis
1033 381 1078 434 est
1104 371 1181 432 facta
1204 387 1286 432 meu·

7 493 9 522 τ
121 473 190 537 aiat
213 471 290 557 Quis
308 493 435 558 uuquam
455 495 494 538 ιιι
512 471 710 558 apostoliaalei
728 471 919 538 substantiam
936 470 1117 536 nominavit?
1139 470 1195 534 hoc
1209 470 1287 534 enim

8 598 11 604 ·
119 573 261 638 videlieet
275 575 423 660 ignorant,
443 576 519 640 idem
537 595 605 641 esse
622 575 803 662 hypostasim
820 584 871 638 aut
884 573 1077 638 substantiam
1090 573 1202 636 dicero.
1227 569 1284 635 Est

7 699 9 732 τ
121 675 203 740 cuim
220 677 356 742 dominus
377 678 409 741 in
425 677 576 763 hypostasi
595 689 722 756 saa,·et
737 681 871 759 pendor
886 680 1015 757 plerane,
1038 697 1074 738 na
1088 678 1195 756 figure
1213 675 1280 736 aab·
1293 683 1366 730 neta.
1382 682 1436 740 1,t.
1503 741 1507 750 Ι
1576 655 1577 690 ³

7 805 9 846 ;
119 783 230 840 omnnia
251 784 322 840 enias.
370 779 427 842 Est
449 779 539 864 igitur
562 780 725 844 substantia
750 801 808 844 aon
829 778 973 864 quicpimn
999 776 1167 842 facultatum
1191 776 1286 840 instar

7 909 9 940 r
121 889 304 966 suppetens,
338 882 389 944 sed
414 881 483 945 illud
502 882 595 968 ipsum
617 883 694 966 qnod¹
711 893 774 962 est,
805 881 882 944 sicot
898 877 1023 966 Moyses
1041 880 1132 959 aisa,
1165 883 1223 958 (toi
1241 888 1436 964 montanam

7 1015 10 1044 ι
119 985 271 1056 ma'sa'trec,
295 982 389 1068 inquit
407 984 442 1048 arl
461 983 537 1048 lilios
557 981 662 1049 lsrael.
709 980 812 1067 ltaque
827 983 876 1067 qui
892 993 956 1061 est,
980 1003 1035 1046 ens
1048 991 1112 1060 est,
1137 991 1168 1048 ιιι
1183 980 1223 1044 ita
1240 980 1284 1043 ti·

7 1123 11 1148 t
122 1104 208 1163 cana
233 1083 288 1148 boc
303 1095 399 1149 autam
421 1085 491 1150 nihil
507 1086 584 1150 alind
605 1097 651 1150 est
667 1107 753 1170 ιιιιιιιι
770 1084 945 1150 substantia.
991 1081 1053 1148 lam
1071 1085 1213 1170 particula
1234 1082 1286 1148 itta

7 1219 9 1254 ι
121 1179 204 1266 ὁμοῦ
221 1207 281 1250 non
305 1207 394 1252 unum
416 1188 542 1272 aliquem
560 1199 590 1251 et
612 1188 792 1272 singularem
813 1187 970 1273 exprimit,
994 1187 1046 1250 sed
1064 1186 1093 1250 in
1117 1179 1283 1266 o‘poovrtoo

7 1327 9 1336 ,
121 1308 198 1352 voce
214 1289 271 1352 duo
287 1291 428 1374 quaedam
446 1291 475 1354 in
493 1292 596 1356 eadem
613 1289 744 1355 essentia
763 1291 893 1375 perfecta
909 1287 1073 1374 significat,
1096 1309 1172 1373 quae
1189 1307 1245 1352 uec
1266 1308 1284 1352 a

7 1431 8 1440 ι
121 1410 157 1454 se
175 1389 302 1455 invicem
316 1391 453 1472 divorsa,
479 1412 534 1456 nec
549 1392 586 1456 ab
605 1393 716 1458 unitate
730 1413 786 1456 sna
803 1391 863 1456 sint
879 1392 987 1456 aliena.
1026 1389 1105 1475 Quid
1124 1391 1150 1455 si
1166 1389 1285 1476 piatatis

8 1537 9 1540 κ
119 1492 230 1575 gratim
249 1503 339 1578 atque
354 1495 392 1558 ιιι
410 1495 638 1560 consociandam
657 1494 790 1560 veritatis
811 1494 1028 1579 professionem
1043 1514 1156 1558 novum
1168 1491 1286 1577 aliquod

121 1593 296 1658 vocabulum
318 1615 462 1682 usurpare
478 1597 647 1662 voluimus?
673 1595 743 1663 Nisi
758 1597 835 1660 enim
854 1595 1104 1661 consubstantiale
1122 1595 1193 1659 illud
1216 1595 1287 1658 reti·

121 1696 292 1777 uncrinus,
325 1717 365 1762 ex
388 1699 524 1764 omuibus
549 1699 722 1766 haeresibus
745 1700 870 1764 refutari
894 1698 973 1762 nulla
998 1707 1106 1784 potest.
1151 1693 1231 1760 Nam
1254 1706 1286 1760 ιιι

121 1817 247 1882 serpeus
269 1799 420 1864 bituminis
437 1802 557 1866 odorem
577 1802 705 1884 refugit,
729 1813 780 1866 aut
796 1821 905 1866 cervae
924 1799 1061 1881 halitum,
1093 1807 1143 1863 sut
1163 1808 1286 1882 gagates

119 1901 225 1985 lapilis
243 1903 387 1982 suffitum,
411 1915 463 1968 aot
478 1904 607 1990 styracis
626 1905 754 1983 furnum,
777 1905 821 1968 sic
837 1904 928 1968 Arius
946 1913 976 1966 ιι
992 1900 1140 1967 Sabellius
1157 1898 1286 1964 cousub-

120 2003 270 2068 stantialis
287 2025 389 2068 nocem
408 2005 486 2070 illam
503 2027 537 2070 ac
558 2007 773 2092 professionem
790 2007 984 2072 vehementer
996 2007 1134 2070 oderunt.
1167 1998 1228 2068 Setl
1243 2001 1286 2064 itu

121 2105 266 2168 adversus
283 2106 351 2170 illos
366 2127 507 2192 agemus:
540 2106 683 2191 Quamvis
706 2128 847 2193 nusquam
873 2110 902 2173 in
926 2109 1021 2173 sacris
1045 2107 1139 2172 literis
1166 2125 1202 2168 ea
1225 2123 1288 2168 vox

123 2217 245 2272 extaret
264 2215 357 2292 (quae
374 2230 483 2274 rcvara
505 2220 602 2274 nmen
621 2221 721 2290 extat,
746 2223 833 2295 atqua
849 2212 879 2274 in
895 2211 960 2295 loge
985 2221 1014 2274 et
1029 2208 1228 2294 apostolorum
1251 2223 1286 2268 ec

122 2311 330 2395 prophetarum
348 2312 466 2396 scriptis
483 2314 638 2378 manifeste
654 2313 819 2398 reperitur3
842 2315 951 2375 dnobus
966 2333 1054 2398 porro
1071 2315 1117 2374 cel
1130 2312 1222 2374 tribes
1244 2321 1285 2370 te·
1297 2301 1388 2410 iffi

119 2413 287 2475 cta'bosstnt
307 2436 388 2476 omne
401 2416 547 2497 corbum),
580 2418 632 2480 sod
657 2426 689 2480 ut
712 2415 790 2480 nulla
812 2413 877 2479 eius
902 2415 1012 2479 mentio
1032 2413 1134 2492 heret,
1165 2413 1284 2492 liceret,

122 2514 248 2598 opinor,
271 2517 308 2579 ad
329 2515 413 2580 helem
434 2517 683 2586 corroborandam
709 2529 903 2603 opportunam
927 2518 1053 2602 aliquam
1074 2527 1163 2600 atque
1184 2515 1283 2581 utilem

121 2635 228 2680 rocem
243 2615 340 2682 studio
360 2619 477 2703 pietatis
493 2640 650 2706 usurpare.
676 2618 740 2684 Vos
753 2631 853 2684 autem
865 2618 933 2704 quit
949 2622 1067 2683 modom
1085 2617 1199 2684 licitis?
1222 2617 1285 2682 Ve-

120 2719 173 2782 lim
193 2719 262 2783 illud
282 2719 352 2784 mihi
370 2719 586 2806 respondeatis,
607 2742 682 2806 quae
699 2723 739 2786 sit
755 2733 855 2786 vestra
873 2723 909 2786 de
926 2732 1009 2808 patro
1029 2721 1188 2785 sententia.
1214 2719 1285 2785 Est-

120 2841 161 2884 ne
176 2830 207 2883 nt
223 2820 386 2886 increatum
403 2824 482 2887 illurn
500 2825 723 2889 existimemus?
757 2822 888 2890 Omnino
905 2825 948 2889 ita
967 2843 1035 2888 esse
1054 2824 1201 2887 fatendum
1224 2833 1282 2888 cst.

120 2921 199 3006 Quis
214 2923 292 2988 enim
308 2925 383 2989 adeo
399 2925 506 2990 stultns
523 2938 570 2991 est
586 2937 617 2990 ut
634 2946 668 2990 ca
686 2928 723 2990 ιιι
744 2947 776 2990 ιι
793 2926 924 2992 dubitet?
961 2923 1055 3009 Quis,
1080 2926 1216 3010 iuquam,
1240 2925 1284 2989 sic

119 3025 219 3090 animo
241 3027 395 3112 perculsus
415 3049 596 3094 senesanna
620 3038 682 3107 est,
716 3039 748 3092 ut
765 3031 851 3092 ιιιιιιιι
877 3041 908 3094 ιι
925 3041 1035 3115 patrem
1054 3029 1164 3094 homini
1187 3028 1282 3093 nostri

120 3125 191 3190 lesu
208 3124 320 3193 Christi
337 3130 499 3194 increatum
516 3151 584 3194 esse
605 3153 663 3197 non
681 3131 810 3196 indicet?
852 3129 917 3197 Vos
938 3133 1015 3196 enim
1036 3134 1137 3218 ntique
1155 3155 1214 3196 non
1230 3153 1283 3197 ne·

120 3228 200 3312 gatis
218 3229 380 3315 ingenitum
400 3232 495 3318 ipsum
513 3253 581 3297 esse
599 3245 630 3296 ιι
645 3234 828 3312 increatum,
853 3243 972 3318 atquea
997 3233 1077 3300 nullo
1097 3236 1282 3320 productum.
1449 3292 1453 3298 .

120 3325 231 3416 Neque
248 3332 326 3396 enim
344 3344 455 3418 patrem
473 3334 576 3409 babet,
601 3335 650 3418 qui
667 3336 706 3400 sit
721 3337 784 3420 ipso
801 3337 899 3420 prior,
924 3357 1019 3422 oeque
1035 3339 1181 3420 definitum
1196 3360 1285 3401 unno-
1299 3349 1371 3398 nata.
1383 3352 1438 3406 na

119 3455 186 3496 rura
207 3439 346 3515 mnium,
376 3448 428 3499 nat
446 3439 534 3500 ullam
555 3442 664 3499 elacrem
690 3441 817 3512 ιἰιιιιιιιι,
850 3449 881 3502 ιιι
898 3441 1045 3525 scriptura
1062 3440 1202 3524 loquitur.
1251 3435 1285 3502 si

120 3535 212 3619 igitur
226 3557 323 3620 neque
339 3539 511 3625 principium
529 3537 616 3604 babet
634 3539 773 3622 temporis
791 3539 899 3619 ullum,
925 3561 1020 3626 neque
1036 3541 1142 3620 linem,
1165 3541 1194 3604 iu
1214 3561 1284 3604 con-

122 3639 205 3700 fesso
221 3649 284 3718 eet,
308 3649 397 3724 atquc
413 3651 501 3706 extra
516 3662 633 3706 omnem
649 3641 902 3720 controversiam,
926 3643 1052 3707 eundem
1070 3664 1086 3706 a
1103 3644 1182 3708 nullo
1200 3663 1284 3708 crea·

121 3746 183 3803 tom
203 3740 306 3804 fnisse.
343 3744 435 3828 Atqui
453 3765 594 3829 nusquam
614 3745 650 3808 tle
666 3765 703 3807 eo
718 3753 765 3808 cst
783 3743 900 3830 scriptis
920 3744 990 3808 illud
1009 3764 1196 3829 expressum.
1222 3742 1284 3808 Ve-

122 3861 189 3906 rum
209 3842 343 3925 pietatis,
375 3856 408 3909 nt
431 3846 510 3925 dixi,
542 3845 640 3911 studio
664 3845 805 3930 religiose
831 3845 904 3910 hacc
930 3847 965 3909 tle
990 3847 1055 3932 ipso
1076 3857 1106 3910 ιι
1121 3847 1233 3910 sentire
1255 3857 1285 3910 ιι

121 3942 293 4028 praedicare
311 3947 462 4032 cogimur,
487 3948 556 4012 licet
569 3947 639 4011 nibil
655 3947 695 4011 sit
711 3947 854 4012 eiusmodi
872 3948 1024 4034 scriptum.
1062 3947 1177 4012 Eodem
1198 3949 1284 4015 modo

119 4044 239 4110 tametsi
257 4047 338 4112 nullo
355 4049 385 4114 in
403 4049 567 4135 scripturae
581 4050 647 4114 looo
665 4069 726 4112 vox
742 4049 792 4113 illa
809 4050 1179 4114 consubstantablabtlisertc
1196 4062 1285 4136 atque

117 4147 275 4233 expressis
295 4150 388 4214 literis
405 4152 618 4229 contineretur,
644 4171 699 4215 nos
717 4151 757 4214 uti
776 4161 873 4216 ιιιιιιιι
888 4153 937 4216 illa
957 4173 1082 4218 necesse
1100 4165 1282 4240 putaremus,

118 4251 309 4334 quantumvis
328 4253 363 4315 dc
380 4254 436 4319 olco
453 4252 602 4340 disputare
618 4273 707 4338 snpra
726 4274 781 4317 nos
802 4275 836 4318 ao
854 4265 977 4320 naturae
997 4267 1117 4320 nostrae
1141 4255 1284 4322 conditio-

119 4367 189 4418 nem
208 4370 277 4416 easc
294 4352 457 4420 videretur.
501 4354 703 4422 Nihilominus
720 4366 816 4420 tamon
834 4355 920 4422 facile
942 4357 1028 4425 uobis
1052 4357 1283 4444 benignissimus
