3176 4930
344 261 479 315 aaaauu
497 261 604 314 eruut.
621 261 702 314 uuus.
715 261 735 319 1.
753 261 852 313 uuus.
865 261 958 314 uxrv.
1166 250 1227 314 259

80 403 139 445 aou
161 380 267 460 iidem,
291 383 367 466 quad
390 381 427 445 ad
452 401 569 446 earnem
592 379 722 467 speetat,
747 381 797 446 itto
815 392 946 467 tempore
960 401 1032 446 asse
1053 381 1226 467 poterimus,

79 484 131 547 sed
146 485 238 548 iurata
256 493 380 561 tautum,
405 505 478 568 quae
496 484 526 548 io
544 483 630 548 uobis
646 495 786 568 perpetua
802 484 888 548 modo
903 495 1147 548 conservaturae
1164 505 1229 570 per·

79 585 167 648 sistit.
212 583 290 650 Nutu
313 586 437 670 quadiu
454 584 598 671 superiori
616 585 665 649 itta
683 586 871 650 similitudine
892 587 975 672 peliis
998 598 1061 666 est,
1085 585 1160 650 idem
1184 597 1231 650 est

80 687 134 751 dou
147 688 213 752 loeo
233 689 345 768 formo,
368 690 443 772 quod
460 699 555 752 autem
572 686 633 751 idio
647 709 738 772 aqua,
762 688 790 752 id
807 689 899 773 ipsum
917 687 947 751 iu
964 689 1112 774 proposito
1127 700 1229 764 uostro

79 789 146 854 iitud
163 800 211 854 est
225 789 310 854 euius
327 791 462 854 aeaessio
479 791 510 853 dt
523 799 573 853 aut
591 790 736 855 decessio.
782 788 883 875 Quare
897 791 1150 875 quemadmodum,
1174 789 1230 854 etsi

80 913 137 955 uoa
160 892 237 956 idem
261 892 348 956 ruodo
370 913 477 980 eorpus
500 903 563 971 est,
594 893 694 958 eadem
718 893 905 957 nihilomiuus
928 895 1038 956 formae
1059 893 1173 977 speeies
1195 913 1231 956 aa

80 993 171 1077 figura
190 993 349 1074 retinetur,
373 995 412 1058 ita
430 995 501 1058 lieet
519 1016 577 1059 nou
593 995 670 1060 idem
686 1015 792 1080 eorpus
809 993 930 1074 existat,
956 997 1049 1059 ior-ma
1066 996 1129 1080 ipsa
1147 1013 1232 1080 praa·

80 1097 251 1160 strutioreru
267 1097 298 1161 iu
312 1107 420 1162 statuar
435 1107 538 1160 ereata
554 1118 612 1162 nau
627 1098 684 1160 iaur
699 1099 728 1161 iu
745 1096 925 1182 corruptibili
943 1117 1078 1183 corpore,
1099 1095 1150 1160 sed
1165 1117 1231 1180 pas-

80 1198 172 1263 sioais
186 1211 312 1285 experte
326 1199 508 1284 spiritalique
523 1199 797 1285 comprehendatur.
830 1195 1001 1264 Cuiusmodi
1020 1197 1102 1263 iesus
1119 1197 1228 1277 habuit,
1244 1213 1327 1258 morra.
1343 1213 1375 1259 u.

80 1311 145 1385 post
166 1301 453 1386 transfigurationem
472 1301 546 1366 harre
569 1301 685 1388 quaudo
706 1302 734 1365 iu
758 1314 885 1366 mantem
909 1323 973 1366 oum
992 1298 1099 1380 Petro,
1124 1297 1231 1386 Moyse
1245 1266 1352 1311 mm

81 1413 108 1466 et
128 1401 217 1482 Elia,
241 1404 289 1488 qui
313 1415 373 1468 totu
394 1404 437 1468 itti
459 1416 672 1490 apparuerunt,
696 1404 840 1468 aseendit.
1268 1455 1302 1505 ca
1438 1440 1451 1456 ae

162 1503 225 1570 Sed
243 1507 279 1568 do
299 1506 344 1570 his
357 1506 516 1587 haateuus3
540 1507 613 1571 haar
628 1506 705 1570 euim
720 1517 767 1571 est
781 1503 921 1590 Oripeuis
936 1506 1102 1590 dogmatum
1118 1525 1231 1570 summa
1255 1474 1350 1575 xviii.

81 1607 316 1693 sampredousio.
361 1606 449 1692 Quod
464 1608 490 1672 si
506 1609 572 1693 quis
587 1609 823 1673 adversariorum
842 1605 954 1673 Christi
972 1629 1079 1694 eorpus
1100 1591 1384 1685 „pppppaptxxtttxu

81 1731 113 1774 so
132 1711 212 1795 quod
226 1715 433 1790 primogenitus
448 1722 622 1774 mertuorum
638 1733 673 1774 aa
685 1717 831 1793 primatiae
845 1715 1039 1774 dormientium
1058 1711 1232 1796 appendetur,
1247 1727 1315 1781 apae.
1323 1727 1344 1781 ι,
1356 1725 1377 1770 a.

80 1815 176 1898 itaque
202 1811 339 1896 colligat,
370 1814 609 1898 quemadmodum
630 1813 680 1878 ilie
702 1813 884 1892 resurrexit,
915 1811 956 1876 ita
979 1823 1009 1876 et
1030 1783 1386 1882 resurrecturosoiimsr.

79 1927 176 1979 uetera
195 1914 302 1992 videri,
325 1925 357 1978 ut
372 1921 509 1997 quarrada
521 1919 653 1979 Christus
667 1921 837 1991 resur-remit,
861 1920 904 1980 sia
919 1925 948 1978 et
960 1919 1028 1978 daus
1041 1927 1166 1978 mortuas
1179 1937 1234 1998 per
1247 1930 1266 1975 ι,
1278 1927 1360 1974 'rtem

80 2021 172 2080 imur
189 2020 330 2091 adderet,
355 2037 419 2082 auur
442 2018 509 2102 ipso
523 2040 611 2102 porro
627 2016 694 2082 lesu
711 2035 817 2102 eorpus
834 2017 878 2082 sio
892 2037 959 2081 esse
976 2039 993 2080 a
1011 2019 1134 2082 mortuis
1152 2017 1235 2082 exai-
1264 1983 1284 2038 ι’
1298 1982 1329 2026 u'

80 2129 193 2198 tatum,
218 2118 321 2181 iisdem
342 2120 384 2182 uti
405 2121 544 2186 aaruibus
562 2119 735 2204 ossibusque
756 2130 922 2198 constaret,
952 2119 980 2182 id
1003 2121 1079 2204 quod
1099 2118 1235 2184 Thomas

79 2211 255 2306 persuasum
274 2220 378 2300 iussit,
402 2242 506 2286 rosea
528 2222 572 2286 sio
593 2222 840 2306 respondeamus,
864 2217 976 2286 Christi
997 2243 1104 2306 eorpus
1121 2244 1178 2285 uon
1196 2245 1311 2292 ursona
1324 2247 1387 2301 urs.

80 2327 228 2385 rolandus
247 2328 306 2384 arri
319 2344 355 2388 aa
371 2327 515 2404 votaprue
531 2329 675 2407 aomat'que
690 2329 890 2406 euagressritae
907 2329 937 2386 ira
957 2325 1153 2406 rirt‘quitatriua
1174 2347 1234 2386 esra
1246 2307 1301 2395 iii,
1312 2299 1334 2405 ἷζ
1345 2299 1379 2396 ii

80 2436 259 2506 sucepturos,
284 2436 312 2486 ed
325 2429 354 2486 iu
374 2432 500 2506 pereatis
518 2432 662 2507 garritum,
686 2429 790 2489 redde
811 2431 915 2508 spiritu
935 2437 1034 2488 sauata
1055 2429 1239 2490 stultissimi

80 2533 187 2590 mitum
203 2547 239 2590 aa
255 2527 370 2609 virgime
386 2540 589 2613 procreatum,
615 2539 695 2592 taum
717 2539 814 2592 aorem
830 2549 933 2594 somna
948 2547 983 2591 au
1000 2529 1148 2613 voluptate
1171 2548 1236 2590 sor·

82 2629 228 2713 dibusque
251 2639 399 2694 mussare.
446 2627 541 2714 Quam
559 2629 598 2693 ob
618 2651 751 2694 caussam
775 2631 892 2715 sapiens
913 2631 962 2694 itte
981 2627 1084 2694 Siraoh
1107 2651 1238 2716 pronon-

81 2733 151 2795 tiata
187 2735 256 2794 Cura
277 2737 349 2793 earirt
372 2738 509 2794 morietur
523 2737 619 2807 dama,
645 2734 813 2794 hereditabit
833 2745 991 2814 serpentes,
1016 2745 1048 2795 et
1066 2735 1184 2807 dudae,
1208 2744 1239 2795 et
1248 2750 1294 2796 ste.
1307 2751 1341 2808 ta,
1354 2752 1387 2798 ιι.

80 2855 199 2896 mares.
248 2832 294 2896 Ad
314 2833 386 2898 haue
401 2831 601 2898 LXXXVII.
618 2831 754 2898 Psalmos
777 2837 923 2917 Numquid
938 2840 1056 2897 mortuis
1074 2837 1164 2915 fames
1184 2840 1236 2897 rai·
1249 2853 1333 2911 t‘es't,
1347 2853 1379 2900 ru

81 2938 207 3010 rada'dtir,
231 2947 284 2998 ast
296 2941 398 3000 medr'ei
408 2939 587 3000 suscitabunt
597 2949 627 2998 et
639 2938 848 3019 eonfiteduatur
861 2939 934 3000 tibi?
975 2941 1120 3019 Numquid
1133 2956 1237 3000 narra·

80 3039 121 3101 tu
134 3041 245 3120 adipum
261 3043 291 3100 ait
309 3041 460 3120 sepulchra
475 3043 695 3102 mesericordiam
714 3051 805 3114 tm,
830 3051 860 3101 et
874 3045 1019 3102 ueritatem
1033 3052 1108 3101 tuam
1125 3044 1155 3102 ia
1170 3060 1235 3121 per·

80 3146 215 3204 driadas?
236 3145 373 3222 numquid
387 3154 594 3222 eagaaseeatur
607 3146 636 3204 ia
652 3143 773 3204 tenebris
787 3143 929 3204 mirabilia
943 3153 1002 3216 tua,
1019 3155 1048 3203 et
1062 3147 1171 3204 riuta'tria
1189 3155 1237 3204 trra

79 3249 108 3306 tir
125 3257 208 3306 tem
223 3244 393 3306 adlioioaia?
435 3241 587 3310 Eiusmodi
605 3255 636 3309 et
654 3245 712 3314 ,aiis
735 3245 898 3330 seripturae
914 3244 1004 3308 rerba
1020 3243 1140 3308 uuiiibet
1155 3244 1238 3307 eodi-

79 3367 154 3428 gero
170 3345 259 3423 lieetp
283 3366 321 3409 ue
336 3345 362 3410 ai
381 3344 478 3410 oumia
495 3348 614 3431 copiose
633 3347 835 3432 sumptuariae
853 3367 1082 3411 oomnremorare
1098 3346 1235 3424 uelimus,

79 3449 226 3514 maiorem
250 3449 281 3511 iu
304 3448 420 3514 modum
444 3457 599 3514 exarescat
621 3448 728 3512 oratio.

441 3739 612 3802 SEQUITUR
632 3741 680 3792 EX
700 3739 886 3792 Muuttouto.

168 3853 247 3925 Cura
261 3855 386 3922 Prouius
404 3878 494 3942 aegre
513 3857 627 3922 dieendi
648 3861 732 3922 tinem
757 3858 893 3936 ieoisset,
918 3856 965 3920 dio
987 3856 1023 3918 iis
1045 3855 1092 3940 qui
1115 3853 1390 3927 adornatarum.

78 3953 250 4027 moeotidas
269 3961 351 4025 etad
368 3959 697 4026 induetimumaboode
713 3959 882 4044 prostratis,
907 3969 1093 4044 posteaquam
1113 3953 1245 4026 desiisse,
1280 3929 1366 3998 (η’)

76 4067 163 4130 ilium
184 4063 397 4143 animaduerti,
421 4062 530 4126 sensim
550 4073 636 4147 rapot
651 4061 788 4125 attollens
804 4081 839 4123 aa
861 4059 1028 4145 respirans,
1052 4068 1082 4122 ut
1100 4058 1119 4121 ii
1136 4058 1184 4142 qui
1207 4058 1237 4122 iu

77 4167 158 4232 orari
177 4165 340 4250 navigant,
364 4165 412 4229 oti
433 4165 530 4230 sedari
554 4173 716 4248 tempestas
734 4163 847 4248 eoepit,
872 4171 1001 4225 tremens
1019 4160 1112 4225 addua
1134 4159 1238 4224 nihilo·

76 4271 202 4348 miuus,
227 4289 263 4332 aa
277 4267 425 4352 vertigiue
442 4275 596 4351 correptos
618 4269 666 4349 (ut
680 4261 756 4328 euim
776 4266 852 4349 quod
873 4283 922 4328 res
944 4271 991 4326 est
1011 4263 1137 4347 ingenue
1153 4262 1239 4328 vohis

112 4424 141 4476 2
164 4422 259 4475 ἱκανῶν
275 4423 327 4473 aad
344 4424 420 4474 Venas
716 4415 742 4472 4.
757 4413 914 4486 η’ριμιπικῆν
930 4419 982 4470 aad.
1003 4419 1071 4482 Vsu,
1086 4421 1183 4484 fatuata
1196 4429 1240 4480 pra

111 4493 140 4546 3.
162 4491 206 4557 siu
223 4491 275 4542 aad.
293 4491 347 4541 deu
384 4492 457 4554 dutus
472 4487 534 4556 sius.
683 4483 769 4555 ἠρέμα
784 4503 809 4541 τι
824 4483 878 4554 mir.
1020 4571 1039 4614 '¹

965 4577 1004 4640 17
