<?xml version="1.0" encoding="UTF-8"?>
<!DOCTYPE html PUBLIC "-//W3C//DTD XHTML 1.0 Transitional//EN"
    "http://www.w3.org/TR/xhtml1/DTD/xhtml1-transitional.dtd">
<html xmlns="http://www.w3.org/1999/xhtml" xml:lang="en" lang="en">
 <head>
  <title>
</title>
<meta http-equiv="Content-Type" content="text/html;charset=utf-8" />
  <meta name='ocr-system' content='tesseract 3.04.00' />
  <meta name='ocr-capabilities' content='ocr_page ocr_carea ocr_par ocr_line ocrx_word'/>
</head>
<body>
  <div class='ocr_page' id='page_1' title='image "./corporishaerese02oehlgoog_0155.png"; bbox 0 0 3128 4930; ppageno 0'>
   <div class='ocr_carea' id='block_1_1' title="bbox 1039 138 1056 171">
    <p class='ocr_par' dir='ltr' id='par_1_1' title="bbox 1039 138 1056 171">
     <span class='ocr_line' id='line_1_1' title="bbox 1039 138 1056 171; baseline 0 0"><span class='ocrx_word' id='word_1_1' title='bbox 1039 138 1056 171; x_wconf 73' lang='grc' dir='ltr'><strong><em>ε’</em></strong></span> 
     </span>
    </p>
   </div>
   <div class='ocr_carea' id='block_1_2' title="bbox 380 263 1111 324">
    <p class='ocr_par' dir='ltr' id='par_1_2' title="bbox 380 263 1111 324">
     <span class='ocr_line' id='line_1_2' title="bbox 380 263 1111 324; baseline -0.003 0"><span class='ocrx_word' id='word_1_2' title='bbox 380 263 439 324; x_wconf 83' lang='grc'><strong><em>134</em></strong></span> <span class='ocrx_word' id='word_1_3' title='bbox 801 271 923 324; x_wconf 75' lang='grc' dir='ltr'><strong><em>θλΝίίΤΙ</em></strong></span> <span class='ocrx_word' id='word_1_4' title='bbox 941 271 1111 324; x_wconf 80' lang='grc' dir='ltr'><strong>ΕΡΙΡΗΑΝΙΙ</strong></span> 
     </span>
    </p>
   </div>
   <div class='ocr_carea' id='block_1_3' title="bbox 262 381 1532 2311">
    <p class='ocr_par' dir='ltr' id='par_1_3' title="bbox 380 381 1523 1493">
     <span class='ocr_line' id='line_1_3' title="bbox 380 381 1510 472; baseline 0 -20"><span class='ocrx_word' id='word_1_5' title='bbox 380 387 468 468; x_wconf 82' lang='grc' dir='ltr'><strong><em>φύσει</em></strong></span> <span class='ocrx_word' id='word_1_6' title='bbox 482 389 534 452; x_wconf 83' lang='grc' dir='ltr'><strong><em>καί</em></strong></span> <span class='ocrx_word' id='word_1_7' title='bbox 550 385 602 468; x_wconf 77' lang='grc' dir='ltr'><strong><em>τῆν</em></strong></span> <span class='ocrx_word' id='word_1_8' title='bbox 617 389 811 470; x_wconf 86' lang='grc' dir='ltr'><strong><em>πατριαρχίαν</em></strong></span> <span class='ocrx_word' id='word_1_9' title='bbox 825 384 964 462; x_wconf 81' lang='grc' dir='ltr'><strong><em>οἱςαύτως</em></strong></span> <span class='ocrx_word' id='word_1_10' title='bbox 978 387 1116 472; x_wconf 82' lang='grc' dir='ltr'><strong><em>εύρομεν·</em></strong></span> <span class='ocrx_word' id='word_1_11' title='bbox 1139 387 1242 470; x_wconf 75' lang='grc' dir='ltr'><strong><em>ἥντινα</em></strong></span> <span class='ocrx_word' id='word_1_12' title='bbox 1256 385 1327 452; x_wconf 86' lang='grc' dir='ltr'><strong><em>καθ’</em></strong></span> <span class='ocrx_word' id='word_1_13' title='bbox 1342 385 1439 472; x_wconf 85' lang='grc' dir='ltr'><strong><em>είρμδν</em></strong></span> <span class='ocrx_word' id='word_1_14' title='bbox 1450 381 1510 465; x_wconf 73' lang='grc' dir='ltr'><strong><em>ύοη</em></strong></span> 
     </span>
     <span class='ocr_line' id='line_1_4' title="bbox 380 486 1511 575; baseline -0.004 -21"><span class='ocrx_word' id='word_1_15' title='bbox 380 489 509 575; x_wconf 85' lang='grc' dir='ltr'><strong><em>γήσομοι</em></strong></span> <span class='ocrx_word' id='word_1_16' title='bbox 524 488 627 566; x_wconf 77' lang='grc' dir='ltr'><strong><em>οὕτως.</em></strong></span> <span class='ocrx_word' id='word_1_17' title='bbox 665 487 763 564; x_wconf 85' lang='grc' dir='ltr'><strong><em>Ἠλίας</em></strong></span> <span class='ocrx_word' id='word_1_18' title='bbox 780 487 799 554; x_wconf 91' lang='grc' dir='ltr'><strong><em>ό</em></strong></span> <span class='ocrx_word' id='word_1_19' title='bbox 815 492 956 572; x_wconf 85' lang='grc' dir='ltr'><strong><em>Θεσβίτης</em></strong></span> <span class='ocrx_word' id='word_1_20' title='bbox 970 486 1098 568; x_wconf 81' lang='grc' dir='ltr'><strong><em>οίδελφός</em></strong></span> <span class='ocrx_word' id='word_1_21' title='bbox 1113 491 1229 574; x_wconf 76' lang='grc' dir='ltr'><strong><em>γέγονεν</em></strong></span> <span class='ocrx_word' id='word_1_22' title='bbox 1244 489 1343 556; x_wconf 78' lang='grc' dir='ltr'><strong><em>’ίωδοδ</em></strong></span> <span class='ocrx_word' id='word_1_23' title='bbox 1356 497 1410 556; x_wconf 83' lang='grc' dir='ltr'><strong><em>τοῦ</em></strong></span> <span class='ocrx_word' id='word_1_24' title='bbox 1424 490 1511 572; x_wconf 79' lang='grc' dir='ltr'><strong><em>ἱερέας,</em></strong></span> 
     </span>
     <span class='ocr_line' id='line_1_5' title="bbox 382 588 1513 676; baseline -0.004 -19"><span class='ocrx_word' id='word_1_25' title='bbox 382 597 413 669; x_wconf 80' lang='grc' dir='ltr'><strong><em>ἐξ</em></strong></span> <span class='ocrx_word' id='word_1_26' title='bbox 431 593 532 676; x_wconf 85' lang='grc' dir='ltr'><strong><em>ἱερίωυ</em></strong></span> <span class='ocrx_word' id='word_1_27' title='bbox 548 595 637 673; x_wconf 84' lang='grc' dir='ltr'><strong><em>δῆλον</em></strong></span> <span class='ocrx_word' id='word_1_28' title='bbox 655 593 703 656; x_wconf 79' lang='grc' dir='ltr'><strong><em>καὶ</em></strong></span> <span class='ocrx_word' id='word_1_29' title='bbox 722 588 812 666; x_wconf 85' lang='grc' dir='ltr'><strong><em>αύτός</em></strong></span> <span class='ocrx_word' id='word_1_30' title='bbox 831 589 988 674; x_wconf 84' lang='grc' dir='ltr'><strong><em>ύπόρχων,</em></strong></span> <span class='ocrx_word' id='word_1_31' title='bbox 1010 589 1076 666; x_wconf 85' lang='grc' dir='ltr'><strong><em>υἱός</em></strong></span> <span class='ocrx_word' id='word_1_32' title='bbox 1093 593 1126 656; x_wconf 76' lang='grc' dir='ltr'><strong><em>δὲ</em></strong></span> <span class='ocrx_word' id='word_1_33' title='bbox 1144 600 1197 656; x_wconf 85' lang='grc' dir='ltr'><strong><em>τοῦ</em></strong></span> <span class='ocrx_word' id='word_1_34' title='bbox 1213 590 1373 675; x_wconf 79' lang='grc' dir='ltr'><strong><em>Ἀχιμαιίμ,</em></strong></span> <span class='ocrx_word' id='word_1_35' title='bbox 1392 588 1513 674; x_wconf 80' lang='grc' dir='ltr'><strong><em>Ἀχιμαόμ</em></strong></span> 
     </span>
     <span class='ocr_line' id='line_1_6' title="bbox 383 690 1514 780; baseline -0.004 -20"><span class='ocrx_word' id='word_1_36' title='bbox 383 695 416 760; x_wconf 78' lang='grc' dir='ltr'><strong><em>δὲ</em></strong></span> <span class='ocrx_word' id='word_1_37' title='bbox 432 693 499 770; x_wconf 91' lang='grc' dir='ltr'><strong><em>υἱός</em></strong></span> <span class='ocrx_word' id='word_1_38' title='bbox 513 699 567 760; x_wconf 81' lang='grc' dir='ltr'><strong><em>τοῦ</em></strong></span> <span class='ocrx_word' id='word_1_39' title='bbox 586 690 736 773; x_wconf 71' lang='grc' dir='ltr'><strong><em>8Σαδοίκ,</em></strong></span> <span class='ocrx_word' id='word_1_40' title='bbox 759 692 870 758; x_wconf 78' lang='grc' dir='ltr'><strong><em>Σαδεὶκ</em></strong></span> <span class='ocrx_word' id='word_1_41' title='bbox 887 697 918 758; x_wconf 81' lang='grc' dir='ltr'><strong><em>δὲ</em></strong></span> <span class='ocrx_word' id='word_1_42' title='bbox 933 701 987 760; x_wconf 82' lang='grc' dir='ltr'><strong><em>τοῦ</em></strong></span> <span class='ocrx_word' id='word_1_43' title='bbox 1000 691 1133 776; x_wconf 72' lang='grc' dir='ltr'><strong><em>Ἀχιτιύβ,</em></strong></span> <span class='ocrx_word' id='word_1_44' title='bbox 1154 702 1208 758; x_wconf 83' lang='grc' dir='ltr'><strong><em>τοῦ</em></strong></span> <span class='ocrx_word' id='word_1_45' title='bbox 1223 692 1368 780; x_wconf 79' lang='grc' dir='ltr'><strong><em>Ἀμωρία,</em></strong></span> <span class='ocrx_word' id='word_1_46' title='bbox 1390 692 1514 774; x_wconf 82' lang='grc' dir='ltr'><strong><em>Ἀμωρίας</em></strong></span> 
     </span>
     <span class='ocr_line' id='line_1_7' title="bbox 382 793 1514 881; baseline -0.004 -21"><span class='ocrx_word' id='word_1_47' title='bbox 382 793 449 872; x_wconf 89' lang='grc' dir='ltr'><strong><em>υίός</em></strong></span> <span class='ocrx_word' id='word_1_48' title='bbox 462 803 516 862; x_wconf 84' lang='grc' dir='ltr'><strong><em>τοῦ</em></strong></span> <span class='ocrx_word' id='word_1_49' title='bbox 537 799 684 878; x_wconf 70' lang='grc' dir='ltr'><strong><em>9Μωρία,</em></strong></span> <span class='ocrx_word' id='word_1_50' title='bbox 708 801 838 880; x_wconf 86' lang='grc' dir='ltr'><strong><em>Μαρίας</em></strong></span> <span class='ocrx_word' id='word_1_51' title='bbox 854 803 908 861; x_wconf 84' lang='grc' dir='ltr'><strong><em>τοῦ</em></strong></span> <span class='ocrx_word' id='word_1_52' title='bbox 932 803 1032 881; x_wconf 84' lang='grc' dir='ltr'><strong><em>Ζαρᾶ,</em></strong></span> <span class='ocrx_word' id='word_1_53' title='bbox 1054 803 1108 860; x_wconf 86' lang='grc' dir='ltr'><strong><em>τοῦ</em></strong></span> <span class='ocrx_word' id='word_1_54' title='bbox 1124 793 1218 874; x_wconf 81' lang='grc' dir='ltr'><strong><em>Ἀζία,</em></strong></span> <span class='ocrx_word' id='word_1_55' title='bbox 1239 794 1334 876; x_wconf 85' lang='grc' dir='ltr'><strong><em>Ἀζίας</em></strong></span> <span class='ocrx_word' id='word_1_56' title='bbox 1348 804 1403 861; x_wconf 85' lang='grc' dir='ltr'><strong><em>τοῦ</em></strong></span> <span class='ocrx_word' id='word_1_57' title='bbox 1421 795 1514 869; x_wconf 74' lang='grc' dir='ltr'><strong><em>Φινεὲς,</em></strong></span> 
     </span>
     <span class='ocr_line' id='line_1_8' title="bbox 385 895 1514 984; baseline -0.004 -22"><span class='ocrx_word' id='word_1_58' title='bbox 385 898 489 973; x_wconf 70' lang='grc' dir='ltr'><strong><em>Φινεὲς</em></strong></span> <span class='ocrx_word' id='word_1_59' title='bbox 512 895 578 973; x_wconf 89' lang='grc' dir='ltr'><strong><em>υἱός</em></strong></span> <span class='ocrx_word' id='word_1_60' title='bbox 595 904 648 961; x_wconf 86' lang='grc' dir='ltr'><strong><em>τοῦ</em></strong></span> <span class='ocrx_word' id='word_1_61' title='bbox 663 895 814 982; x_wconf 78' lang='grc' dir='ltr'><strong><em>Ἐλεάζαρ,</em></strong></span> <span class='ocrx_word' id='word_1_62' title='bbox 834 896 968 984; x_wconf 76' lang='grc' dir='ltr'><strong><em>Ἐλεάζαρ</em></strong></span> <span class='ocrx_word' id='word_1_63' title='bbox 987 896 1053 973; x_wconf 84' lang='grc' dir='ltr'><strong><em>υἱός</em></strong></span> <span class='ocrx_word' id='word_1_64' title='bbox 1073 905 1127 964; x_wconf 85' lang='grc' dir='ltr'><strong><em>τοῦ</em></strong></span> <span class='ocrx_word' id='word_1_65' title='bbox 1143 896 1271 983; x_wconf 80' lang='grc' dir='ltr'><strong><em>Ἀαροίν,</em></strong></span> <span class='ocrx_word' id='word_1_66' title='bbox 1292 907 1346 964; x_wconf 84' lang='grc' dir='ltr'><strong><em>τού</em></strong></span> <span class='ocrx_word' id='word_1_67' title='bbox 1364 899 1459 983; x_wconf 76' lang='grc' dir='ltr'><strong><em>ἱερέως</em></strong></span> <span class='ocrx_word' id='word_1_68' title='bbox 1476 900 1514 975; x_wconf 85' lang='grc' dir='ltr'><strong><em>δη-</em></strong></span> 
     </span>
     <span class='ocr_line' id='line_1_9' title="bbox 382 998 1517 1084; baseline -0.005 -18"><span class='ocrx_word' id='word_1_69' title='bbox 382 1000 489 1080; x_wconf 88' lang='grc' dir='ltr'><strong><em>λονότι,</em></strong></span> <span class='ocrx_word' id='word_1_70' title='bbox 511 998 627 1084; x_wconf 81' lang='grc' dir='ltr'><strong><em>’Λαριόν</em></strong></span> <span class='ocrx_word' id='word_1_71' title='bbox 643 998 710 1075; x_wconf 88' lang='grc' dir='ltr'><strong><em>υίός</em></strong></span> <span class='ocrx_word' id='word_1_72' title='bbox 727 1009 781 1066; x_wconf 85' lang='grc' dir='ltr'><strong><em>τοῦ</em></strong></span> <span class='ocrx_word' id='word_1_73' title='bbox 795 998 920 1084; x_wconf 80' lang='grc' dir='ltr'><strong><em>Ἀμρόμ,</em></strong></span> <span class='ocrx_word' id='word_1_74' title='bbox 941 998 1055 1084; x_wconf 84' lang='grc' dir='ltr'><strong><em>Ἀμρύμ</em></strong></span> <span class='ocrx_word' id='word_1_75' title='bbox 1071 1007 1125 1066; x_wconf 82' lang='grc' dir='ltr'><strong><em>τοῦ</em></strong></span> <span class='ocrx_word' id='word_1_76' title='bbox 1141 1000 1245 1078; x_wconf 82' lang='grc' dir='ltr'><strong><em>Καόθ,</em></strong></span> <span class='ocrx_word' id='word_1_77' title='bbox 1269 1000 1365 1066; x_wconf 64' lang='lat' dir='ltr'><strong><em>Rada</em></strong></span> <span class='ocrx_word' id='word_1_78' title='bbox 1379 1009 1432 1067; x_wconf 83' lang='grc' dir='ltr'><strong><em>τοῦ</em></strong></span> <span class='ocrx_word' id='word_1_79' title='bbox 1446 1000 1517 1070; x_wconf 77' lang='grc' dir='ltr'><strong><em>Λευὶ,</em></strong></span> 
     </span>
     <span class='ocr_line' id='line_1_10' title="bbox 383 1099 1518 1185; baseline -0.005 -17"><span class='ocrx_word' id='word_1_80' title='bbox 383 1105 460 1168; x_wconf 82' lang='grc' dir='ltr'><strong><em>Λευὶ</em></strong></span> <span class='ocrx_word' id='word_1_81' title='bbox 476 1108 573 1185; x_wconf 82' lang='grc' dir='ltr'><strong><em>τρίτος</em></strong></span> <span class='ocrx_word' id='word_1_82' title='bbox 589 1101 654 1178; x_wconf 88' lang='grc' dir='ltr'><strong><em>υίός</em></strong></span> <span class='ocrx_word' id='word_1_83' title='bbox 670 1110 724 1168; x_wconf 80' lang='grc' dir='ltr'><strong><em>τοῦ</em></strong></span> <span class='ocrx_word' id='word_1_84' title='bbox 739 1100 861 1185; x_wconf 73' lang='grc' dir='ltr'><strong><em>Ἰακοὶβ,</em></strong></span> <span class='ocrx_word' id='word_1_85' title='bbox 882 1101 987 1185; x_wconf 78' lang='grc' dir='ltr'><strong><em>’ίακοίβ</em></strong></span> <span class='ocrx_word' id='word_1_86' title='bbox 1009 1104 1041 1168; x_wconf 78' lang='grc' dir='ltr'><strong><em>δὲ</em></strong></span> <span class='ocrx_word' id='word_1_87' title='bbox 1064 1100 1191 1184; x_wconf 70' lang='grc' dir='ltr'><strong><em>ἀδελφός</em></strong></span> <span class='ocrx_word' id='word_1_88' title='bbox 1214 1105 1266 1185; x_wconf 73' lang='grc' dir='ltr'><strong><em>μὲν</em></strong></span> <span class='ocrx_word' id='word_1_89' title='bbox 1282 1100 1390 1180; x_wconf 81' lang='grc' dir='ltr'><strong><em>Ἠσαῦ,</em></strong></span> <span class='ocrx_word' id='word_1_90' title='bbox 1413 1111 1477 1176; x_wconf 84' lang='grc' dir='ltr'><strong><em>παῖς</em></strong></span> <span class='ocrx_word' id='word_1_91' title='bbox 1495 1099 1518 1162; x_wconf 80' lang='grc' dir='ltr'><strong><em>δὲ</em></strong></span> 
     </span>
     <span class='ocr_line' id='line_1_11' title="bbox 382 1201 1521 1290; baseline -0.007 -19"><span class='ocrx_word' id='word_1_92' title='bbox 382 1214 437 1271; x_wconf 83' lang='grc' dir='ltr'><strong><em>τοῦ</em></strong></span> <span class='ocrx_word' id='word_1_93' title='bbox 453 1203 570 1284; x_wconf 80' lang='grc' dir='ltr'><strong><em>Ἰσαύκ,</em></strong></span> <span class='ocrx_word' id='word_1_94' title='bbox 588 1201 686 1269; x_wconf 84' lang='grc' dir='ltr'><strong><em>Ἰσαόκ</em></strong></span> <span class='ocrx_word' id='word_1_95' title='bbox 708 1203 774 1281; x_wconf 88' lang='grc' dir='ltr'><strong><em>υἱός</em></strong></span> <span class='ocrx_word' id='word_1_96' title='bbox 795 1213 847 1269; x_wconf 88' lang='grc' dir='ltr'><strong><em>τοῦ</em></strong></span> <span class='ocrx_word' id='word_1_97' title='bbox 863 1203 1007 1290; x_wconf 76' lang='grc' dir='ltr'><strong><em>Ἀβραάμ.</em></strong></span> <span class='ocrx_word' id='word_1_98' title='bbox 1047 1203 1097 1268; x_wconf 86' lang='grc' dir='ltr'><strong><em>Ἐν</em></strong></span> <span class='ocrx_word' id='word_1_99' title='bbox 1117 1207 1149 1270; x_wconf 78' lang='grc' dir='ltr'><strong><em>δὲ</em></strong></span> <span class='ocrx_word' id='word_1_100' title='bbox 1173 1215 1237 1282; x_wconf 86' lang='grc' dir='ltr'><strong><em>ταῖς</em></strong></span> <span class='ocrx_word' id='word_1_101' title='bbox 1259 1209 1406 1290; x_wconf 76' lang='grc' dir='ltr'><strong><em>Η’βηταῖς</em></strong></span> <span class='ocrx_word' id='word_1_102' title='bbox 1425 1207 1521 1286; x_wconf 77' lang='grc' dir='ltr'><strong><em>βίβλοις</em></strong></span> 
     </span>
     <span class='ocr_line' id='line_1_12' title="bbox 384 1306 1521 1393; baseline -0.001 -18"><span class='ocrx_word' id='word_1_103' title='bbox 384 1307 422 1375; x_wconf 86' lang='grc' dir='ltr'><strong><em>ού</em></strong></span> <span class='ocrx_word' id='word_1_104' title='bbox 443 1307 525 1372; x_wconf 85' lang='grc' dir='ltr'><strong><em>πύνυ</em></strong></span> <span class='ocrx_word' id='word_1_105' title='bbox 545 1314 650 1386; x_wconf 79' lang='grc' dir='ltr'><strong><em>σαφῶς</em></strong></span> <span class='ocrx_word' id='word_1_106' title='bbox 671 1311 705 1370; x_wconf 85' lang='grc' dir='ltr'><strong><em>αἱ</em></strong></span> <span class='ocrx_word' id='word_1_107' title='bbox 725 1307 837 1372; x_wconf 87' lang='grc' dir='ltr'><strong><em>τούτων</em></strong></span> <span class='ocrx_word' id='word_1_108' title='bbox 855 1315 1031 1393; x_wconf 86' lang='grc' dir='ltr'><strong><em>γενεαλογίαι</em></strong></span> <span class='ocrx_word' id='word_1_109' title='bbox 1054 1309 1245 1391; x_wconf 76' lang='grc' dir='ltr'><strong><em>ἕμφίρονται,</em></strong></span> <span class='ocrx_word' id='word_1_110' title='bbox 1268 1306 1288 1390; x_wconf 79' lang='grc' dir='ltr'><strong><em>ἦ</em></strong></span> <span class='ocrx_word' id='word_1_111' title='bbox 1309 1307 1402 1391; x_wconf 88' lang='grc' dir='ltr'><strong><em>μόνον</em></strong></span> <span class='ocrx_word' id='word_1_112' title='bbox 1424 1309 1453 1371; x_wconf 83' lang='grc' dir='ltr'><strong><em>ἱν</em></strong></span> <span class='ocrx_word' id='word_1_113' title='bbox 1471 1313 1521 1374; x_wconf 66' lang='grc' dir='ltr'><strong><em>ταῖς</em></strong></span> 
     </span>
     <span class='ocr_line' id='line_1_13' title="bbox 385 1407 1523 1493; baseline -0.007 -15"><span class='ocrx_word' id='word_1_114' title='bbox 385 1411 660 1493; x_wconf 81' lang='grc' dir='ltr'><strong><em>Παραλειπομίναις</em></strong></span> <span class='ocrx_word' id='word_1_115' title='bbox 674 1417 726 1491; x_wconf 87' lang='grc' dir='ltr'><strong><em>τῆς</em></strong></span> <span class='ocrx_word' id='word_1_116' title='bbox 740 1408 815 1474; x_wconf 78' lang='grc' dir='ltr'><strong><em>κατὰ</em></strong></span> <span class='ocrx_word' id='word_1_117' title='bbox 831 1407 882 1476; x_wconf 85' lang='grc' dir='ltr'><strong><em>τόν</em></strong></span> <span class='ocrx_word' id='word_1_118' title='bbox 896 1408 995 1474; x_wconf 82' lang='grc' dir='ltr'><strong><em>Ἠλίαν</em></strong></span> <span class='ocrx_word' id='word_1_119' title='bbox 1008 1407 1184 1485; x_wconf 70' lang='grc' dir='ltr'><strong><em>ὑποθέσεως</em></strong></span> <span class='ocrx_word' id='word_1_120' title='bbox 1200 1412 1281 1492; x_wconf 85' lang='grc' dir='ltr'><strong><em>μίρη.</em></strong></span> <span class='ocrx_word' id='word_1_121' title='bbox 1323 1408 1419 1474; x_wconf 83' lang='grc' dir='ltr'><strong><em>Φύσει</em></strong></span> <span class='ocrx_word' id='word_1_122' title='bbox 1432 1409 1462 1472; x_wconf 78' lang='grc' dir='ltr'><strong><em>δὲ</em></strong></span> <span class='ocrx_word' id='word_1_123' title='bbox 1476 1413 1523 1470; x_wconf 77' lang='grc' dir='ltr'><strong><em>τόν</em></strong></span> 
     </span>
    </p>

    <p class='ocr_par' dir='ltr' id='par_1_4' title="bbox 262 1506 1532 2311">
     <span class='ocr_line' id='line_1_14' title="bbox 262 1506 1522 1598; baseline -0.011 -16"><span class='ocrx_word' id='word_1_124' title='bbox 262 1540 313 1584; x_wconf 66' lang='grc' dir='ltr'><strong><em>σεε·</em></strong></span> <span class='ocrx_word' id='word_1_125' title='bbox 327 1527 371 1573; x_wconf 72' lang='lat'><strong><em>4³¹.</em></strong></span> <span class='ocrx_word' id='word_1_126' title='bbox 385 1522 474 1598; x_wconf 78' lang='grc' dir='ltr'><strong><em>τριῶν</em></strong></span> <span class='ocrx_word' id='word_1_127' title='bbox 492 1515 608 1578; x_wconf 90' lang='grc' dir='ltr'><strong><em>παίδων</em></strong></span> <span class='ocrx_word' id='word_1_128' title='bbox 626 1509 757 1594; x_wconf 77' lang='grc' dir='ltr'><strong><em>Σεδριὶχ,</em></strong></span> <span class='ocrx_word' id='word_1_129' title='bbox 781 1511 902 1590; x_wconf 80' lang='grc' dir='ltr'><strong><em>Μισύκ,</em></strong></span> <span class='ocrx_word' id='word_1_130' title='bbox 924 1510 1089 1598; x_wconf 78' lang='grc' dir='ltr'><strong><em>Ἀβδεναγοὶ</em></strong></span> <span class='ocrx_word' id='word_1_131' title='bbox 1106 1510 1173 1577; x_wconf 86' lang='grc' dir='ltr'><strong><em>ούτε</em></strong></span> <span class='ocrx_word' id='word_1_132' title='bbox 1194 1515 1226 1577; x_wconf 83' lang='grc' dir='ltr'><strong><em>ἒν</em></strong></span> <span class='ocrx_word' id='word_1_133' title='bbox 1243 1510 1448 1596; x_wconf 81' lang='grc' dir='ltr'><strong><em>όποκρύφοις,</em></strong></span> <span class='ocrx_word' id='word_1_134' title='bbox 1469 1506 1522 1572; x_wconf 86' lang='grc' dir='ltr'><strong><em>ούτε</em></strong></span> 
     </span>
     <span class='ocr_line' id='line_1_15' title="bbox 385 1607 1528 1702; baseline -0.008 -21"><span class='ocrx_word' id='word_1_135' title='bbox 385 1619 416 1681; x_wconf 80' lang='grc' dir='ltr'><strong><em>ἐν</em></strong></span> <span class='ocrx_word' id='word_1_136' title='bbox 442 1613 641 1698; x_wconf 89' lang='grc' dir='ltr'><strong><em>παραδόσεσιν</em></strong></span> <span class='ocrx_word' id='word_1_137' title='bbox 667 1613 791 1700; x_wconf 81' lang='grc' dir='ltr'><strong><em>εύρομίν</em></strong></span> <span class='ocrx_word' id='word_1_138' title='bbox 816 1622 901 1702; x_wconf 82' lang='grc' dir='ltr'><strong><em>11ει.Ι</em></strong></span> <span class='ocrx_word' id='word_1_139' title='bbox 939 1620 975 1680; x_wconf 88' lang='grc' dir='ltr'><strong><em>Τί</em></strong></span> <span class='ocrx_word' id='word_1_140' title='bbox 993 1607 1048 1680; x_wconf 86' lang='grc' dir='ltr'><strong><em>ούν</em></strong></span> <span class='ocrx_word' id='word_1_141' title='bbox 1072 1618 1212 1700; x_wconf 79' lang='grc' dir='ltr'><strong><em>ἕροῦμενς</em></strong></span> <span class='ocrx_word' id='word_1_142' title='bbox 1234 1613 1312 1697; x_wconf 75' lang='grc' dir='ltr'><strong><em>’Ἆρα</em></strong></span> <span class='ocrx_word' id='word_1_143' title='bbox 1334 1611 1479 1688; x_wconf 72' lang='grc' dir='ltr'><strong><em>κάκεῖνοι,</em></strong></span> <span class='ocrx_word' id='word_1_144' title='bbox 1503 1611 1528 1672; x_wconf 89' lang='grc' dir='ltr'><strong><em>οί</em></strong></span> 
     </span>
     <span class='ocr_line' id='line_1_16' title="bbox 386 1713 1526 1802; baseline -0.005 -20"><span class='ocrx_word' id='word_1_145' title='bbox 386 1720 452 1798; x_wconf 82' lang='grc' dir='ltr'><strong><em>περί</em></strong></span> <span class='ocrx_word' id='word_1_146' title='bbox 470 1715 587 1802; x_wconf 83' lang='grc' dir='ltr'><strong><em>Σεδρόχ</em></strong></span> <span class='ocrx_word' id='word_1_147' title='bbox 607 1719 698 1801; x_wconf 76' lang='grc' dir='ltr'><strong><em>λέγω,</em></strong></span> <span class='ocrx_word' id='word_1_148' title='bbox 726 1716 978 1796; x_wconf 79' lang='grc' dir='ltr'><strong><em>φαυτασιόσοοσιν</em></strong></span> <span class='ocrx_word' id='word_1_149' title='bbox 1000 1715 1077 1800; x_wconf 78' lang='grc' dir='ltr'><strong><em>ἡμᾶς</em></strong></span> <span class='ocrx_word' id='word_1_150' title='bbox 1098 1723 1265 1801; x_wconf 86' lang='grc' dir='ltr'><strong><em>λογίζεσθαι</em></strong></span> <span class='ocrx_word' id='word_1_151' title='bbox 1284 1715 1303 1780; x_wconf 72' lang='grc' dir='ltr'><strong><em>δ’</em></strong></span> <span class='ocrx_word' id='word_1_152' title='bbox 1324 1717 1365 1798; x_wconf 81' lang='grc' dir='ltr'><strong><em>μῆ</em></strong></span> <span class='ocrx_word' id='word_1_153' title='bbox 1390 1715 1461 1800; x_wconf 82' lang='grc' dir='ltr'><strong><em>χρῆ,</em></strong></span> <span class='ocrx_word' id='word_1_154' title='bbox 1485 1713 1526 1776; x_wconf 77' lang='grc' dir='ltr'><strong><em>καὶ</em></strong></span> 
     </span>
     <span class='ocr_line' id='line_1_17' title="bbox 385 1812 1528 1904; baseline -0.004 -19"><span class='ocrx_word' id='word_1_155' title='bbox 385 1819 559 1904; x_wconf 85' lang='grc' dir='ltr'><strong><em>ύπερόγκως</em></strong></span> <span class='ocrx_word' id='word_1_156' title='bbox 573 1817 744 1898; x_wconf 79' lang='grc' dir='ltr'><strong><em>’θαυμάζειν</em></strong></span> <span class='ocrx_word' id='word_1_157' title='bbox 764 1817 839 1902; x_wconf 76' lang='grc' dir='ltr'><strong><em>ύπὲρ</em></strong></span> <span class='ocrx_word' id='word_1_158' title='bbox 862 1817 895 1883; x_wconf 87' lang='grc' dir='ltr'><strong><em>τό</em></strong></span> <span class='ocrx_word' id='word_1_159' title='bbox 917 1820 1023 1904; x_wconf 74' lang='grc' dir='ltr'><strong><em>μέτρον</em></strong></span> <span class='ocrx_word' id='word_1_160' title='bbox 1046 1819 1081 1884; x_wconf 78' lang='grc' dir='ltr'><strong><em>τό</em></strong></span> <span class='ocrx_word' id='word_1_161' title='bbox 1098 1818 1221 1902; x_wconf 77' lang='grc' dir='ltr'><strong><em>ἑκάστης</em></strong></span> <span class='ocrx_word' id='word_1_162' title='bbox 1241 1817 1433 1894; x_wconf 81' lang='grc' dir='ltr'><strong><em>ύποθίσεωςς</em></strong></span> <span class='ocrx_word' id='word_1_163' title='bbox 1457 1812 1528 1880; x_wconf 71' lang='lat' dir='ltr'><strong><em>&#39;And</em></strong></span> 
     </span>
     <span class='ocr_line' id='line_1_18' title="bbox 387 1918 1528 2006; baseline -0.006 -20"><span class='ocrx_word' id='word_1_164' title='bbox 387 1921 429 2005; x_wconf 81' lang='grc' dir='ltr'><strong><em>μῆ</em></strong></span> <span class='ocrx_word' id='word_1_165' title='bbox 452 1924 575 2006; x_wconf 81' lang='grc' dir='ltr'><strong><em>γίνοιτο.</em></strong></span> <span class='ocrx_word' id='word_1_166' title='bbox 621 1923 681 1986; x_wconf 77' lang='grc' dir='ltr'><strong><em>Καὶ</em></strong></span> <span class='ocrx_word' id='word_1_167' title='bbox 704 1920 771 2006; x_wconf 81' lang='grc' dir='ltr'><strong><em>δραι</em></strong></span> <span class='ocrx_word' id='word_1_168' title='bbox 788 1920 845 2006; x_wconf 83' lang='grc' dir='ltr'><strong><em>γύρ</em></strong></span> <span class='ocrx_word' id='word_1_169' title='bbox 870 1923 1015 2002; x_wconf 75' lang='grc' dir='ltr'><strong><em>ἐτέθησαν</em></strong></span> <span class='ocrx_word' id='word_1_170' title='bbox 1036 1918 1124 2003; x_wconf 76' lang='grc' dir='ltr'><strong><em>ἡμῖν,</em></strong></span> <span class='ocrx_word' id='word_1_171' title='bbox 1146 1925 1196 1987; x_wconf 83' lang='grc' dir='ltr'><strong><em>καὶ</em></strong></span> <span class='ocrx_word' id='word_1_172' title='bbox 1216 1923 1364 2003; x_wconf 80' lang='grc' dir='ltr'><strong><em>θεμέλιοι,</em></strong></span> <span class='ocrx_word' id='word_1_173' title='bbox 1387 1922 1440 1985; x_wconf 80' lang='grc' dir='ltr'><strong><em>καὶ</em></strong></span> <span class='ocrx_word' id='word_1_174' title='bbox 1461 1921 1528 1982; x_wconf 87' lang='grc' dir='ltr'><strong><em>αι’κο-</em></strong></span> 
     </span>
     <span class='ocr_line' id='line_1_19' title="bbox 388 2019 1531 2108; baseline -0.004 -20"><span class='ocrx_word' id='word_1_175' title='bbox 388 2023 466 2106; x_wconf 82' lang='grc' dir='ltr'><strong><em>δομῆ</em></strong></span> <span class='ocrx_word' id='word_1_176' title='bbox 483 2030 536 2104; x_wconf 79' lang='grc' dir='ltr'><strong><em>τῆς</em></strong></span> <span class='ocrx_word' id='word_1_177' title='bbox 552 2027 689 2102; x_wconf 85' lang='grc' dir='ltr'><strong><em>πίστεως,</em></strong></span> <span class='ocrx_word' id='word_1_178' title='bbox 712 2025 762 2087; x_wconf 79' lang='grc' dir='ltr'><strong><em>καί</em></strong></span> <span class='ocrx_word' id='word_1_179' title='bbox 779 2021 951 2090; x_wconf 81' lang='grc' dir='ltr'><strong><em>ύποστόλων</em></strong></span> <span class='ocrx_word' id='word_1_180' title='bbox 965 2023 1159 2106; x_wconf 82' lang='grc' dir='ltr'><strong><em>παραδόσεις,</em></strong></span> <span class='ocrx_word' id='word_1_181' title='bbox 1182 2025 1233 2089; x_wconf 84' lang='grc' dir='ltr'><strong><em>καί</em></strong></span> <span class='ocrx_word' id='word_1_182' title='bbox 1247 2025 1360 2108; x_wconf 74' lang='grc' dir='ltr'><strong><em>γραφαὶ</em></strong></span> <span class='ocrx_word' id='word_1_183' title='bbox 1377 2023 1470 2107; x_wconf 71' lang='grc' dir='ltr'><strong><em>ἅγιαι,</em></strong></span> <span class='ocrx_word' id='word_1_184' title='bbox 1489 2019 1531 2082; x_wconf 79' lang='grc' dir='ltr'><strong><em>καὶ</em></strong></span> 
     </span>
     <span class='ocr_line' id='line_1_20' title="bbox 389 2119 1532 2209; baseline -0.003 -17"><span class='ocrx_word' id='word_1_185' title='bbox 389 2128 525 2209; x_wconf 75' lang='grc' dir='ltr'><strong><em>διαδοχαὶ</em></strong></span> <span class='ocrx_word' id='word_1_186' title='bbox 543 2127 746 2203; x_wconf 87' lang='grc' dir='ltr'><strong><em>διδασκαλίας,</em></strong></span> <span class='ocrx_word' id='word_1_187' title='bbox 774 2128 825 2190; x_wconf 78' lang='grc' dir='ltr'><strong><em>καὶ</em></strong></span> <span class='ocrx_word' id='word_1_188' title='bbox 847 2129 879 2192; x_wconf 74' lang='grc' dir='ltr'><strong><em>ἐκ</em></strong></span> <span class='ocrx_word' id='word_1_189' title='bbox 897 2125 1083 2208; x_wconf 80' lang='grc' dir='ltr'><strong><em>πανταχόθεν</em></strong></span> <span class='ocrx_word' id='word_1_190' title='bbox 1100 2124 1120 2208; x_wconf 80' lang='grc' dir='ltr'><em>ἦ</em></span> <span class='ocrx_word' id='word_1_191' title='bbox 1137 2124 1262 2209; x_wconf 80' lang='grc' dir='ltr'><strong><em>α’λὴθεια</em></strong></span> <span class='ocrx_word' id='word_1_192' title='bbox 1278 2131 1332 2190; x_wconf 85' lang='grc' dir='ltr'><strong><em>τού</em></strong></span> <span class='ocrx_word' id='word_1_193' title='bbox 1350 2133 1430 2190; x_wconf 84' lang='grc' dir='ltr'><strong><em>θεοῦ</em></strong></span> <span class='ocrx_word' id='word_1_194' title='bbox 1448 2119 1532 2204; x_wconf 72' lang='grc' dir='ltr'><strong><em>ε’χσφᾶ·</em></strong></span> 
     </span>
     <span class='ocr_line' id='line_1_21' title="bbox 388 2225 1159 2311; baseline -0.003 -17"><span class='ocrx_word' id='word_1_195' title='bbox 388 2237 496 2308; x_wconf 89' lang='grc' dir='ltr'><strong><em>λισται,</em></strong></span> <span class='ocrx_word' id='word_1_196' title='bbox 518 2229 569 2293; x_wconf 85' lang='grc' dir='ltr'><strong><em>καὶ</em></strong></span> <span class='ocrx_word' id='word_1_197' title='bbox 592 2229 695 2308; x_wconf 84' lang='grc' dir='ltr'><strong><em>μηδείς</em></strong></span> <span class='ocrx_word' id='word_1_198' title='bbox 716 2225 885 2295; x_wconf 82' lang='grc' dir='ltr'><strong><em>όπατιίσθω</em></strong></span> <span class='ocrx_word' id='word_1_199' title='bbox 906 2237 1020 2304; x_wconf 84' lang='grc' dir='ltr'><strong><em>καινοῖς</em></strong></span> <span class='ocrx_word' id='word_1_200' title='bbox 1041 2227 1159 2311; x_wconf 78' lang='grc' dir='ltr'><strong><em>μύθοις.</em></strong></span> 
     </span>
    </p>
   </div>
   <div class='ocr_carea' id='block_1_4' title="bbox 252 2527 1540 4256">
    <p class='ocr_par' dir='ltr' id='par_1_5' title="bbox 252 2527 1540 4256">
     <span class='ocr_line' id='line_1_22' title="bbox 252 2527 1540 2620; baseline -0.005 -20"><span class='ocrx_word' id='word_1_201' title='bbox 252 2541 319 2610; x_wconf 73' lang='grc' dir='ltr'><strong><em>Κεφ.</em></strong></span> <span class='ocrx_word' id='word_1_202' title='bbox 330 2542 362 2596; x_wconf 78' lang='grc' dir='ltr'><strong><em>δ’.</em></strong></span> <span class='ocrx_word' id='word_1_203' title='bbox 474 2535 729 2618; x_wconf 86' lang='grc' dir='ltr'><strong><em>Ἐπανελεύσομαι</em></strong></span> <span class='ocrx_word' id='word_1_204' title='bbox 747 2536 780 2600; x_wconf 79' lang='grc' dir='ltr'><strong><em>δὲ</em></strong></span> <span class='ocrx_word' id='word_1_205' title='bbox 796 2534 883 2600; x_wconf 81' lang='grc' dir='ltr'><strong><em>πάλιν</em></strong></span> <span class='ocrx_word' id='word_1_206' title='bbox 901 2539 943 2612; x_wconf 87' lang='grc' dir='ltr'><strong><em>είς</em></strong></span> <span class='ocrx_word' id='word_1_207' title='bbox 960 2535 995 2599; x_wconf 80' lang='grc' dir='ltr'><strong><em>τό</em></strong></span> <span class='ocrx_word' id='word_1_208' title='bbox 1012 2539 1205 2620; x_wconf 88' lang='grc' dir='ltr'><strong><em>προκείμενα,</em></strong></span> <span class='ocrx_word' id='word_1_209' title='bbox 1228 2532 1269 2610; x_wconf 77' lang='grc' dir='ltr'><strong><em>οίς</em></strong></span> <span class='ocrx_word' id='word_1_210' title='bbox 1284 2527 1366 2600; x_wconf 83' lang='grc' dir='ltr'><strong><em>ούτοι</em></strong></span> <span class='ocrx_word' id='word_1_211' title='bbox 1384 2534 1540 2614; x_wconf 79' lang='grc' dir='ltr'><strong><em>φαντύζον·</em></strong></span> 
     </span>
     <span class='ocr_line' id='line_1_23' title="bbox 388 2629 1540 2722; baseline -0.006 -20"><span class='ocrx_word' id='word_1_212' title='bbox 388 2664 436 2702; x_wconf 87' lang='grc' dir='ltr'><strong><em>τοι</em></strong></span> <span class='ocrx_word' id='word_1_213' title='bbox 456 2641 522 2717; x_wconf 77' lang='grc' dir='ltr'><strong><em>περὶ</em></strong></span> <span class='ocrx_word' id='word_1_214' title='bbox 541 2647 594 2704; x_wconf 81' lang='grc' dir='ltr'><strong><em>τοῦ</em></strong></span> <span class='ocrx_word' id='word_1_215' title='bbox 610 2639 799 2721; x_wconf 80' lang='grc' dir='ltr'><strong><em>Μελχισεδέκ.</em></strong></span> <span class='ocrx_word' id='word_1_216' title='bbox 849 2636 934 2702; x_wconf 81' lang='grc' dir='ltr'><strong><em>1Ὅτι</em></strong></span> <span class='ocrx_word' id='word_1_217' title='bbox 951 2639 1003 2718; x_wconf 82' lang='grc' dir='ltr'><strong><em>μὲν</em></strong></span> <span class='ocrx_word' id='word_1_218' title='bbox 1020 2636 1076 2721; x_wconf 82' lang='grc' dir='ltr'><strong><em>γόρ</em></strong></span> <span class='ocrx_word' id='word_1_219' title='bbox 1100 2642 1214 2712; x_wconf 86' lang='grc' dir='ltr'><strong><em>δίκαιος</em></strong></span> <span class='ocrx_word' id='word_1_220' title='bbox 1230 2635 1357 2722; x_wconf 84' lang='grc' dir='ltr'><strong><em>ύπῆρχε,</em></strong></span> <span class='ocrx_word' id='word_1_221' title='bbox 1380 2639 1436 2701; x_wconf 81' lang='grc' dir='ltr'><strong><em>καὶ</em></strong></span> <span class='ocrx_word' id='word_1_222' title='bbox 1458 2629 1540 2718; x_wconf 80' lang='grc' dir='ltr'><strong><em>ἱερεύς</em></strong></span> 
     </span>
     <span class='ocr_line' id='line_1_24' title="bbox 390 2734 1540 2826; baseline -0.006 -22"><span class='ocrx_word' id='word_1_223' title='bbox 390 2747 444 2804; x_wconf 85' lang='grc' dir='ltr'><strong><em>τοῦ</em></strong></span> <span class='ocrx_word' id='word_1_224' title='bbox 460 2748 554 2818; x_wconf 86' lang='grc' dir='ltr'><strong><em>θεοῦ,</em></strong></span> <span class='ocrx_word' id='word_1_225' title='bbox 576 2743 626 2804; x_wconf 80' lang='grc' dir='ltr'><strong><em>καί</em></strong></span> <span class='ocrx_word' id='word_1_226' title='bbox 644 2738 781 2822; x_wconf 85' lang='grc' dir='ltr'><strong><em>βασιλεύς</em></strong></span> <span class='ocrx_word' id='word_1_227' title='bbox 793 2748 846 2822; x_wconf 90' lang='grc' dir='ltr'><strong><em>τῆς</em></strong></span> <span class='ocrx_word' id='word_1_228' title='bbox 862 2739 982 2822; x_wconf 86' lang='grc' dir='ltr'><strong><em>Σαλῆμ,</em></strong></span> <span class='ocrx_word' id='word_1_229' title='bbox 1005 2738 1063 2804; x_wconf 75' lang='grc' dir='ltr'><strong><em>ἀλλ’</em></strong></span> <span class='ocrx_word' id='word_1_230' title='bbox 1083 2738 1138 2804; x_wconf 85' lang='grc' dir='ltr'><strong><em>ούκ</em></strong></span> <span class='ocrx_word' id='word_1_231' title='bbox 1154 2741 1187 2804; x_wconf 76' lang='grc' dir='ltr'><strong><em>ἐν</em></strong></span> <span class='ocrx_word' id='word_1_232' title='bbox 1202 2737 1319 2826; x_wconf 77' lang='grc' dir='ltr'><strong><em>οὐρανῷ</em></strong></span> <span class='ocrx_word' id='word_1_233' title='bbox 1335 2736 1485 2822; x_wconf 79' lang='grc' dir='ltr'><strong><em>ύπόρχων</em></strong></span> <span class='ocrx_word' id='word_1_234' title='bbox 1501 2734 1540 2798; x_wconf 78' lang='grc' dir='ltr'><strong><em>καί</em></strong></span> 
     </span>
     <span class='ocr_line' id='line_1_25' title="bbox 391 2835 1540 2926; baseline -0.005 -22"><span class='ocrx_word' id='word_1_235' title='bbox 391 2838 442 2904; x_wconf 70' lang='grc' dir='ltr'><strong><em>ἄπ’</em></strong></span> <span class='ocrx_word' id='word_1_236' title='bbox 457 2839 588 2923; x_wconf 84' lang='grc' dir='ltr'><strong><em>ούρανοῦ</em></strong></span> <span class='ocrx_word' id='word_1_237' title='bbox 603 2841 821 2925; x_wconf 77' lang='grc' dir='ltr'><strong><em>καταβεβηκός.</em></strong></span> <span class='ocrx_word' id='word_1_238' title='bbox 868 2841 975 2918; x_wconf 81' lang='grc' dir='ltr'><strong><em>Ούδείς</em></strong></span> <span class='ocrx_word' id='word_1_239' title='bbox 991 2839 1046 2926; x_wconf 85' lang='grc' dir='ltr'><strong><em>γόρ</em></strong></span> <span class='ocrx_word' id='word_1_240' title='bbox 1068 2839 1251 2924; x_wconf 71' lang='grc' dir='ltr'><strong><em>ἀναβέβηκεν</em></strong></span> <span class='ocrx_word' id='word_1_241' title='bbox 1269 2845 1310 2917; x_wconf 88' lang='grc' dir='ltr'><strong><em>είς</em></strong></span> <span class='ocrx_word' id='word_1_242' title='bbox 1331 2840 1385 2905; x_wconf 85' lang='grc' dir='ltr'><strong><em>τόν</em></strong></span> <span class='ocrx_word' id='word_1_243' title='bbox 1409 2835 1540 2922; x_wconf 81' lang='grc' dir='ltr'><strong><em>ούρανόι,</em></strong></span> 
     </span>
     <span class='ocr_line' id='line_1_26' title="bbox 392 2941 1540 3028; baseline -0.003 -22"><span class='ocrx_word' id='word_1_244' title='bbox 392 2946 419 3006; x_wconf 87' lang='grc' dir='ltr'><strong><em>εί</em></strong></span> <span class='ocrx_word' id='word_1_245' title='bbox 443 2941 483 3027; x_wconf 79' lang='grc' dir='ltr'><strong><em>μῆ</em></strong></span> <span class='ocrx_word' id='word_1_246' title='bbox 508 2941 527 3006; x_wconf 86' lang='grc' dir='ltr'><strong><em>ό</em></strong></span> <span class='ocrx_word' id='word_1_247' title='bbox 546 2947 578 3008; x_wconf 80' lang='grc' dir='ltr'><strong><em>ἔκ</em></strong></span> <span class='ocrx_word' id='word_1_248' title='bbox 599 2951 654 3008; x_wconf 86' lang='grc' dir='ltr'><strong><em>τοῦ</em></strong></span> <span class='ocrx_word' id='word_1_249' title='bbox 677 2942 808 3027; x_wconf 83' lang='grc' dir='ltr'><strong><em>ούρανοῦ</em></strong></span> <span class='ocrx_word' id='word_1_250' title='bbox 830 2943 976 3026; x_wconf 86' lang='grc' dir='ltr'><strong><em>καταβός,</em></strong></span> <span class='ocrx_word' id='word_1_251' title='bbox 1006 2941 1108 3020; x_wconf 87' lang='grc' dir='ltr'><strong><em>όυίός</em></strong></span> <span class='ocrx_word' id='word_1_252' title='bbox 1129 2952 1183 3008; x_wconf 79' lang='grc' dir='ltr'><strong><em>τοῦ</em></strong></span> <span class='ocrx_word' id='word_1_253' title='bbox 1201 2942 1385 3028; x_wconf 82' lang='grc' dir='ltr'><strong><em>οίνθροίπου,</em></strong></span> <span class='ocrx_word' id='word_1_254' title='bbox 1418 2946 1540 3024; x_wconf 81' lang='grc' dir='ltr'><strong><em>φησίνι</em></strong></span> 
     </span>
     <span class='ocr_line' id='line_1_27' title="bbox 393 3044 1540 3132; baseline -0.005 -22"><span class='ocrx_word' id='word_1_255' title='bbox 393 3045 477 3128; x_wconf 77' lang='grc' dir='ltr'><strong><em>ύγιος</em></strong></span> <span class='ocrx_word' id='word_1_256' title='bbox 494 3048 545 3110; x_wconf 80' lang='grc' dir='ltr'><strong><em>καὶ</em></strong></span> <span class='ocrx_word' id='word_1_257' title='bbox 568 3044 705 3128; x_wconf 80' lang='grc' dir='ltr'><strong><em>όψευδῆς</em></strong></span> <span class='ocrx_word' id='word_1_258' title='bbox 728 3046 801 3120; x_wconf 86' lang='grc' dir='ltr'><strong><em>θεός</em></strong></span> <span class='ocrx_word' id='word_1_259' title='bbox 824 3046 918 3132; x_wconf 82' lang='grc' dir='ltr'><strong><em>λόγος.</em></strong></span> <span class='ocrx_word' id='word_1_260' title='bbox 966 3045 1027 3128; x_wconf 79' lang='grc' dir='ltr'><strong><em>Τῆν</em></strong></span> <span class='ocrx_word' id='word_1_261' title='bbox 1050 3046 1082 3110; x_wconf 77' lang='grc' dir='ltr'><strong><em>δὲ</em></strong></span> <span class='ocrx_word' id='word_1_262' title='bbox 1102 3045 1184 3124; x_wconf 83' lang='grc' dir='ltr'><strong><em>τόξιν</em></strong></span> <span class='ocrx_word' id='word_1_263' title='bbox 1205 3053 1259 3112; x_wconf 77' lang='grc' dir='ltr'><strong><em>τοῦ</em></strong></span> <span class='ocrx_word' id='word_1_264' title='bbox 1274 3047 1463 3128; x_wconf 74' lang='grc' dir='ltr'><strong><em>Μελχισεδὲκ</em></strong></span> <span class='ocrx_word' id='word_1_265' title='bbox 1486 3067 1540 3124; x_wconf 72' lang='grc' dir='ltr'><strong><em>κρα,</em></strong></span> 
     </span>
     <span class='ocr_line' id='line_1_28' title="bbox 391 3145 1540 3233; baseline -0.003 -21"><span class='ocrx_word' id='word_1_266' title='bbox 391 3147 523 3212; x_wconf 79' lang='grc' dir='ltr'><strong><em>τίνουσα</em></strong></span> <span class='ocrx_word' id='word_1_267' title='bbox 542 3145 562 3230; x_wconf 81' lang='grc' dir='ltr'><strong><em>ῆ</em></strong></span> <span class='ocrx_word' id='word_1_268' title='bbox 582 3154 651 3214; x_wconf 87' lang='grc' dir='ltr'><strong><em>θεία</em></strong></span> <span class='ocrx_word' id='word_1_269' title='bbox 668 3149 768 3233; x_wconf 81' lang='grc' dir='ltr'><strong><em>γραφῆ</em></strong></span> <span class='ocrx_word' id='word_1_270' title='bbox 786 3151 837 3214; x_wconf 80' lang='grc' dir='ltr'><strong><em>καί</em></strong></span> <span class='ocrx_word' id='word_1_271' title='bbox 855 3148 888 3214; x_wconf 87' lang='grc' dir='ltr'><strong><em>τό</em></strong></span> <span class='ocrx_word' id='word_1_272' title='bbox 906 3156 1022 3231; x_wconf 85' lang='grc' dir='ltr'><strong><em>πνεῦμα</em></strong></span> <span class='ocrx_word' id='word_1_273' title='bbox 1038 3154 1134 3233; x_wconf 68' lang='grc' dir='ltr'><strong><em>ῥητοῖς</em></strong></span> <span class='ocrx_word' id='word_1_274' title='bbox 1152 3147 1294 3214; x_wconf 77' lang='grc' dir='ltr'><strong><em>διδάσκον</em></strong></span> <span class='ocrx_word' id='word_1_275' title='bbox 1315 3146 1368 3230; x_wconf 78' lang='grc' dir='ltr'><strong><em>τῆν</em></strong></span> <span class='ocrx_word' id='word_1_276' title='bbox 1392 3147 1540 3229; x_wconf 86' lang='grc' dir='ltr'><strong><em>μετόθεσιι</em></strong></span> 
     </span>
     <span class='ocr_line' id='line_1_29' title="bbox 393 3249 1539 3336; baseline -0.003 -22"><span class='ocrx_word' id='word_1_277' title='bbox 393 3251 483 3326; x_wconf 75' lang='grc' dir='ltr'><strong><em>ἔδειξε</em></strong></span> <span class='ocrx_word' id='word_1_278' title='bbox 505 3257 558 3331; x_wconf 87' lang='grc' dir='ltr'><strong><em>τῆς</em></strong></span> <span class='ocrx_word' id='word_1_279' title='bbox 578 3253 740 3336; x_wconf 77' lang='grc' dir='ltr'><strong><em>ἱερωσύνης</em></strong></span> <span class='ocrx_word' id='word_1_280' title='bbox 762 3249 821 3318; x_wconf 85' lang='grc' dir='ltr'><strong><em>όπό</em></strong></span> <span class='ocrx_word' id='word_1_281' title='bbox 842 3257 895 3333; x_wconf 80' lang='grc' dir='ltr'><strong><em>τῆς</em></strong></span> <span class='ocrx_word' id='word_1_282' title='bbox 915 3258 1042 3326; x_wconf 86' lang='grc' dir='ltr'><strong><em>παλαιᾶς</em></strong></span> <span class='ocrx_word' id='word_1_283' title='bbox 1057 3258 1230 3336; x_wconf 83' lang='grc' dir='ltr'><strong><em>συναγωγῆς</em></strong></span> <span class='ocrx_word' id='word_1_284' title='bbox 1252 3251 1373 3316; x_wconf 79' lang='grc' dir='ltr'><strong><em>κολεοῦ</em></strong></span> <span class='ocrx_word' id='word_1_285' title='bbox 1393 3253 1496 3325; x_wconf 73' lang='grc' dir='ltr'><strong><em>ἔθους</em></strong></span> <span class='ocrx_word' id='word_1_286' title='bbox 1517 3249 1539 3310; x_wconf 89' lang='grc' dir='ltr'><strong><em>εί</em></strong></span> 
     </span>
     <span class='ocr_line' id='line_1_30' title="bbox 394 3349 1530 3436; baseline -0.002 -18"><span class='ocrx_word' id='word_1_287' title='bbox 394 3354 468 3427; x_wconf 79' lang='grc' dir='ltr'><strong><em>ίθος</em></strong></span> <span class='ocrx_word' id='word_1_288' title='bbox 482 3350 635 3417; x_wconf 76' lang='grc' dir='ltr'><strong><em>κάλλιστον</em></strong></span> <span class='ocrx_word' id='word_1_289' title='bbox 651 3357 704 3418; x_wconf 87' lang='grc' dir='ltr'><strong><em>καί</em></strong></span> <span class='ocrx_word' id='word_1_290' title='bbox 722 3351 902 3436; x_wconf 83' lang='grc' dir='ltr'><strong><em>ύπὶρτατον,</em></strong></span> <span class='ocrx_word' id='word_1_291' title='bbox 926 3356 976 3418; x_wconf 83' lang='grc' dir='ltr'><strong><em>καί</em></strong></span> <span class='ocrx_word' id='word_1_292' title='bbox 992 3349 1029 3418; x_wconf 90' lang='grc' dir='ltr'><strong><em>ού</em></strong></span> <span class='ocrx_word' id='word_1_293' title='bbox 1047 3355 1167 3435; x_wconf 79' lang='grc' dir='ltr'><strong><em>μέτοχον</em></strong></span> <span class='ocrx_word' id='word_1_294' title='bbox 1184 3360 1327 3436; x_wconf 87' lang='grc' dir='ltr'><strong><em>σαρκικῆς</em></strong></span> <span class='ocrx_word' id='word_1_295' title='bbox 1344 3357 1497 3436; x_wconf 82' lang='grc' dir='ltr'><strong><em>διαδοχῆς</em></strong></span> <span class='ocrx_word' id='word_1_296' title='bbox 1516 3359 1530 3395; x_wconf 76' lang='lat'>²</span> 
     </span>
     <span class='ocr_line' id='line_1_31' title="bbox 393 3447 1539 3540; baseline -0.001 -22"><span class='ocrx_word' id='word_1_297' title='bbox 393 3451 554 3535; x_wconf 85' lang='grc' dir='ltr'><strong><em>ῆνωμίνον.</em></strong></span> <span class='ocrx_word' id='word_1_298' title='bbox 597 3452 630 3518; x_wconf 87' lang='lat' dir='ltr'><strong><em>‘O</em></strong></span> <span class='ocrx_word' id='word_1_299' title='bbox 648 3454 703 3540; x_wconf 81' lang='grc' dir='ltr'><strong><em>γόρ</em></strong></span> <span class='ocrx_word' id='word_1_300' title='bbox 723 3457 903 3538; x_wconf 81' lang='grc' dir='ltr'><strong><em>Μελχισεδὲκ</em></strong></span> <span class='ocrx_word' id='word_1_301' title='bbox 925 3453 943 3520; x_wconf 89' lang='grc' dir='ltr'><strong><em>ό</em></strong></span> <span class='ocrx_word' id='word_1_302' title='bbox 963 3455 1047 3540; x_wconf 75' lang='grc' dir='ltr'><strong><em>ύγιος</em></strong></span> <span class='ocrx_word' id='word_1_303' title='bbox 1065 3447 1153 3530; x_wconf 83' lang='grc' dir='ltr'><strong><em>οὗτος</em></strong></span> <span class='ocrx_word' id='word_1_304' title='bbox 1177 3451 1275 3520; x_wconf 72' lang='grc' dir='ltr'><strong><em>ούκέιι</em></strong></span> <span class='ocrx_word' id='word_1_305' title='bbox 1297 3451 1355 3536; x_wconf 84' lang='grc' dir='ltr'><strong><em>μετ’</em></strong></span> <span class='ocrx_word' id='word_1_306' title='bbox 1371 3454 1476 3522; x_wconf 76' lang='grc' dir='ltr'><strong><em>αὐτόν</em></strong></span> <span class='ocrx_word' id='word_1_307' title='bbox 1499 3459 1539 3518; x_wconf 85' lang='grc' dir='ltr'><strong><em>διο</em></strong></span> 
     </span>
     <span class='ocr_line' id='line_1_32' title="bbox 394 3553 1539 3643; baseline 0 -23"><span class='ocrx_word' id='word_1_308' title='bbox 394 3553 485 3638; x_wconf 82' lang='grc' dir='ltr'><strong><em>δοχῆν</em></strong></span> <span class='ocrx_word' id='word_1_309' title='bbox 503 3558 637 3638; x_wconf 78' lang='grc' dir='ltr'><strong><em>ἔσχηκεν,</em></strong></span> <span class='ocrx_word' id='word_1_310' title='bbox 666 3555 724 3621; x_wconf 75' lang='grc' dir='ltr'><strong><em>ἀλλ’</em></strong></span> <span class='ocrx_word' id='word_1_311' title='bbox 744 3556 812 3624; x_wconf 84' lang='grc' dir='ltr'><strong><em>ούτε</em></strong></span> <span class='ocrx_word' id='word_1_312' title='bbox 832 3555 987 3642; x_wconf 79' lang='grc' dir='ltr'><strong><em>α’φαίρεσιν</em></strong></span> <span class='ocrx_word' id='word_1_313' title='bbox 1009 3565 1062 3639; x_wconf 89' lang='grc' dir='ltr'><strong><em>τῆς</em></strong></span> <span class='ocrx_word' id='word_1_314' title='bbox 1080 3556 1250 3640; x_wconf 84' lang='grc' dir='ltr'><strong><em>ἱερωσύνης.</em></strong></span> <span class='ocrx_word' id='word_1_315' title='bbox 1284 3554 1410 3640; x_wconf 75' lang='grc' dir='ltr'><strong><em>Ἔμεινε</em></strong></span> <span class='ocrx_word' id='word_1_316' title='bbox 1432 3557 1494 3643; x_wconf 77' lang='grc' dir='ltr'><strong><em>γόρ</em></strong></span> <span class='ocrx_word' id='word_1_317' title='bbox 1512 3581 1539 3620; x_wconf 82' lang='grc' dir='ltr'><strong><em>ω</em></strong></span> 
     </span>
     <span class='ocr_line' id='line_1_33' title="bbox 393 3656 1539 3750; baseline 0.002 -27"><span class='ocrx_word' id='word_1_318' title='bbox 393 3657 444 3733; x_wconf 89' lang='grc' dir='ltr'><strong><em>τός</em></strong></span> <span class='ocrx_word' id='word_1_319' title='bbox 462 3656 557 3742; x_wconf 83' lang='grc' dir='ltr'><strong><em>ἱερεύς</em></strong></span> <span class='ocrx_word' id='word_1_320' title='bbox 579 3658 630 3724; x_wconf 85' lang='grc' dir='ltr'><strong><em>τόν</em></strong></span> <span class='ocrx_word' id='word_1_321' title='bbox 646 3658 742 3726; x_wconf 76' lang='grc' dir='ltr'><strong><em>πάντα</em></strong></span> <span class='ocrx_word' id='word_1_322' title='bbox 764 3659 871 3744; x_wconf 85' lang='grc' dir='ltr'><strong><em>χρόνον</em></strong></span> <span class='ocrx_word' id='word_1_323' title='bbox 890 3668 943 3742; x_wconf 78' lang='grc' dir='ltr'><strong><em>τῆς</em></strong></span> <span class='ocrx_word' id='word_1_324' title='bbox 965 3657 1058 3726; x_wconf 86' lang='grc' dir='ltr'><strong><em>αύτυῦ</em></strong></span> <span class='ocrx_word' id='word_1_325' title='bbox 1079 3667 1170 3741; x_wconf 88' lang='grc' dir='ltr'><strong><em>ζωῆς,</em></strong></span> <span class='ocrx_word' id='word_1_326' title='bbox 1199 3661 1251 3722; x_wconf 78' lang='grc' dir='ltr'><strong><em>καί</em></strong></span> <span class='ocrx_word' id='word_1_327' title='bbox 1271 3661 1313 3723; x_wconf 76' lang='grc' dir='ltr'><strong><em>ίτι</em></strong></span> <span class='ocrx_word' id='word_1_328' title='bbox 1336 3662 1367 3725; x_wconf 77' lang='grc' dir='ltr'><strong><em>ἐν</em></strong></span> <span class='ocrx_word' id='word_1_329' title='bbox 1389 3667 1433 3750; x_wconf 81' lang='grc' dir='ltr'><strong><em>τῆ</em></strong></span> <span class='ocrx_word' id='word_1_330' title='bbox 1461 3683 1539 3744; x_wconf 76' lang='grc' dir='ltr'><strong><em>χρειω</em></strong></span> 
     </span>
     <span class='ocr_line' id='line_1_34' title="bbox 394 3758 1539 3850; baseline 0.001 -26"><span class='ocrx_word' id='word_1_331' title='bbox 394 3760 495 3850; x_wconf 70' lang='grc' dir='ltr'><strong><em>ᾅδεται</em></strong></span> <span class='ocrx_word' id='word_1_332' title='bbox 515 3759 625 3843; x_wconf 89' lang='grc' dir='ltr'><strong><em>ἱερεύς,</em></strong></span> <span class='ocrx_word' id='word_1_333' title='bbox 656 3761 781 3844; x_wconf 87' lang='grc' dir='ltr'><strong><em>μηδενός</em></strong></span> <span class='ocrx_word' id='word_1_334' title='bbox 808 3759 930 3826; x_wconf 70' lang='grc' dir='ltr'><strong><em>8αύτοῖν</em></strong></span> <span class='ocrx_word' id='word_1_335' title='bbox 953 3763 1177 3843; x_wconf 74' lang='grc' dir='ltr'><strong><em>διαδεξαμένου,</em></strong></span> <span class='ocrx_word' id='word_1_336' title='bbox 1207 3759 1228 3844; x_wconf 74' lang='grc' dir='ltr'><strong><em>ἢ</em></strong></span> <span class='ocrx_word' id='word_1_337' title='bbox 1251 3758 1492 3845; x_wconf 78' lang='grc' dir='ltr'><strong><em>ύνατρίψαντος</em></strong></span> <span class='ocrx_word' id='word_1_338' title='bbox 1514 3761 1539 3842; x_wconf 69' lang='grc' dir='ltr'><strong><em>τι</em></strong></span> 
     </span>
     <span class='ocr_line' id='line_1_35' title="bbox 394 3861 1539 3950; baseline 0.001 -20"><span class='ocrx_word' id='word_1_339' title='bbox 394 3863 469 3930; x_wconf 73' lang='grc' dir='ltr'><strong><em>κακοί</em></strong></span> <span class='ocrx_word' id='word_1_340' title='bbox 483 3864 536 3929; x_wconf 89' lang='grc' dir='ltr'><strong><em>τόν</em></strong></span> <span class='ocrx_word' id='word_1_341' title='bbox 551 3863 659 3946; x_wconf 83' lang='grc' dir='ltr'><strong><em>χρόνον</em></strong></span> <span class='ocrx_word' id='word_1_342' title='bbox 676 3861 769 3928; x_wconf 86' lang='grc' dir='ltr'><strong><em>αύτοῦ</em></strong></span> <span class='ocrx_word' id='word_1_343' title='bbox 788 3861 950 3948; x_wconf 73' lang='grc' dir='ltr'><strong><em>ὑπηρεσίαν</em></strong></span> <span class='ocrx_word' id='word_1_344' title='bbox 965 3871 1018 3946; x_wconf 80' lang='grc' dir='ltr'><strong><em>τῆς</em></strong></span> <span class='ocrx_word' id='word_1_345' title='bbox 1033 3863 1202 3948; x_wconf 86' lang='grc' dir='ltr'><strong><em>ἱερωσύνης.</em></strong></span> <span class='ocrx_word' id='word_1_346' title='bbox 1244 3862 1332 3928; x_wconf 82' lang='grc' dir='ltr'><strong><em>Ούτω</em></strong></span> <span class='ocrx_word' id='word_1_347' title='bbox 1347 3866 1402 3930; x_wconf 77' lang='grc' dir='ltr'><strong><em>καλ</em></strong></span> <span class='ocrx_word' id='word_1_348' title='bbox 1421 3863 1442 3930; x_wconf 88' lang='grc' dir='ltr'><strong><em>ό</em></strong></span> <span class='ocrx_word' id='word_1_349' title='bbox 1462 3865 1539 3950; x_wconf 76' lang='grc' dir='ltr'><strong><em>κύρω</em></strong></span> 
     </span>
     <span class='ocr_line' id='line_1_36' title="bbox 394 3963 1539 4051; baseline 0.003 -21"><span class='ocrx_word' id='word_1_350' title='bbox 394 3963 479 4047; x_wconf 74' lang='grc' dir='ltr'><strong><em>ἡμῶν</em></strong></span> <span class='ocrx_word' id='word_1_351' title='bbox 497 3964 553 4031; x_wconf 90' lang='grc' dir='ltr'><strong><em>ούκ</em></strong></span> <span class='ocrx_word' id='word_1_352' title='bbox 571 3963 613 4032; x_wconf 78' lang='grc' dir='ltr'><strong><em>οίν</em></strong></span> <span class='ocrx_word' id='word_1_353' title='bbox 631 3963 810 4050; x_wconf 78' lang='grc' dir='ltr'><strong><em>ἅνθρωπος,</em></strong></span> <span class='ocrx_word' id='word_1_354' title='bbox 834 3964 903 4030; x_wconf 80' lang='grc' dir='ltr'><strong><em>α’λλύ</em></strong></span> <span class='ocrx_word' id='word_1_355' title='bbox 923 3969 956 4030; x_wconf 82' lang='grc' dir='ltr'><strong><em>ἐκ</em></strong></span> <span class='ocrx_word' id='word_1_356' title='bbox 973 3974 1048 4032; x_wconf 84' lang='grc' dir='ltr'><strong><em>θεοῦ</em></strong></span> <span class='ocrx_word' id='word_1_357' title='bbox 1070 3965 1153 4051; x_wconf 79' lang='grc' dir='ltr'><strong><em>ύγιος</em></strong></span> <span class='ocrx_word' id='word_1_358' title='bbox 1173 3964 1245 4042; x_wconf 86' lang='grc' dir='ltr'><strong><em>θεός</em></strong></span> <span class='ocrx_word' id='word_1_359' title='bbox 1260 3964 1364 4051; x_wconf 89' lang='grc' dir='ltr'><strong><em>λόγος,</em></strong></span> <span class='ocrx_word' id='word_1_360' title='bbox 1386 3967 1470 4044; x_wconf 83' lang='grc' dir='ltr'><strong><em>υἱός</em></strong></span> <span class='ocrx_word' id='word_1_361' title='bbox 1493 3979 1539 4044; x_wconf 80' lang='grc' dir='ltr'><strong><em>θει</em></strong></span> 
     </span>
     <span class='ocr_line' id='line_1_37' title="bbox 396 4065 1538 4154; baseline -0.001 -23"><span class='ocrx_word' id='word_1_362' title='bbox 396 4070 549 4150; x_wconf 81' lang='grc' dir='ltr'><strong><em>γεννηθείς</em></strong></span> <span class='ocrx_word' id='word_1_363' title='bbox 571 4065 706 4153; x_wconf 83' lang='grc' dir='ltr'><strong><em>ύνοίρχως</em></strong></span> <span class='ocrx_word' id='word_1_364' title='bbox 730 4070 782 4134; x_wconf 80' lang='grc' dir='ltr'><strong><em>καὶ</em></strong></span> <span class='ocrx_word' id='word_1_365' title='bbox 806 4066 955 4154; x_wconf 83' lang='grc' dir='ltr'><strong><em>οίχ-ρόνως,</em></strong></span> <span class='ocrx_word' id='word_1_366' title='bbox 986 4065 1031 4133; x_wconf 66' lang='lat' dir='ltr'><strong><em>dez</em></strong></span> <span class='ocrx_word' id='word_1_367' title='bbox 1055 4066 1110 4132; x_wconf 90' lang='grc' dir='ltr'><strong><em>σύν</em></strong></span> <span class='ocrx_word' id='word_1_368' title='bbox 1132 4070 1222 4152; x_wconf 80' lang='grc' dir='ltr'><strong><em>πατρί</em></strong></span> <span class='ocrx_word' id='word_1_369' title='bbox 1247 4065 1306 4146; x_wconf 75' lang='grc' dir='ltr'><strong><em>οίν,</em></strong></span> <span class='ocrx_word' id='word_1_370' title='bbox 1337 4067 1538 4153; x_wconf 68' lang='grc' dir='ltr'><strong><em>γενόμενος.</em></strong></span> 
     </span>
     <span class='ocr_line' id='line_1_38' title="bbox 396 4161 1525 4256; baseline 0.004 -22"><span class='ocrx_word' id='word_1_371' title='bbox 396 4165 474 4251; x_wconf 74' lang='grc' dir='ltr'><strong><em>ἡμᾶς</em></strong></span> <span class='ocrx_word' id='word_1_372' title='bbox 489 4173 522 4234; x_wconf 80' lang='grc' dir='ltr'><strong><em>ἐκ</em></strong></span> <span class='ocrx_word' id='word_1_373' title='bbox 538 4173 663 4254; x_wconf 88' lang='grc' dir='ltr'><strong><em>Μαρίας</em></strong></span> <span class='ocrx_word' id='word_1_374' title='bbox 680 4161 859 4256; x_wconf 73' lang='grc' dir='ltr'><strong><em>ἅνθρωπος,</em></strong></span> <span class='ocrx_word' id='word_1_375' title='bbox 881 4173 931 4237; x_wconf 83' lang='grc' dir='ltr'><strong><em>καί</em></strong></span> <span class='ocrx_word' id='word_1_376' title='bbox 947 4168 1003 4236; x_wconf 90' lang='grc' dir='ltr'><strong><em>ούκ</em></strong></span> <span class='ocrx_word' id='word_1_377' title='bbox 1020 4167 1080 4237; x_wconf 85' lang='grc' dir='ltr'><strong><em>οίπό</em></strong></span> <span class='ocrx_word' id='word_1_378' title='bbox 1097 4173 1261 4255; x_wconf 80' lang='grc' dir='ltr'><strong><em>σπέρματος</em></strong></span> <span class='ocrx_word' id='word_1_379' title='bbox 1276 4169 1394 4254; x_wconf 73' lang='grc' dir='ltr'><strong><em>ἀνδρός.</em></strong></span> <span class='ocrx_word' id='word_1_380' title='bbox 1459 4173 1525 4255; x_wconf 75' lang='grc' dir='ltr'><strong><em>Τὴν</em></strong></span> 
     </span>
    </p>
   </div>
   <div class='ocr_carea' id='block_1_5' title="bbox 416 4371 1538 4578">
    <p class='ocr_par' dir='ltr' id='par_1_6' title="bbox 416 4371 1538 4578">
     <span class='ocr_line' id='line_1_39' title="bbox 431 4371 1310 4440; baseline -0.002 -12"><span class='ocrx_word' id='word_1_381' title='bbox 431 4375 455 4428; x_wconf 89' lang='grc'><strong><em>8.</em></strong></span> <span class='ocrx_word' id='word_1_382' title='bbox 475 4371 569 4428; x_wconf 76' lang='grc' dir='ltr'><strong><em>σαδοῦκ</em></strong></span> <span class='ocrx_word' id='word_1_383' title='bbox 586 4380 640 4427; x_wconf 65' lang='lat' dir='ltr'>edis.</span> <span class='ocrx_word' id='word_1_384' title='bbox 656 4381 732 4440; x_wconf 79' lang='lat' dir='ltr'><em>pn&#39;nc.</em></span> <span class='ocrx_word' id='word_1_385' title='bbox 1029 4379 1066 4428; x_wconf 85' lang='grc' dir='ltr'><strong><em>λλ.</em></strong></span> <span class='ocrx_word' id='word_1_386' title='bbox 1083 4395 1107 4430; x_wconf 84' lang='grc' dir='ltr'><strong><em>τι</em></strong></span> <span class='ocrx_word' id='word_1_387' title='bbox 1124 4381 1219 4429; x_wconf 72' lang='lat' dir='ltr'><em>abesto</em></span> <span class='ocrx_word' id='word_1_388' title='bbox 1236 4379 1310 4428; x_wconf 68' lang='lat' dir='ltr'><strong><em>mm.</em></strong></span> 
     </span>
     <span class='ocr_line' id='line_1_40' title="bbox 432 4441 1538 4508; baseline -0.013 -12"><span class='ocrx_word' id='word_1_389' title='bbox 432 4443 456 4496; x_wconf 86' lang='lat'><strong><em>9.</em></strong></span> <span class='ocrx_word' id='word_1_390' title='bbox 474 4441 558 4506; x_wconf 83' lang='grc' dir='ltr'><strong><em>Μαρία</em></strong></span> <span class='ocrx_word' id='word_1_391' title='bbox 575 4447 630 4494; x_wconf 71' lang='lat' dir='ltr'><strong><em>edm</em></strong></span> <span class='ocrx_word' id='word_1_392' title='bbox 646 4449 707 4496; x_wconf 81' lang='grc' dir='ltr'><strong><em>λίοιλ.</em></strong></span> <span class='ocrx_word' id='word_1_393' title='bbox 1026 4445 1086 4494; x_wconf 71' lang='lat' dir='ltr'><strong><em>Cn.</em></strong></span> <span class='ocrx_word' id='word_1_394' title='bbox 1099 4447 1140 4494; x_wconf 80' lang='lat' dir='ltr'><strong><em>IV.</em></strong></span> <span class='ocrx_word' id='word_1_395' title='bbox 1159 4475 1191 4486; x_wconf 89' lang='lat'>-</span> <span class='ocrx_word' id='word_1_396' title='bbox 1219 4445 1239 4498; x_wconf 65' lang='lat'><strong><em>1·</em></strong></span> <span class='ocrx_word' id='word_1_397' title='bbox 1258 4445 1355 4508; x_wconf 61' lang='lat' dir='ltr'>„Deest</span> <span class='ocrx_word' id='word_1_398' title='bbox 1369 4449 1516 4504; x_wconf 60' lang='lat' dir='ltr'>verbumu</span> <span class='ocrx_word' id='word_1_399' title='bbox 1536 4453 1538 4508; x_wconf 62' lang='grc' dir='ltr'><strong><em>γ</em></strong></span> 
     </span>
     <span class='ocr_line' id='line_1_41' title="bbox 416 4510 1214 4578; baseline -0.004 -13"><span class='ocrx_word' id='word_1_400' title='bbox 416 4512 456 4566; x_wconf 79' lang='lat'><strong><em>10.</em></strong></span> <span class='ocrx_word' id='word_1_401' title='bbox 473 4510 559 4578; x_wconf 78' lang='grc' dir='ltr'><strong><em>ῥητοῖς</em></strong></span> <span class='ocrx_word' id='word_1_402' title='bbox 575 4513 631 4562; x_wconf 71' lang='lat' dir='ltr'>editi</span> <span class='ocrx_word' id='word_1_403' title='bbox 647 4516 708 4564; x_wconf 77' lang='grc' dir='ltr'><strong><em>λὶοτί.</em></strong></span> <span class='ocrx_word' id='word_1_404' title='bbox 989 4517 1068 4566; x_wconf 80' lang='grc' dir='ltr'><strong><em>ιουλυι</em></strong></span> <span class='ocrx_word' id='word_1_405' title='bbox 1085 4518 1214 4566; x_wconf 72' lang='lat' dir='ltr'><strong><em>annotavit.</em></strong></span> 
     </span>
    </p>
   </div>
   <div class='ocr_carea' id='block_1_6' title="bbox 0 0 1580 4930">
    <p class='ocr_par' dir='ltr' id='par_1_7' title="bbox 0 0 1580 4930">
     <span class='ocr_line' id='line_1_42' title="bbox 0 0 1580 4930; baseline 0 0"><span class='ocrx_word' id='word_1_406' title='bbox 0 0 1580 4930; x_wconf 95' lang='lat' dir='ltr'><strong><em> </em></strong></span> 
     </span>
    </p>
   </div>
  </div>
 </body>
</html>
