3168 4942
395 220 533 273 rausau
551 221 614 271 uro.
628 221 660 270 u.
676 219 759 271 rom.
774 219 807 270 u.
823 217 924 269 assu.
938 215 1035 268 εχει,
1235 203 1297 266 719

131 339 263 402 vandum
278 351 341 418 est,
366 343 401 402 In
422 343 534 413 seeum,
559 361 631 417 oon,
656 336 689 401 iu
708 338 852 414 secudum,
877 336 1017 418 dixisse),
1041 336 1110 399 item
1129 356 1196 399 cum
1213 335 1295 412 illud,

135 447 207 504 cunr
230 446 382 504 modrdera't
402 461 522 522 νεςιιιιει
544 445 595 502 deo
617 453 646 502 et
663 446 760 521 patri,
787 439 853 503 huic
874 438 1056 502 'coarmarium
1079 439 1134 515 sit,
1158 441 1200 500 m
1213 442 1300 518 regni

134 551 198 606 eras
219 567 275 605 non
297 550 353 605 erit
375 547 467 624 finale,
503 563 627 628 saumque
650 543 723 606 haee
746 541 831 605 ambo
855 542 890 603 de
915 537 1036 604 Christo
1059 541 1177 603 domino
1199 539 1297 604 idonei

134 667 173 709 ac
196 647 251 709 fide
275 646 354 728 digni
383 657 521 709 auctores
551 655 689 708 asserant
718 647 801 723 (narn
830 655 861 706 ει
883 642 1006 724 angelus
1031 641 1153 706 Gabriel
1178 653 1298 708 sauctus

134 759 201 826 est,
227 759 257 810 et
279 748 431 832 apostolus
453 746 553 810 divino
575 746 679 831 spiritu
702 747 850 825 afflatus),
875 745 940 830 quid
965 745 1059 809 nostri
1080 743 1121 807 itti
1145 744 1298 808 vitalicae

134 849 274 912 salutaris
297 849 376 912 itlius
399 850 530 934 mysterii
556 849 640 932 plane
663 847 789 933 imperiti
809 847 959 910 dixerint?
989 845 1130 911 Utrumne
1152 847 1297 929 scriptura

136 970 239 1014 seeum
269 950 331 1034 ipse
363 961 490 1034 pugnat,
523 971 598 1034 quae
622 971 768 1033 nunquam
792 972 807 1013 a
831 950 956 1012 veritate
980 949 1131 1012 deflectit?
1173 945 1298 1013 Minime

137 1073 223 1116 vero.
271 1050 350 1129 Sed,
383 1062 414 1113 ut
437 1062 523 1114 antea
546 1051 733 1130 dicebamus,
768 1063 887 1136 propter
910 1051 986 1114 illam
1011 1049 1154 1114 humanae
1177 1061 1298 1115 naturae

135 1154 359 1232 conditionem,
381 1175 456 1238 quae
474 1155 654 1218 accessionis
673 1175 768 1238 capax
782 1164 845 1232 est,
870 1161 1071 1216 consentanee
1087 1153 1185 1216 omnia
1209 1153 1298 1237 aptis·

137 1257 273 1340 sineque
296 1257 467 1320 cohaerent.
513 1253 633 1318 Etenim
656 1255 681 1319 si
705 1275 827 1338 regnum
856 1265 939 1318 certo
961 1254 1059 1337 atiquo
1082 1263 1214 1339 terrrpore
1238 1265 1297 1320 tra·

138 1359 257 1422 diturus
280 1370 344 1437 est,
373 1377 558 1441 cousequeus
581 1367 628 1420 εει
651 1369 681 1420 ut
703 1357 830 1420 noudum
854 1365 970 1440 regnet.
1017 1353 1103 1438 Quod
1127 1357 1152 1419 si
1175 1358 1215 1420 ita
1238 1369 1296 1436 εει,

136 1483 192 1523 our
214 1459 327 1544 angelis
350 1471 380 1523 et
402 1459 588 1542 archangelis
611 1471 668 1522 tam
692 1469 761 1522 ante
783 1479 870 1542 quam
893 1469 958 1541 post
975 1457 1209 1522 incarnationem
1227 1461 1297 1524 ado-

137 1576 220 1626 ratus
242 1583 310 1626 ease
334 1573 474 1646 perpetuo
498 1561 624 1624 dieitur?
654 1557 699 1624 De
722 1581 759 1624 eo
776 1561 881 1645 quippe
905 1561 1049 1644 scriptura
1067 1572 1202 1641 testatur,
1228 1568 1296 1625 Cam
1311 1581 1438 1642 uernae.

136 1669 285 1728 menam
296 1667 514 1744 prrincgenr'tunr
536 1667 567 1724 r'n
589 1664 682 1724 orbem
706 1675 849 1724 terrorum
870 1667 974 1724 dietum
1000 1685 1076 1737 esse,
1103 1675 1143 1742 et,
1167 1669 1300 1728 Adoreo!

136 1789 199 1829 com
222 1789 316 1827 omnes
336 1768 509 1846 ongett'dei,
537 1765 618 1842 item,
643 1769 730 1826 Sedet
749 1768 787 1826 od
802 1769 948 1827 dexterum
967 1770 1076 1846 ponat,
1102 1766 1219 1846 deiude,
1245 1771 1298 1830 Co-
1312 1786 1374 1832 ratu
1391 1803 1412 1846 p.

137 1891 201 1932 rom
225 1871 276 1930 illo
290 1872 429 1952 flectetur·
451 1889 530 1928 ornae
548 1889 626 1946 genn
649 1871 827 1940 coelestiam,
862 1872 1039 1930 temerariam
1060 1879 1090 1928 et
1107 1871 1295 1950 ¹r'nscmrorarn.
1325 1839 1346 1894 π’
1362 1803 1392 1884 ¹8⁸

135 1969 275 2035 Necesse
298 1982 344 2033 εει
366 1969 456 2051 igitur
479 1979 510 2032 ut
533 1967 581 2051 qui
605 1968 642 2030 ab
664 1968 799 2031 omrribus
821 1969 979 2046 adoretur,
1013 1981 1155 2054 perpetuo
1178 1990 1299 2054 reguum

136 2072 281 2136 obtineat.
330 2069 387 2133 lam
412 2089 573 2132 varocum
598 2080 739 2154 perpetuo
763 2091 854 2154 peues
877 2069 965 2133 tilium
985 2071 1042 2134 iam
1059 2071 1127 2134 oiim
1147 2073 1246 2150 tuerit,
1271 2082 1299 2136 et

135 2174 225 2238 modo
247 2173 302 2250 sit,
329 2182 358 2235 ct
377 2172 516 2255 deinceps
539 2172 622 2253 regia
644 2171 684 2234 sit
706 2173 804 2235 futura
827 2183 958 2257 potestas
981 2174 1232 2256 (quandoquidem
1250 2194 1298 2236 re-

137 2297 228 2359 guum
247 2273 320 2359 patri
345 2273 472 2336 uondurn
492 2271 642 2352 tradidit),
666 2273 735 2356 quid
753 2275 869 2336 tandem
887 2274 1142 2342 existimabimus?
1164 2272 1299 2338 Patrem-

138 2397 179 2442 ac
200 2376 236 2439 ah
260 2395 353 2458 regno
376 2373 493 2438 iuterim
517 2375 690 2437 exclusum?
720 2372 845 2439 Minime
863 2395 947 2439 vero.
994 2375 1113 2460 Regnat
1135 2375 1212 2440 cuim
1233 2399 1298 2442 cum

139 2489 225 2564 patre
249 2477 342 2555 titius,
367 2487 397 2539 et
418 2496 484 2539 oum
508 2475 567 2538 filio
590 2496 625 2538 ao
648 2476 753 2560 spiritu
774 2483 878 2542 sancto
902 2490 996 2561 pater.
1042 2477 1103 2542 Sed
1127 2469 1196 2562 quid
1217 2499 1300 2544 asse-

140 2591 212 2644 ruut
233 2579 302 2644 istit
348 2581 416 2640 Com
439 2581 591 2640 trodr'dera't
614 2599 733 2657 regnum
755 2581 807 2640 deo
833 2591 861 2640 et
876 2585 973 2659 porri,
1010 2601 1078 2644 oum
1101 2600 1228 2664 regnare
1250 2581 1301 2644 de·

139 2683 240 2746 siuet?
262 2679 457 2764 Nequaquam
480 2690 573 2742 certe.
620 2677 776 2761 Quomodo
800 2679 877 2742 enim
897 2701 999 2744 verum
1018 2681 1086 2746 iliud
1103 2693 1186 2746 esset
1202 2683 1300 2766 angeli

138 2803 335 2868 responsum,
360 2786 400 2843 Et
412 2785 571 2861 regm'er'us
586 2803 642 2841 non
664 2785 723 2842 erit
733 2783 832 2862 fineis?
864 2781 930 2846 Hoc
952 2783 1042 2867 igitur
1064 2785 1232 2868 significare
1247 2806 1300 2848 vo·

138 2886 195 2950 luit
216 2883 385 2969 apostolus,
410 2882 481 2946 nihil
503 2881 653 2966 impletum
669 2883 699 2946 iu
714 2883 774 2946 litio
791 2883 945 2968 implerive
959 2886 1037 2968 quod
1053 2907 1070 2948 a
1088 2897 1210 2972 paterna
1229 2909 1300 2952 oon·

137 2988 290 3050 iunctione
313 2997 401 3070 atque
424 3006 480 3048 ona
504 2986 665 3068 eademque
690 2984 780 3069 patris
810 2984 911 3048 attilii
936 2996 966 3049 et
988 2987 1108 3071 spiritus
1130 2987 1224 3052 sancti
1246 3010 1299 3052 vo·

139 3088 255 3151 iuntate
278 3087 448 3171 discrepans
478 3087 517 3150 sit
546 3097 597 3148 aut
626 3086 803 3150 seiunctum.
850 3083 1001 3170 Siquidem
1030 3098 1061 3151 et
1089 3088 1144 3152 hoo
1174 3090 1240 3154 iooo
1263 3091 1299 3152 de

140 3189 203 3253 fitia
226 3189 289 3274 ipso
305 3188 412 3252 dictum
435 3187 713 3266 animadvertimus,
737 3193 806 3250 Caro
830 3193 982 3252 tradederit
1001 3211 1119 3270 regnum
1137 3194 1188 3252 deo
1209 3203 1300 3271 etpo-

140 3297 197 3353 tri:
222 3313 284 3352 cum
302 3295 479 3354 desmumem't
495 3313 601 3352 onerem
620 3293 828 3370 principiorem,
853 3304 883 3353 et
897 3303 1076 3372 potestatem,
1101 3304 1131 3354 et
1148 3296 1305 3368 caracteius

140 3404 279 3476 tanquam
304 3393 379 3456 utine
400 3392 464 3476 ipse
487 3413 608 3476 regnum
633 3392 745 3468 tradat,
769 3413 803 3455 ac
826 3393 1017 3478 principatum
1037 3415 1152 3458 omnem
1169 3395 1300 3460 destruat

141 3505 203 3558 ete.
249 3494 296 3556 Ad
320 3495 404 3570 haec,
430 3499 561 3575 Oportet,
586 3493 691 3577 iuquit,
716 3497 806 3573 apsaro
827 3516 967 3574 regnare,
992 3500 1080 3558 donee
1096 3508 1189 3578 ponat
1207 3502 1300 3559 anami-

141 3617 191 3658 cos
211 3597 403 3676 subpeditare
424 3600 502 3670 aurs,-
535 3595 619 3678 quasi
642 3595 717 3658 iilius
740 3595 838 3659 omnia
860 3597 1009 3681 perficiat,
1040 3619 1075 3661 ae
1098 3618 1151 3683 pro
1174 3599 1301 3662 auctori·

143 3709 205 3762 tate
227 3719 282 3762 sua
304 3707 335 3760 et
356 3706 501 3783 potestate
523 3698 711 3777 moderetur,
744 3707 773 3760 et
795 3698 869 3781 patri
891 3698 1017 3782 denique
1040 3719 1097 3762 una
1119 3721 1186 3764 cnm
1209 3721 1301 3785 regno

141 3801 293 3864 subiectos
314 3801 431 3864 offerat.

228 3899 303 3966 Post
327 3901 400 3964 haec
425 3901 511 3964 aliam
542 3902 577 3964 ad
607 3921 762 3986 personam
790 3901 913 3965 transit:
947 3907 1034 3964 Patre
1045 3905 1116 3984 fido
1137 3903 1301 3966 sudrttr'ente
1337 3919 1396 3984 cap.

141 4009 253 4077 omnic,-
277 4013 319 4082 et,
344 4007 442 4064 Omnia
464 4003 599 4076 subserit,
624 4003 729 4085 inquit,
752 4004 806 4064 sud
821 4003 943 4083 periodos
963 4008 1040 4080 eius,-
1065 4008 1231 4066 normanniae
1247 4009 1301 4066 r'nr'·
1318 3986 1436 4040 Lxxw·

141 4110 232 4168 arcear
253 4107 416 4168 weuram
437 4126 523 4166 mora.
571 4100 627 4168 Ubi
648 4125 706 4166 non
727 4105 851 4190 amplius
874 4125 914 4170 ex
934 4125 1061 4190 persona
1083 4105 1174 4191 patris
1197 4107 1301 4172 duom·

140 4361 228 4410 tdtonr
244 4359 266 4426 p.
276 4358 318 4422 30,
336 4355 361 4411 4.
377 4375 402 4422 p.
416 4357 463 4412 178
475 4372 508 4421 tq.
543 4353 625 4412 ttnt
643 4355 703 4412 noir·
771 4359 796 4412 6.
817 4357 946 4428 εἰρημένον
962 4361 1219 4413 eurendovttt’etoutns.
1236 4363 1302 4413 uun

141 4441 193 4478 ron
209 4427 246 4478 cd.
264 4429 348 4480 Petne.
740 4427 825 4480 murat
842 4426 982 4496 ctpnpduou
