<?xml version="1.0" encoding="UTF-8"?>
<!DOCTYPE html PUBLIC "-//W3C//DTD XHTML 1.0 Transitional//EN"
    "http://www.w3.org/TR/xhtml1/DTD/xhtml1-transitional.dtd">
<html xmlns="http://www.w3.org/1999/xhtml" xml:lang="en" lang="en">
 <head>
  <title>
</title>
<meta http-equiv="Content-Type" content="text/html;charset=utf-8" />
  <meta name='ocr-system' content='tesseract 3.04.00' />
  <meta name='ocr-capabilities' content='ocr_page ocr_carea ocr_par ocr_line ocrx_word'/>
</head>
<body>
  <div class='ocr_page' id='page_1' title='image "./corporishaerese02oehlgoog_0296.png"; bbox 0 0 3176 4930; ppageno 0'>
   <div class='ocr_carea' id='block_1_1' title="bbox 316 224 1229 320">
    <p class='ocr_par' dir='ltr' id='par_1_1' title="bbox 316 224 1229 320">
     <span class='ocr_line' id='line_1_1' title="bbox 316 224 1229 320; baseline 0.002 -4"><span class='ocrx_word' id='word_1_1' title='bbox 316 224 326 250; x_wconf 81' lang='grc'><strong><em>’</em></strong></span> <span class='ocrx_word' id='word_1_2' title='bbox 342 265 478 316; x_wconf 82' lang='lat' dir='ltr'>ranaan</span> <span class='ocrx_word' id='word_1_3' title='bbox 496 265 558 318; x_wconf 80' lang='lat' dir='ltr'>nra.</span> <span class='ocrx_word' id='word_1_4' title='bbox 574 267 605 316; x_wconf 92' lang='lat' dir='ltr'>n.</span> <span class='ocrx_word' id='word_1_5' title='bbox 623 263 704 318; x_wconf 84' lang='lat' dir='ltr'>ron.</span> <span class='ocrx_word' id='word_1_6' title='bbox 719 267 739 316; x_wconf 87' lang='lat'>1.</span> <span class='ocrx_word' id='word_1_7' title='bbox 756 265 856 316; x_wconf 78' lang='lat' dir='ltr'>nana.</span> <span class='ocrx_word' id='word_1_8' title='bbox 872 265 964 316; x_wconf 82' lang='lat' dir='ltr'>nxrr.</span> <span class='ocrx_word' id='word_1_9' title='bbox 1169 255 1229 320; x_wconf 83' lang='lat'>275</span> 
     </span>
    </p>
   </div>
   <div class='ocr_carea' id='block_1_2' title="bbox 63 383 1377 3850">
    <p class='ocr_par' dir='ltr' id='par_1_2' title="bbox 75 383 1230 470">
     <span class='ocr_line' id='line_1_2' title="bbox 75 383 1230 470; baseline 0.006 -24"><span class='ocrx_word' id='word_1_10' title='bbox 75 385 141 448; x_wconf 83' lang='lat' dir='ltr'>duna</span> <span class='ocrx_word' id='word_1_11' title='bbox 159 395 223 463; x_wconf 88' lang='lat' dir='ltr'>est,</span> <span class='ocrx_word' id='word_1_12' title='bbox 249 405 354 470; x_wconf 88' lang='lat' dir='ltr'>corpus</span> <span class='ocrx_word' id='word_1_13' title='bbox 371 383 507 447; x_wconf 90' lang='lat' dir='ltr'>arbitrari</span> <span class='ocrx_word' id='word_1_14' title='bbox 524 383 554 448; x_wconf 93' lang='lat' dir='ltr'>in</span> <span class='ocrx_word' id='word_1_15' title='bbox 576 396 697 448; x_wconf 87' lang='lat' dir='ltr'>aeterna</span> <span class='ocrx_word' id='word_1_16' title='bbox 714 385 761 448; x_wconf 91' lang='lat' dir='ltr'>illa</span> <span class='ocrx_word' id='word_1_17' title='bbox 781 385 840 448; x_wconf 88' lang='lat' dir='ltr'>vita</span> <span class='ocrx_word' id='word_1_18' title='bbox 863 384 1016 469; x_wconf 87' lang='lat' dir='ltr'>proculab</span> <span class='ocrx_word' id='word_1_19' title='bbox 1039 385 1134 450; x_wconf 90' lang='lat' dir='ltr'>anima</span> <span class='ocrx_word' id='word_1_20' title='bbox 1154 387 1230 453; x_wconf 88' lang='lat' dir='ltr'>lutu-</span> 
     </span>
    </p>

    <p class='ocr_par' dir='ltr' id='par_1_3' title="bbox 74 486 1230 575">
     <span class='ocr_line' id='line_1_3' title="bbox 74 486 1230 575; baseline 0.004 -27"><span class='ocrx_word' id='word_1_21' title='bbox 74 505 157 564; x_wconf 89' lang='lat' dir='ltr'>rum,</span> <span class='ocrx_word' id='word_1_22' title='bbox 182 486 258 570; x_wconf 90' lang='lat' dir='ltr'>quod</span> <span class='ocrx_word' id='word_1_23' title='bbox 277 486 343 550; x_wconf 83' lang='lat' dir='ltr'>lruie</span> <span class='ocrx_word' id='word_1_24' title='bbox 362 487 431 550; x_wconf 91' lang='lat' dir='ltr'>illud</span> <span class='ocrx_word' id='word_1_25' title='bbox 450 497 586 571; x_wconf 77' lang='lat' dir='ltr'><strong>tanquam</strong></span> <span class='ocrx_word' id='word_1_26' title='bbox 606 487 752 551; x_wconf 81' lang='lat' dir='ltr'>viriculum</span> <span class='ocrx_word' id='word_1_27' title='bbox 774 509 808 551; x_wconf 87' lang='lat' dir='ltr'>ac</span> <span class='ocrx_word' id='word_1_28' title='bbox 827 487 944 569; x_wconf 79' lang='lat' dir='ltr'>pedicae</span> <span class='ocrx_word' id='word_1_29' title='bbox 965 487 1041 566; x_wconf 92' lang='lat' dir='ltr'>sint,</span> <span class='ocrx_word' id='word_1_30' title='bbox 1067 511 1102 553; x_wconf 88' lang='lat' dir='ltr'>ne</span> <span class='ocrx_word' id='word_1_31' title='bbox 1123 491 1230 575; x_wconf 88' lang='lat' dir='ltr'>sempi-</span> 
     </span>
    </p>

    <p class='ocr_par' dir='ltr' id='par_1_4' title="bbox 74 587 1230 667">
     <span class='ocr_line' id='line_1_4' title="bbox 74 587 1230 667; baseline 0.005 -17"><span class='ocrx_word' id='word_1_32' title='bbox 74 589 169 652; x_wconf 89' lang='lat' dir='ltr'>ternis</span> <span class='ocrx_word' id='word_1_33' title='bbox 188 589 313 652; x_wconf 86' lang='lat' dir='ltr'>vinculis</span> <span class='ocrx_word' id='word_1_34' title='bbox 332 589 544 652; x_wconf 86' lang='lat' dir='ltr'>sceleratorum</span> <span class='ocrx_word' id='word_1_35' title='bbox 566 589 660 652; x_wconf 87' lang='lat' dir='ltr'>instar</span> <span class='ocrx_word' id='word_1_36' title='bbox 677 589 781 652; x_wconf 78' lang='lat' dir='ltr'>addicti</span> <span class='ocrx_word' id='word_1_37' title='bbox 800 587 970 667; x_wconf 87' lang='lat' dir='ltr'>videamur,</span> <span class='ocrx_word' id='word_1_38' title='bbox 994 611 1059 654; x_wconf 87' lang='lat' dir='ltr'>eum</span> <span class='ocrx_word' id='word_1_39' title='bbox 1082 592 1111 654; x_wconf 94' lang='lat' dir='ltr'>in</span> <span class='ocrx_word' id='word_1_40' title='bbox 1134 591 1230 656; x_wconf 87' lang='lat' dir='ltr'>lucido</span> 
     </span>
    </p>

    <p class='ocr_par' dir='ltr' id='par_1_5' title="bbox 74 687 1231 774">
     <span class='ocr_line' id='line_1_5' title="bbox 74 687 1231 774; baseline 0.003 -21"><span class='ocrx_word' id='word_1_41' title='bbox 74 690 123 753; x_wconf 89' lang='lat' dir='ltr'>illc</span> <span class='ocrx_word' id='word_1_42' title='bbox 139 712 232 774; x_wconf 81' lang='lat' dir='ltr'>regno</span> <span class='ocrx_word' id='word_1_43' title='bbox 249 692 341 754; x_wconf 88' lang='lat' dir='ltr'>simus</span> <span class='ocrx_word' id='word_1_44' title='bbox 359 690 529 756; x_wconf 84' lang='lat' dir='ltr'>habitaturi.</span> <span class='ocrx_word' id='word_1_45' title='bbox 576 687 651 755; x_wconf 89' lang='lat' dir='ltr'>Cum</span> <span class='ocrx_word' id='word_1_46' title='bbox 667 690 743 754; x_wconf 87' lang='lat' dir='ltr'>enim</span> <span class='ocrx_word' id='word_1_47' title='bbox 762 690 876 753; x_wconf 84' lang='lat' dir='ltr'>abunde</span> <span class='ocrx_word' id='word_1_48' title='bbox 896 689 1036 754; x_wconf 90' lang='lat' dir='ltr'>dissoluta</span> <span class='ocrx_word' id='word_1_49' title='bbox 1053 713 1088 756; x_wconf 90' lang='lat' dir='ltr'>ac</span> <span class='ocrx_word' id='word_1_50' title='bbox 1106 697 1231 758; x_wconf 90' lang='lat' dir='ltr'>rel&#39;ntata</span> 
     </span>
    </p>

    <p class='ocr_par' dir='ltr' id='par_1_6' title="bbox 73 791 1231 877">
     <span class='ocr_line' id='line_1_6' title="bbox 73 791 1231 877; baseline 0.002 -21"><span class='ocrx_word' id='word_1_51' title='bbox 73 791 112 856; x_wconf 88' lang='lat' dir='ltr'>sit</span> <span class='ocrx_word' id='word_1_52' title='bbox 130 793 181 856; x_wconf 93' lang='lat' dir='ltr'>illa</span> <span class='ocrx_word' id='word_1_53' title='bbox 199 793 357 873; x_wconf 86' lang='lat' dir='ltr'>sententia,</span> <span class='ocrx_word' id='word_1_54' title='bbox 382 814 456 877; x_wconf 90' lang='lat' dir='ltr'>quae</span> <span class='ocrx_word' id='word_1_55' title='bbox 473 791 587 857; x_wconf 85' lang='lat' dir='ltr'>animae</span> <span class='ocrx_word' id='word_1_56' title='bbox 604 793 750 857; x_wconf 88' lang='lat' dir='ltr'>vinculum</span> <span class='ocrx_word' id='word_1_57' title='bbox 767 813 886 856; x_wconf 87' lang='lat' dir='ltr'>carnem</span> <span class='ocrx_word' id='word_1_58' title='bbox 903 813 970 858; x_wconf 87' lang='lat' dir='ltr'>esse</span> <span class='ocrx_word' id='word_1_59' title='bbox 987 793 1154 873; x_wconf 88' lang='lat' dir='ltr'>deliniebat,</span> <span class='ocrx_word' id='word_1_60' title='bbox 1175 817 1231 858; x_wconf 83' lang='lat' dir='ltr'>iana</span> 
     </span>
    </p>

    <p class='ocr_par' dir='ltr' id='par_1_7' title="bbox 73 893 1231 982">
     <span class='ocr_line' id='line_1_7' title="bbox 73 893 1231 982; baseline 0.002 -25"><span class='ocrx_word' id='word_1_61' title='bbox 73 904 103 957; x_wconf 86' lang='lat' dir='ltr'>et</span> <span class='ocrx_word' id='word_1_62' title='bbox 120 893 191 959; x_wconf 87' lang='lat' dir='ltr'>illud</span> <span class='ocrx_word' id='word_1_63' title='bbox 210 895 371 975; x_wconf 73' lang='lat' dir='ltr'>refellitur,</span> <span class='ocrx_word' id='word_1_64' title='bbox 397 917 504 980; x_wconf 89' lang='lat' dir='ltr'>eorpus</span> <span class='ocrx_word' id='word_1_65' title='bbox 521 895 588 959; x_wconf 88' lang='lat' dir='ltr'>ideo</span> <span class='ocrx_word' id='word_1_66' title='bbox 611 893 729 960; x_wconf 83' lang='lat' dir='ltr'>minime</span> <span class='ocrx_word' id='word_1_67' title='bbox 749 906 1003 974; x_wconf 87' lang='lat' dir='ltr'>resurrecturum,</span> <span class='ocrx_word' id='word_1_68' title='bbox 1028 918 1065 960; x_wconf 90' lang='lat' dir='ltr'>nc</span> <span class='ocrx_word' id='word_1_69' title='bbox 1086 897 1115 961; x_wconf 90' lang='lat' dir='ltr'>iu</span> <span class='ocrx_word' id='word_1_70' title='bbox 1134 897 1231 982; x_wconf 87' lang='lat' dir='ltr'>splen·</span> 
     </span>
    </p>

    <p class='ocr_par' dir='ltr' id='par_1_8' title="bbox 72 996 1231 1084">
     <span class='ocr_line' id='line_1_8' title="bbox 72 996 1231 1084; baseline 0.004 -26"><span class='ocrx_word' id='word_1_71' title='bbox 72 996 141 1059; x_wconf 93' lang='lat' dir='ltr'>dido</span> <span class='ocrx_word' id='word_1_72' title='bbox 158 997 208 1061; x_wconf 93' lang='lat' dir='ltr'>illo</span> <span class='ocrx_word' id='word_1_73' title='bbox 228 1018 339 1082; x_wconf 85' lang='lat' dir='ltr'>regno,</span> <span class='ocrx_word' id='word_1_74' title='bbox 363 998 388 1062; x_wconf 95' lang='lat' dir='ltr'>si</span> <span class='ocrx_word' id='word_1_75' title='bbox 406 998 476 1062; x_wconf 92' lang='lat' dir='ltr'>illud</span> <span class='ocrx_word' id='word_1_76' title='bbox 498 997 713 1084; x_wconf 84' lang='lat' dir='ltr'>receperimus,</span> <span class='ocrx_word' id='word_1_77' title='bbox 738 997 829 1062; x_wconf 88' lang='lat' dir='ltr'>vincti</span> <span class='ocrx_word' id='word_1_78' title='bbox 848 1019 914 1062; x_wconf 86' lang='lat' dir='ltr'>esse</span> <span class='ocrx_word' id='word_1_79' title='bbox 934 998 1100 1062; x_wconf 86' lang='lat' dir='ltr'>videantur.</span> <span class='ocrx_word' id='word_1_80' title='bbox 1147 999 1231 1080; x_wconf 80' lang='lat' dir='ltr'>Quae</span> 
     </span>
    </p>

    <p class='ocr_par' dir='ltr' id='par_1_9' title="bbox 71 1098 1231 1186">
     <span class='ocr_line' id='line_1_9' title="bbox 71 1098 1231 1186; baseline 0.004 -25"><span class='ocrx_word' id='word_1_81' title='bbox 71 1098 170 1177; x_wconf 86' lang='lat' dir='ltr'>enirn,</span> <span class='ocrx_word' id='word_1_82' title='bbox 195 1099 244 1164; x_wconf 87' lang='lat' dir='ltr'>illa</span> <span class='ocrx_word' id='word_1_83' title='bbox 260 1100 387 1178; x_wconf 87' lang='lat' dir='ltr'>sublata,</span> <span class='ocrx_word' id='word_1_84' title='bbox 411 1115 493 1163; x_wconf 90' lang='lat' dir='ltr'>certa</span> <span class='ocrx_word' id='word_1_85' title='bbox 509 1120 543 1162; x_wconf 90' lang='lat' dir='ltr'>ae</span> <span class='ocrx_word' id='word_1_86' title='bbox 560 1111 699 1164; x_wconf 90' lang='lat' dir='ltr'>constans</span> <span class='ocrx_word' id='word_1_87' title='bbox 713 1100 789 1164; x_wconf 90' lang='lat' dir='ltr'>ratio</span> <span class='ocrx_word' id='word_1_88' title='bbox 808 1121 877 1164; x_wconf 85' lang='lat' dir='ltr'>esso</span> <span class='ocrx_word' id='word_1_89' title='bbox 890 1110 998 1186; x_wconf 90' lang='lat' dir='ltr'>potest,</span> <span class='ocrx_word' id='word_1_90' title='bbox 1023 1121 1078 1185; x_wconf 91' lang='lat' dir='ltr'>qna</span> <span class='ocrx_word' id='word_1_91' title='bbox 1097 1101 1124 1163; x_wconf 89' lang='lat' dir='ltr'>id</span> <span class='ocrx_word' id='word_1_92' title='bbox 1142 1122 1231 1186; x_wconf 82' lang='lat' dir='ltr'>aegre</span> 
     </span>
    </p>

    <p class='ocr_par' dir='ltr' id='par_1_10' title="bbox 72 1198 1231 1288">
     <span class='ocr_line' id='line_1_10' title="bbox 72 1198 1231 1288; baseline 0.003 -24"><span class='ocrx_word' id='word_1_93' title='bbox 72 1201 237 1266; x_wconf 79' lang='lat' dir='ltr'>ferentibus</span> <span class='ocrx_word' id='word_1_94' title='bbox 253 1203 422 1288; x_wconf 81' lang='lat' dir='ltr'>persuaderi</span> <span class='ocrx_word' id='word_1_95' title='bbox 437 1201 548 1285; x_wconf 78' lang='lat' dir='ltr'>possiti</span> <span class='ocrx_word' id='word_1_96' title='bbox 592 1198 756 1266; x_wconf 87' lang='lat' dir='ltr'>Clariorem</span> <span class='ocrx_word' id='word_1_97' title='bbox 772 1202 808 1265; x_wconf 93' lang='lat' dir='ltr'>iis</span> <span class='ocrx_word' id='word_1_98' title='bbox 825 1223 899 1286; x_wconf 88' lang='lat' dir='ltr'>quae</span> <span class='ocrx_word' id='word_1_99' title='bbox 915 1213 983 1266; x_wconf 90' lang='lat' dir='ltr'>aute</span> <span class='ocrx_word' id='word_1_100' title='bbox 1003 1216 1231 1268; x_wconf 85' lang='lat' dir='ltr'>corramenaorata</span> 
     </span>
    </p>

    <p class='ocr_par' dir='ltr' id='par_1_11' title="bbox 70 1300 1231 1390">
     <span class='ocr_line' id='line_1_11' title="bbox 70 1300 1231 1390; baseline 0.002 -24"><span class='ocrx_word' id='word_1_101' title='bbox 70 1313 142 1390; x_wconf 80' lang='lat' dir='ltr'>sunt</span> <span class='ocrx_word' id='word_1_102' title='bbox 163 1304 282 1368; x_wconf 79' lang='lat' dir='ltr'>miiaime</span> <span class='ocrx_word' id='word_1_103' title='bbox 308 1303 506 1368; x_wconf 88' lang='lat' dir='ltr'>sustinebunt.</span> <span class='ocrx_word' id='word_1_104' title='bbox 553 1300 663 1368; x_wconf 88' lang='lat' dir='ltr'>Verum</span> <span class='ocrx_word' id='word_1_105' title='bbox 688 1315 796 1389; x_wconf 92' lang='lat' dir='ltr'>quanto</span> <span class='ocrx_word' id='word_1_106' title='bbox 823 1305 877 1368; x_wconf 87' lang='lat' dir='ltr'>hac</span> <span class='ocrx_word' id='word_1_107' title='bbox 902 1305 931 1368; x_wconf 89' lang='lat' dir='ltr'>in</span> <span class='ocrx_word' id='word_1_108' title='bbox 958 1327 990 1368; x_wconf 86' lang='lat' dir='ltr'>re</span> <span class='ocrx_word' id='word_1_109' title='bbox 1012 1306 1231 1370; x_wconf 85' lang='lat' dir='ltr'>coratradieendi</span> 
     </span>
    </p>

    <p class='ocr_par' dir='ltr' id='par_1_12' title="bbox 69 1405 1231 1493">
     <span class='ocr_line' id='line_1_12' title="bbox 69 1405 1231 1493; baseline 0.003 -25"><span class='ocrx_word' id='word_1_110' title='bbox 69 1405 171 1468; x_wconf 88' lang='lat' dir='ltr'>studio</span> <span class='ocrx_word' id='word_1_111' title='bbox 198 1407 348 1486; x_wconf 83' lang='lat' dir='ltr'>derantur,</span> <span class='ocrx_word' id='word_1_112' title='bbox 379 1428 443 1470; x_wconf 90' lang='lat' dir='ltr'>cum</span> <span class='ocrx_word' id='word_1_113' title='bbox 467 1427 506 1470; x_wconf 81' lang='lat' dir='ltr'>ex</span> <span class='ocrx_word' id='word_1_114' title='bbox 528 1405 618 1490; x_wconf 88' lang='lat' dir='ltr'>ipsis,</span> <span class='ocrx_word' id='word_1_115' title='bbox 650 1416 709 1470; x_wconf 90' lang='lat' dir='ltr'>tum</span> <span class='ocrx_word' id='word_1_116' title='bbox 735 1428 775 1470; x_wconf 83' lang='lat' dir='ltr'>ex</span> <span class='ocrx_word' id='word_1_117' title='bbox 795 1408 860 1471; x_wconf 88' lang='lat' dir='ltr'>aliis</span> <span class='ocrx_word' id='word_1_118' title='bbox 884 1407 1013 1493; x_wconf 88' lang='lat' dir='ltr'>pluribus</span> <span class='ocrx_word' id='word_1_119' title='bbox 1036 1409 1231 1472; x_wconf 87' lang='lat' dir='ltr'>demonstrari</span> 
     </span>
    </p>

    <p class='ocr_par' dir='ltr' id='par_1_13' title="bbox 70 1507 1231 1594">
     <span class='ocr_line' id='line_1_13' title="bbox 70 1507 1231 1594; baseline 0.005 -24"><span class='ocrx_word' id='word_1_120' title='bbox 70 1517 184 1590; x_wconf 89' lang='lat' dir='ltr'>potest.</span> <span class='ocrx_word' id='word_1_121' title='bbox 229 1507 308 1572; x_wconf 89' lang='lat' dir='ltr'>Nam</span> <span class='ocrx_word' id='word_1_122' title='bbox 326 1520 428 1592; x_wconf 90' lang='lat' dir='ltr'>postea</span> <span class='ocrx_word' id='word_1_123' title='bbox 443 1509 473 1572; x_wconf 91' lang='lat' dir='ltr'>in</span> <span class='ocrx_word' id='word_1_124' title='bbox 489 1509 554 1594; x_wconf 89' lang='lat' dir='ltr'>ipso</span> <span class='ocrx_word' id='word_1_125' title='bbox 569 1508 712 1572; x_wconf 87' lang='lat' dir='ltr'>orationis</span> <span class='ocrx_word' id='word_1_126' title='bbox 728 1530 888 1594; x_wconf 82' lang='lat' dir='ltr'>progressu</span> <span class='ocrx_word' id='word_1_127' title='bbox 904 1510 1034 1574; x_wconf 86' lang='lat' dir='ltr'>verisne</span> <span class='ocrx_word' id='word_1_128' title='bbox 1051 1511 1231 1576; x_wconf 88' lang='lat' dir='ltr'>naturalibus</span> 
     </span>
    </p>

    <p class='ocr_par' dir='ltr' id='par_1_14' title="bbox 69 1609 1230 1696">
     <span class='ocr_line' id='line_1_14' title="bbox 69 1609 1230 1696; baseline 0.003 -24"><span class='ocrx_word' id='word_1_129' title='bbox 69 1610 249 1689; x_wconf 83' lang='lat' dir='ltr'>rationibus,</span> <span class='ocrx_word' id='word_1_130' title='bbox 275 1633 332 1673; x_wconf 91' lang='lat' dir='ltr'>non</span> <span class='ocrx_word' id='word_1_131' title='bbox 348 1609 486 1674; x_wconf 84' lang='lat' dir='ltr'>inanibus</span> <span class='ocrx_word' id='word_1_132' title='bbox 500 1610 679 1674; x_wconf 89' lang='lat' dir='ltr'>coniecturis</span> <span class='ocrx_word' id='word_1_133' title='bbox 695 1613 894 1691; x_wconf 87' lang='lat' dir='ltr'>ostendemus,</span> <span class='ocrx_word' id='word_1_134' title='bbox 920 1633 1013 1696; x_wconf 89' lang='lat' dir='ltr'>neque</span> <span class='ocrx_word' id='word_1_135' title='bbox 1029 1612 1065 1676; x_wconf 87' lang='lat' dir='ltr'>ab</span> <span class='ocrx_word' id='word_1_136' title='bbox 1079 1611 1230 1677; x_wconf 83' lang='lat' dir='ltr'>Hieremia</span> 
     </span>
    </p>

    <p class='ocr_par' dir='ltr' id='par_1_15' title="bbox 69 1713 1377 1800">
     <span class='ocr_line' id='line_1_15' title="bbox 69 1713 1377 1800; baseline 0.001 -25"><span class='ocrx_word' id='word_1_137' title='bbox 69 1735 126 1775; x_wconf 88' lang='lat' dir='ltr'>nos</span> <span class='ocrx_word' id='word_1_138' title='bbox 139 1717 249 1774; x_wconf 70' lang='lat' dir='ltr'>ornatos</span> <span class='ocrx_word' id='word_1_139' title='bbox 261 1725 355 1776; x_wconf 76' lang='lat' dir='ltr'>terroe</span> <span class='ocrx_word' id='word_1_140' title='bbox 370 1725 490 1799; x_wconf 88' lang='lat' dir='ltr'>propter</span> <span class='ocrx_word' id='word_1_141' title='bbox 499 1713 733 1776; x_wconf 86' lang='lat' dir='ltr'>communionem</span> <span class='ocrx_word' id='word_1_142' title='bbox 750 1733 816 1778; x_wconf 87' lang='lat' dir='ltr'>cum</span> <span class='ocrx_word' id='word_1_143' title='bbox 832 1735 956 1800; x_wconf 89' lang='lat' dir='ltr'>corpore</span> <span class='ocrx_word' id='word_1_144' title='bbox 970 1714 1136 1782; x_wconf 89' lang='lat' dir='ltr'>nominatos</span> <span class='ocrx_word' id='word_1_145' title='bbox 1149 1736 1228 1797; x_wconf 87' lang='lat' dir='ltr'>esse,</span> <span class='ocrx_word' id='word_1_146' title='bbox 1244 1731 1330 1790; x_wconf 71' lang='lat' dir='ltr'>&#39;rhea</span> <span class='ocrx_word' id='word_1_147' title='bbox 1343 1733 1377 1781; x_wconf 81' lang='lat' dir='ltr'>tt.</span> 
     </span>
    </p>

    <p class='ocr_par' dir='ltr' id='par_1_16' title="bbox 68 1813 1372 1903">
     <span class='ocr_line' id='line_1_16' title="bbox 68 1813 1372 1903; baseline 0.001 -25"><span class='ocrx_word' id='word_1_148' title='bbox 68 1836 168 1898; x_wconf 88' lang='lat' dir='ltr'>neque</span> <span class='ocrx_word' id='word_1_149' title='bbox 186 1813 332 1879; x_wconf 84' lang='lat' dir='ltr'>llaridcm</span> <span class='ocrx_word' id='word_1_150' title='bbox 351 1829 505 1900; x_wconf 88' lang='lat' dir='ltr'>propterea</span> <span class='ocrx_word' id='word_1_151' title='bbox 522 1819 689 1896; x_wconf 77' lang='lat' dir='ltr'>compeditos</span> <span class='ocrx_word' id='word_1_152' title='bbox 705 1816 864 1901; x_wconf 88' lang='lat' dir='ltr'>appellare.</span> <span class='ocrx_word' id='word_1_153' title='bbox 909 1815 993 1880; x_wconf 87' lang='lat' dir='ltr'>llaec</span> <span class='ocrx_word' id='word_1_154' title='bbox 1013 1817 1090 1880; x_wconf 87' lang='lat' dir='ltr'>enim</span> <span class='ocrx_word' id='word_1_155' title='bbox 1113 1819 1228 1903; x_wconf 91' lang='lat' dir='ltr'>potissi·</span> <span class='ocrx_word' id='word_1_156' title='bbox 1242 1836 1281 1883; x_wconf 70' lang='lat' dir='ltr'>ru.</span> <span class='ocrx_word' id='word_1_157' title='bbox 1292 1838 1337 1894; x_wconf 82' lang='grc' dir='ltr'><strong>ιιι,</strong></span> <span class='ocrx_word' id='word_1_158' title='bbox 1350 1837 1372 1880; x_wconf 86' lang='grc' dir='ltr'>ι.</span> 
     </span>
    </p>

    <p class='ocr_par' dir='ltr' id='par_1_17' title="bbox 67 1917 1231 2002">
     <span class='ocr_line' id='line_1_17' title="bbox 67 1917 1231 2002; baseline 0.005 -23"><span class='ocrx_word' id='word_1_159' title='bbox 67 1939 148 1979; x_wconf 88' lang='lat' dir='ltr'>mum</span> <span class='ocrx_word' id='word_1_160' title='bbox 166 1919 420 1982; x_wconf 88' lang='lat' dir='ltr'>commemoranda</span> <span class='ocrx_word' id='word_1_161' title='bbox 437 1930 505 1981; x_wconf 91' lang='lat' dir='ltr'>sunt</span> <span class='ocrx_word' id='word_1_162' title='bbox 522 1918 550 1980; x_wconf 92' lang='lat' dir='ltr'>iu</span> <span class='ocrx_word' id='word_1_163' title='bbox 572 1917 676 2002; x_wconf 87' lang='lat' dir='ltr'>quibus</span> <span class='ocrx_word' id='word_1_164' title='bbox 694 1920 821 1983; x_wconf 84' lang='lat' dir='ltr'>maxime</span> <span class='ocrx_word' id='word_1_165' title='bbox 841 1941 858 1982; x_wconf 92' lang='lat' dir='ltr'>a</span> <span class='ocrx_word' id='word_1_166' title='bbox 876 1920 1002 1984; x_wconf 86' lang='lat' dir='ltr'>veritate</span> <span class='ocrx_word' id='word_1_167' title='bbox 1021 1919 1170 1984; x_wconf 81' lang='lat' dir='ltr'>excidisse</span> <span class='ocrx_word' id='word_1_168' title='bbox 1187 1921 1231 1984; x_wconf 88' lang='lat' dir='ltr'>vi·</span> 
     </span>
    </p>

    <p class='ocr_par' dir='ltr' id='par_1_18' title="bbox 68 2017 1231 2107">
     <span class='ocr_line' id='line_1_18' title="bbox 68 2017 1231 2107; baseline 0.003 -25"><span class='ocrx_word' id='word_1_169' title='bbox 68 2021 191 2082; x_wconf 86' lang='lat' dir='ltr'>dentur.</span> <span class='ocrx_word' id='word_1_170' title='bbox 227 2017 273 2083; x_wconf 85' lang='lat' dir='ltr'>lle</span> <span class='ocrx_word' id='word_1_171' title='bbox 288 2020 418 2104; x_wconf 85' lang='lat' dir='ltr'>pelliceis</span> <span class='ocrx_word' id='word_1_172' title='bbox 434 2021 530 2105; x_wconf 88' lang='lat' dir='ltr'>itaque</span> <span class='ocrx_word' id='word_1_173' title='bbox 547 2021 666 2099; x_wconf 87' lang='lat' dir='ltr'>tunicis,</span> <span class='ocrx_word' id='word_1_174' title='bbox 690 2031 779 2105; x_wconf 89' lang='lat' dir='ltr'>utque</span> <span class='ocrx_word' id='word_1_175' title='bbox 797 2022 962 2107; x_wconf 88' lang='lat' dir='ltr'>priusquam</span> <span class='ocrx_word' id='word_1_176' title='bbox 980 2043 1033 2086; x_wconf 89' lang='lat' dir='ltr'>eae</span> <span class='ocrx_word' id='word_1_177' title='bbox 1050 2024 1231 2086; x_wconf 87' lang='lat' dir='ltr'>conticeren-</span> 
     </span>
    </p>

    <p class='ocr_par' dir='ltr' id='par_1_19' title="bbox 68 2121 1231 2207">
     <span class='ocr_line' id='line_1_19' title="bbox 68 2121 1231 2207; baseline 0.004 -24"><span class='ocrx_word' id='word_1_178' title='bbox 68 2133 119 2184; x_wconf 88' lang='lat' dir='ltr'>tur</span> <span class='ocrx_word' id='word_1_179' title='bbox 142 2143 270 2207; x_wconf 87' lang='lat' dir='ltr'>corpore</span> <span class='ocrx_word' id='word_1_180' title='bbox 290 2121 412 2207; x_wconf 90' lang='lat' dir='ltr'>praediti</span> <span class='ocrx_word' id='word_1_181' title='bbox 434 2121 519 2207; x_wconf 89' lang='lat' dir='ltr'>primi</span> <span class='ocrx_word' id='word_1_182' title='bbox 536 2124 629 2186; x_wconf 90' lang='lat' dir='ltr'>nostri</span> <span class='ocrx_word' id='word_1_183' title='bbox 655 2134 792 2207; x_wconf 88' lang='lat' dir='ltr'>parentes</span> <span class='ocrx_word' id='word_1_184' title='bbox 814 2125 986 2203; x_wconf 69' lang='lat' dir='ltr'>extiterint,</span> <span class='ocrx_word' id='word_1_185' title='bbox 1011 2135 1041 2188; x_wconf 91' lang='lat' dir='ltr'>et</span> <span class='ocrx_word' id='word_1_186' title='bbox 1060 2124 1231 2190; x_wconf 87' lang='lat' dir='ltr'>immortali-</span> 
     </span>
    </p>

    <p class='ocr_par' dir='ltr' id='par_1_20' title="bbox 67 2223 1229 2314">
     <span class='ocr_line' id='line_1_20' title="bbox 67 2223 1229 2314; baseline 0.005 -28"><span class='ocrx_word' id='word_1_187' title='bbox 67 2223 141 2286; x_wconf 88' lang='lat' dir='ltr'>tatis</span> <span class='ocrx_word' id='word_1_188' title='bbox 159 2234 330 2309; x_wconf 87' lang='lat' dir='ltr'>compotes,</span> <span class='ocrx_word' id='word_1_189' title='bbox 356 2235 415 2288; x_wconf 89' lang='lat' dir='ltr'>tum</span> <span class='ocrx_word' id='word_1_190' title='bbox 433 2245 555 2290; x_wconf 81' lang='lat' dir='ltr'>nervum</span> <span class='ocrx_word' id='word_1_191' title='bbox 577 2236 607 2288; x_wconf 90' lang='lat' dir='ltr'>et</span> <span class='ocrx_word' id='word_1_192' title='bbox 625 2246 775 2289; x_wconf 87' lang='lat' dir='ltr'>carcerem</span> <span class='ocrx_word' id='word_1_193' title='bbox 797 2225 897 2290; x_wconf 86' lang='lat' dir='ltr'>haberi</span> <span class='ocrx_word' id='word_1_194' title='bbox 918 2247 976 2290; x_wconf 95' lang='lat' dir='ltr'>non</span> <span class='ocrx_word' id='word_1_195' title='bbox 1000 2248 1087 2312; x_wconf 91' lang='lat' dir='ltr'>posse</span> <span class='ocrx_word' id='word_1_196' title='bbox 1110 2249 1229 2314; x_wconf 87' lang='lat' dir='ltr'>corpus,</span> 
     </span>
    </p>

    <p class='ocr_par' dir='ltr' id='par_1_21' title="bbox 68 2325 1231 2412">
     <span class='ocr_line' id='line_1_21' title="bbox 68 2325 1231 2412; baseline 0.003 -24"><span class='ocrx_word' id='word_1_197' title='bbox 68 2325 121 2388; x_wconf 86' lang='lat' dir='ltr'>ubi</span> <span class='ocrx_word' id='word_1_198' title='bbox 139 2338 278 2409; x_wconf 84' lang='lat' dir='ltr'>quantum</span> <span class='ocrx_word' id='word_1_199' title='bbox 298 2347 422 2390; x_wconf 85' lang='lat' dir='ltr'>neeesse</span> <span class='ocrx_word' id='word_1_200' title='bbox 441 2337 487 2390; x_wconf 88' lang='lat' dir='ltr'>est</span> <span class='ocrx_word' id='word_1_201' title='bbox 506 2328 712 2412; x_wconf 87' lang='lat' dir='ltr'>disputavero,</span> <span class='ocrx_word' id='word_1_202' title='bbox 736 2328 847 2392; x_wconf 85' lang='lat' dir='ltr'>iudices</span> <span class='ocrx_word' id='word_1_203' title='bbox 871 2332 938 2411; x_wconf 86' lang='lat' dir='ltr'>(vos</span> <span class='ocrx_word' id='word_1_204' title='bbox 960 2328 1036 2392; x_wconf 83' lang='lat' dir='ltr'>eninr</span> <span class='ocrx_word' id='word_1_205' title='bbox 1060 2351 1231 2394; x_wconf 87' lang='lat' dir='ltr'>sermonum</span> 
     </span>
    </p>

    <p class='ocr_par' dir='ltr' id='par_1_22' title="bbox 67 2427 1228 2517">
     <span class='ocr_line' id='line_1_22' title="bbox 67 2427 1228 2517; baseline 0.005 -27"><span class='ocrx_word' id='word_1_206' title='bbox 67 2437 244 2492; x_wconf 87' lang='lat' dir='ltr'>nostrorum</span> <span class='ocrx_word' id='word_1_207' title='bbox 265 2427 396 2507; x_wconf 86' lang='lat' dir='ltr'>iudices,</span> <span class='ocrx_word' id='word_1_208' title='bbox 422 2439 506 2512; x_wconf 90' lang='lat' dir='ltr'>teque</span> <span class='ocrx_word' id='word_1_209' title='bbox 530 2429 679 2515; x_wconf 88' lang='lat' dir='ltr'>inprimis,</span> <span class='ocrx_word' id='word_1_210' title='bbox 705 2431 812 2515; x_wconf 90' lang='lat' dir='ltr'>optime</span> <span class='ocrx_word' id='word_1_211' title='bbox 830 2430 1013 2517; x_wconf 83' lang='lat' dir='ltr'>Theophile,</span> <span class='ocrx_word' id='word_1_212' title='bbox 1045 2432 1228 2517; x_wconf 87' lang='lat' dir='ltr'>pronuntio),</span> 
     </span>
    </p>

    <p class='ocr_par' dir='ltr' id='par_1_23' title="bbox 67 2531 1229 2618">
     <span class='ocr_line' id='line_1_23' title="bbox 67 2531 1229 2618; baseline 0.002 -24"><span class='ocrx_word' id='word_1_213' title='bbox 67 2531 105 2594; x_wconf 88' lang='lat' dir='ltr'>ad</span> <span class='ocrx_word' id='word_1_214' title='bbox 125 2551 162 2594; x_wconf 84' lang='lat' dir='ltr'>ea</span> <span class='ocrx_word' id='word_1_215' title='bbox 186 2551 261 2614; x_wconf 89' lang='lat' dir='ltr'>qnae</span> <span class='ocrx_word' id='word_1_216' title='bbox 284 2531 434 2616; x_wconf 84' lang='lat' dir='ltr'>proposito</span> <span class='ocrx_word' id='word_1_217' title='bbox 455 2543 557 2596; x_wconf 90' lang='lat' dir='ltr'>nostro</span> <span class='ocrx_word' id='word_1_218' title='bbox 574 2543 772 2596; x_wconf 87' lang='lat' dir='ltr'>consentanea</span> <span class='ocrx_word' id='word_1_219' title='bbox 795 2544 862 2598; x_wconf 89' lang='lat' dir='ltr'>sunt</span> <span class='ocrx_word' id='word_1_220' title='bbox 884 2545 914 2606; x_wconf 87' lang='lat' dir='ltr'>et</span> <span class='ocrx_word' id='word_1_221' title='bbox 938 2534 1147 2618; x_wconf 85' lang='lat' dir='ltr'>consequentia</span> <span class='ocrx_word' id='word_1_222' title='bbox 1169 2554 1229 2613; x_wconf 89' lang='lat' dir='ltr'>me,</span> 
     </span>
    </p>

    <p class='ocr_par' dir='ltr' id='par_1_24' title="bbox 66 2633 1229 2728">
     <span class='ocr_line' id='line_1_24' title="bbox 66 2633 1229 2728; baseline 0.003 -32"><span class='ocrx_word' id='word_1_223' title='bbox 66 2643 101 2696; x_wconf 89' lang='lat' dir='ltr'>ut</span> <span class='ocrx_word' id='word_1_224' title='bbox 128 2633 275 2724; x_wconf 74' lang='lat' dir='ltr'>pollicitus</span> <span class='ocrx_word' id='word_1_225' title='bbox 293 2653 376 2715; x_wconf 87' lang='lat' dir='ltr'>sum,</span> <span class='ocrx_word' id='word_1_226' title='bbox 400 2635 568 2716; x_wconf 83' lang='lat' dir='ltr'>conteram,</span> <span class='ocrx_word' id='word_1_227' title='bbox 593 2645 625 2702; x_wconf 88' lang='lat' dir='ltr'>ut</span> <span class='ocrx_word' id='word_1_228' title='bbox 644 2635 671 2698; x_wconf 94' lang='lat' dir='ltr'>id</span> <span class='ocrx_word' id='word_1_229' title='bbox 695 2636 771 2720; x_wconf 88' lang='lat' dir='ltr'>quud</span> <span class='ocrx_word' id='word_1_230' title='bbox 794 2635 929 2702; x_wconf 85' lang='lat' dir='ltr'>volumus</span> <span class='ocrx_word' id='word_1_231' title='bbox 952 2636 1060 2702; x_wconf 88' lang='lat' dir='ltr'>clarius</span> <span class='ocrx_word' id='word_1_232' title='bbox 1082 2636 1229 2728; x_wconf 79' lang='lat' dir='ltr'>inspicere</span> 
     </span>
    </p>

    <p class='ocr_par' dir='ltr' id='par_1_25' title="bbox 65 2737 1351 2923">
     <span class='ocr_line' id='line_1_25' title="bbox 65 2737 1315 2838; baseline 0.002 -40"><span class='ocrx_word' id='word_1_233' title='bbox 65 2737 232 2818; x_wconf 82' lang='lat' dir='ltr'>possimus.</span> <span class='ocrx_word' id='word_1_234' title='bbox 1283 2788 1315 2838; x_wconf 77' lang='lat' dir='ltr'>Ca</span> 
     </span>
     <span class='ocr_line' id='line_1_26' title="bbox 156 2805 1351 2923; baseline 0.004 -21"><span class='ocrx_word' id='word_1_235' title='bbox 156 2835 318 2923; x_wconf 84' lang='lat' dir='ltr'>Postquam</span> <span class='ocrx_word' id='word_1_236' title='bbox 338 2837 450 2902; x_wconf 83' lang='lat' dir='ltr'>artilex</span> <span class='ocrx_word' id='word_1_237' title='bbox 466 2861 562 2903; x_wconf 86' lang='lat' dir='ltr'>rerum</span> <span class='ocrx_word' id='word_1_238' title='bbox 580 2840 707 2906; x_wconf 78' lang='lat' dir='ltr'>oninium</span> <span class='ocrx_word' id='word_1_239' title='bbox 729 2840 800 2904; x_wconf 86' lang='lat' dir='ltr'>deus</span> <span class='ocrx_word' id='word_1_240' title='bbox 819 2850 908 2904; x_wconf 83' lang='lat' dir='ltr'>totana</span> <span class='ocrx_word' id='word_1_241' title='bbox 929 2841 1004 2906; x_wconf 89' lang='lat' dir='ltr'>hano</span> <span class='ocrx_word' id='word_1_242' title='bbox 1027 2839 1228 2912; x_wconf 81' lang='lat' dir='ltr'>universitatis</span> <span class='ocrx_word' id='word_1_243' title='bbox 1263 2805 1351 2907; x_wconf 78' lang='lat' dir='ltr'>xx&#39;i.</span> 
     </span>
    </p>

    <p class='ocr_par' dir='ltr' id='par_1_26' title="bbox 67 2923 1369 3029">
     <span class='ocr_line' id='line_1_27' title="bbox 67 2923 1369 3029; baseline 0.002 -25"><span class='ocrx_word' id='word_1_244' title='bbox 67 2941 255 3021; x_wconf 84' lang='lat' dir='ltr'>machinam,</span> <span class='ocrx_word' id='word_1_245' title='bbox 281 2942 362 3006; x_wconf 88' lang='lat' dir='ltr'>velut</span> <span class='ocrx_word' id='word_1_246' title='bbox 376 2942 525 3025; x_wconf 83' lang='lat' dir='ltr'>ingentem</span> <span class='ocrx_word' id='word_1_247' title='bbox 541 2941 666 3026; x_wconf 88' lang='lat' dir='ltr'>aliquam</span> <span class='ocrx_word' id='word_1_248' title='bbox 683 2943 851 3022; x_wconf 81' lang='lat' dir='ltr'>civitatem,</span> <span class='ocrx_word' id='word_1_249' title='bbox 875 2944 1026 3029; x_wconf 89' lang='lat' dir='ltr'>praeclaro</span> <span class='ocrx_word' id='word_1_250' title='bbox 1042 2945 1145 3008; x_wconf 90' lang='lat' dir='ltr'>ordine</span> <span class='ocrx_word' id='word_1_251' title='bbox 1160 2965 1230 3007; x_wconf 88' lang='lat' dir='ltr'>ocu·</span> <span class='ocrx_word' id='word_1_252' title='bbox 1249 2923 1369 2993; x_wconf 61' lang='grc' dir='ltr'>(Μ’)</span> 
     </span>
    </p>

    <p class='ocr_par' dir='ltr' id='par_1_27' title="bbox 66 3043 1332 3132">
     <span class='ocr_line' id='line_1_28' title="bbox 66 3043 1332 3132; baseline 0 -24"><span class='ocrx_word' id='word_1_253' title='bbox 66 3044 143 3108; x_wconf 88' lang='lat' dir='ltr'>didit</span> <span class='ocrx_word' id='word_1_254' title='bbox 158 3067 197 3108; x_wconf 89' lang='lat' dir='ltr'>ac</span> <span class='ocrx_word' id='word_1_255' title='bbox 210 3044 293 3108; x_wconf 86' lang='lat' dir='ltr'>vocis</span> <span class='ocrx_word' id='word_1_256' title='bbox 307 3043 429 3129; x_wconf 89' lang='lat' dir='ltr'>imperio</span> <span class='ocrx_word' id='word_1_257' title='bbox 447 3043 609 3124; x_wconf 91' lang='lat' dir='ltr'>constituit,</span> <span class='ocrx_word' id='word_1_258' title='bbox 620 3045 663 3110; x_wconf 79' lang='lat' dir='ltr'>‚in</span> <span class='ocrx_word' id='word_1_259' title='bbox 678 3065 772 3130; x_wconf 91' lang='lat' dir='ltr'>eoque</span> <span class='ocrx_word' id='word_1_260' title='bbox 787 3045 932 3109; x_wconf 88' lang='lat' dir='ltr'>elementa</span> <span class='ocrx_word' id='word_1_261' title='bbox 946 3046 1061 3132; x_wconf 79' lang='lat' dir='ltr'>singula</span> <span class='ocrx_word' id='word_1_262' title='bbox 1077 3046 1227 3132; x_wconf 87' lang='lat' dir='ltr'>aptissime</span> <span class='ocrx_word' id='word_1_263' title='bbox 1241 3055 1299 3102; x_wconf 74' lang='lat' dir='ltr'>aaa.</span> <span class='ocrx_word' id='word_1_264' title='bbox 1313 3057 1332 3102; x_wconf 92' lang='lat'>1.</span> 
     </span>
    </p>

    <p class='ocr_par' dir='ltr' id='par_1_28' title="bbox 67 3145 1230 3234">
     <span class='ocr_line' id='line_1_29' title="bbox 67 3145 1230 3234; baseline 0.003 -23"><span class='ocrx_word' id='word_1_265' title='bbox 67 3145 257 3234; x_wconf 88' lang='lat' dir='ltr'>composuit,</span> <span class='ocrx_word' id='word_1_266' title='bbox 282 3168 315 3210; x_wconf 89' lang='lat' dir='ltr'>ac</span> <span class='ocrx_word' id='word_1_267' title='bbox 332 3147 423 3210; x_wconf 87' lang='lat' dir='ltr'>variis</span> <span class='ocrx_word' id='word_1_268' title='bbox 442 3147 631 3210; x_wconf 87' lang='lat' dir='ltr'>animantium</span> <span class='ocrx_word' id='word_1_269' title='bbox 647 3148 806 3231; x_wconf 84' lang='lat' dir='ltr'>generibus</span> <span class='ocrx_word' id='word_1_270' title='bbox 824 3149 982 3234; x_wconf 82' lang='lat' dir='ltr'>complevit</span> <span class='ocrx_word' id='word_1_271' title='bbox 997 3149 1110 3226; x_wconf 90' lang='lat' dir='ltr'>omnia,</span> <span class='ocrx_word' id='word_1_272' title='bbox 1136 3160 1167 3212; x_wconf 93' lang='lat' dir='ltr'>ut</span> <span class='ocrx_word' id='word_1_273' title='bbox 1183 3149 1230 3214; x_wconf 83' lang='lat' dir='ltr'>laic</span> 
     </span>
    </p>

    <p class='ocr_par' dir='ltr' id='par_1_29' title="bbox 66 3249 1229 3335">
     <span class='ocr_line' id='line_1_30' title="bbox 66 3249 1229 3335; baseline 0 -21"><span class='ocrx_word' id='word_1_274' title='bbox 66 3251 201 3314; x_wconf 87' lang='lat' dir='ltr'>muudus</span> <span class='ocrx_word' id='word_1_275' title='bbox 223 3251 353 3335; x_wconf 84' lang='lat' dir='ltr'>perlecta</span> <span class='ocrx_word' id='word_1_276' title='bbox 377 3249 412 3312; x_wconf 90' lang='lat' dir='ltr'>ad</span> <span class='ocrx_word' id='word_1_277' title='bbox 435 3269 550 3312; x_wconf 88' lang='lat' dir='ltr'>omnem</span> <span class='ocrx_word' id='word_1_278' title='bbox 571 3249 810 3334; x_wconf 89' lang='lat' dir='ltr'>pulchritudinem</span> <span class='ocrx_word' id='word_1_279' title='bbox 830 3253 1029 3330; x_wconf 87' lang='lat' dir='ltr'>adolesceret,</span> <span class='ocrx_word' id='word_1_280' title='bbox 1053 3273 1118 3314; x_wconf 88' lang='lat' dir='ltr'>cnm</span> <span class='ocrx_word' id='word_1_281' title='bbox 1140 3252 1169 3314; x_wconf 93' lang='lat' dir='ltr'>in</span> <span class='ocrx_word' id='word_1_282' title='bbox 1193 3272 1229 3314; x_wconf 90' lang='lat' dir='ltr'>eo</span> 
     </span>
    </p>

    <p class='ocr_par' dir='ltr' id='par_1_30' title="bbox 65 3351 1230 3440">
     <span class='ocr_line' id='line_1_31' title="bbox 65 3351 1230 3440; baseline 0 -24"><span class='ocrx_word' id='word_1_283' title='bbox 65 3353 255 3416; x_wconf 90' lang='lat' dir='ltr'>omnimodas</span> <span class='ocrx_word' id='word_1_284' title='bbox 274 3363 396 3415; x_wconf 85' lang='lat' dir='ltr'>naturae</span> <span class='ocrx_word' id='word_1_285' title='bbox 418 3351 527 3416; x_wconf 87' lang='lat' dir='ltr'>lormas</span> <span class='ocrx_word' id='word_1_286' title='bbox 545 3351 628 3415; x_wconf 86' lang='lat' dir='ltr'>vivas</span> <span class='ocrx_word' id='word_1_287' title='bbox 645 3351 844 3438; x_wconf 88' lang='lat' dir='ltr'>auimatasque</span> <span class='ocrx_word' id='word_1_288' title='bbox 861 3364 1064 3440; x_wconf 88' lang='lat' dir='ltr'>procreasset,</span> <span class='ocrx_word' id='word_1_289' title='bbox 1089 3363 1176 3438; x_wconf 90' lang='lat' dir='ltr'>atque</span> <span class='ocrx_word' id='word_1_290' title='bbox 1199 3363 1230 3416; x_wconf 87' lang='lat' dir='ltr'>et</span> 
     </span>
    </p>

    <p class='ocr_par' dir='ltr' id='par_1_31' title="bbox 63 3453 1227 3542">
     <span class='ocr_line' id='line_1_32' title="bbox 63 3453 1227 3542; baseline -0.001 -23"><span class='ocrx_word' id='word_1_291' title='bbox 63 3455 96 3519; x_wconf 92' lang='lat' dir='ltr'>in</span> <span class='ocrx_word' id='word_1_292' title='bbox 115 3456 205 3519; x_wconf 89' lang='lat' dir='ltr'>coelo</span> <span class='ocrx_word' id='word_1_293' title='bbox 221 3455 336 3533; x_wconf 87' lang='lat' dir='ltr'>sidera,</span> <span class='ocrx_word' id='word_1_294' title='bbox 359 3453 436 3518; x_wconf 86' lang='lat' dir='ltr'>etin</span> <span class='ocrx_word' id='word_1_295' title='bbox 454 3462 523 3518; x_wconf 71' lang='lat' dir='ltr'>aire</span> <span class='ocrx_word' id='word_1_296' title='bbox 541 3453 696 3536; x_wconf 83' lang='lat' dir='ltr'>volucres,</span> <span class='ocrx_word' id='word_1_297' title='bbox 720 3467 751 3519; x_wconf 92' lang='lat' dir='ltr'>et</span> <span class='ocrx_word' id='word_1_298' title='bbox 766 3457 794 3520; x_wconf 93' lang='lat' dir='ltr'>in</span> <span class='ocrx_word' id='word_1_299' title='bbox 815 3467 893 3520; x_wconf 91' lang='lat' dir='ltr'>terra</span> <span class='ocrx_word' id='word_1_300' title='bbox 912 3457 1128 3542; x_wconf 89' lang='lat' dir='ltr'>quadrupedes,</span> <span class='ocrx_word' id='word_1_301' title='bbox 1153 3466 1183 3518; x_wconf 91' lang='lat' dir='ltr'>et</span> <span class='ocrx_word' id='word_1_302' title='bbox 1197 3454 1227 3518; x_wconf 92' lang='lat' dir='ltr'>in</span> 
     </span>
    </p>

    <p class='ocr_par' dir='ltr' id='par_1_32' title="bbox 64 3556 1226 3643">
     <span class='ocr_line' id='line_1_33' title="bbox 64 3556 1226 3643; baseline -0.003 -21"><span class='ocrx_word' id='word_1_303' title='bbox 64 3559 153 3643; x_wconf 89' lang='lat' dir='ltr'>aquis</span> <span class='ocrx_word' id='word_1_304' title='bbox 172 3556 305 3624; x_wconf 79' lang='lat' dir='ltr'>natamia</span> <span class='ocrx_word' id='word_1_305' title='bbox 320 3557 512 3637; x_wconf 86' lang='lat' dir='ltr'>collocasset,</span> <span class='ocrx_word' id='word_1_306' title='bbox 537 3567 715 3642; x_wconf 89' lang='lat' dir='ltr'>postremum</span> <span class='ocrx_word' id='word_1_307' title='bbox 736 3560 862 3623; x_wconf 81' lang='lat' dir='ltr'>amatium</span> <span class='ocrx_word' id='word_1_308' title='bbox 886 3559 1049 3637; x_wconf 86' lang='lat' dir='ltr'>hominem,</span> <span class='ocrx_word' id='word_1_309' title='bbox 1074 3558 1120 3622; x_wconf 90' lang='lat' dir='ltr'>oui</span> <span class='ocrx_word' id='word_1_310' title='bbox 1137 3568 1226 3620; x_wconf 88' lang='lat' dir='ltr'>totum</span> 
     </span>
    </p>

    <p class='ocr_par' dir='ltr' id='par_1_33' title="bbox 63 3660 1227 3747">
     <span class='ocr_line' id='line_1_34' title="bbox 63 3660 1227 3747; baseline 0 -23"><span class='ocrx_word' id='word_1_311' title='bbox 63 3661 147 3726; x_wconf 86' lang='lat' dir='ltr'>hunc</span> <span class='ocrx_word' id='word_1_312' title='bbox 172 3661 310 3726; x_wconf 87' lang='lat' dir='ltr'>mundum</span> <span class='ocrx_word' id='word_1_313' title='bbox 334 3661 415 3726; x_wconf 87' lang='lat' dir='ltr'>velut</span> <span class='ocrx_word' id='word_1_314' title='bbox 438 3660 587 3744; x_wconf 78' lang='lat' dir='ltr'>egregium</span> <span class='ocrx_word' id='word_1_315' title='bbox 612 3661 754 3743; x_wconf 87' lang='lat' dir='ltr'>quoddam</span> <span class='ocrx_word' id='word_1_316' title='bbox 779 3662 957 3746; x_wconf 82' lang='lat' dir='ltr'>praetorium</span> <span class='ocrx_word' id='word_1_317' title='bbox 979 3671 1153 3747; x_wconf 81' lang='lat' dir='ltr'>paraverat,</span> <span class='ocrx_word' id='word_1_318' title='bbox 1183 3661 1227 3724; x_wconf 88' lang='lat' dir='ltr'>sic</span> 
     </span>
    </p>

    <p class='ocr_par' dir='ltr' id='par_1_34' title="bbox 64 3763 1226 3850">
     <span class='ocr_line' id='line_1_35' title="bbox 64 3763 1226 3850; baseline -0.004 -20"><span class='ocrx_word' id='word_1_319' title='bbox 64 3779 212 3850; x_wconf 86' lang='lat' dir='ltr'>tanquam</span> <span class='ocrx_word' id='word_1_320' title='bbox 229 3763 417 3828; x_wconf 86' lang='lat' dir='ltr'>simulacrum</span> <span class='ocrx_word' id='word_1_321' title='bbox 441 3764 583 3848; x_wconf 91' lang='lat' dir='ltr'>quoddam</span> <span class='ocrx_word' id='word_1_322' title='bbox 607 3763 642 3826; x_wconf 90' lang='lat' dir='ltr'>ad</span> <span class='ocrx_word' id='word_1_323' title='bbox 666 3763 713 3826; x_wconf 92' lang='lat' dir='ltr'>sui</span> <span class='ocrx_word' id='word_1_324' title='bbox 732 3765 854 3849; x_wconf 84' lang='lat' dir='ltr'>effigiem</span> <span class='ocrx_word' id='word_1_325' title='bbox 876 3785 1048 3850; x_wconf 80' lang='lat' dir='ltr'>expressum</span> <span class='ocrx_word' id='word_1_326' title='bbox 1071 3763 1101 3826; x_wconf 90' lang='lat' dir='ltr'>in</span> <span class='ocrx_word' id='word_1_327' title='bbox 1125 3763 1226 3826; x_wconf 89' lang='lat' dir='ltr'>orbern</span> 
     </span>
    </p>
   </div>
   <div class='ocr_carea' id='block_1_3' title="bbox 59 3949 1227 4568">
    <p class='ocr_par' dir='ltr' id='par_1_35' title="bbox 59 3949 1227 4568">
     <span class='ocr_line' id='line_1_36' title="bbox 61 3949 1039 4038; baseline -0.005 -31"><span class='ocrx_word' id='word_1_328' title='bbox 61 3963 120 4007; x_wconf 81' lang='lat' dir='ltr'>ruat</span> <span class='ocrx_word' id='word_1_329' title='bbox 135 3957 223 4018; x_wconf 70' lang='lat' dir='ltr'>scripu</span> <span class='ocrx_word' id='word_1_330' title='bbox 238 3954 378 4014; x_wconf 79' lang='lat' dir='ltr'>eoemptorta</span> <span class='ocrx_word' id='word_1_331' title='bbox 400 3953 488 4016; x_wconf 79' lang='lat' dir='ltr'>eliquat</span> <span class='ocrx_word' id='word_1_332' title='bbox 509 3953 572 4014; x_wconf 77' lang='lat' dir='ltr'>sottts</span> <span class='ocrx_word' id='word_1_333' title='bbox 587 3964 635 4000; x_wconf 83' lang='lat' dir='ltr'>ane-</span> <span class='ocrx_word' id='word_1_334' title='bbox 706 3949 744 4003; x_wconf 85' lang='grc'>16.</span> <span class='ocrx_word' id='word_1_335' title='bbox 761 3950 877 4038; x_wconf 64' lang='grc' dir='ltr'><strong>ἱηριμῑαν</strong></span> <span class='ocrx_word' id='word_1_336' title='bbox 894 3953 944 4003; x_wconf 89' lang='lat' dir='ltr'>cod.</span> <span class='ocrx_word' id='word_1_337' title='bbox 964 3955 1039 4003; x_wconf 73' lang='lat' dir='ltr'>Venit.</span> 
     </span>
     <span class='ocr_line' id='line_1_37' title="bbox 61 4017 1004 4085; baseline -0.005 -10"><span class='ocrx_word' id='word_1_338' title='bbox 61 4025 147 4074; x_wconf 69' lang='lat' dir='ltr'>&amp;torn</span> <span class='ocrx_word' id='word_1_339' title='bbox 164 4024 244 4074; x_wconf 83' lang='lat' dir='ltr'>attulit</span> <span class='ocrx_word' id='word_1_340' title='bbox 259 4022 332 4070; x_wconf 78' lang='lat' dir='ltr'>codex</span> <span class='ocrx_word' id='word_1_341' title='bbox 351 4023 462 4080; x_wconf 78' lang='lat' dir='ltr'>Venetus,</span> <span class='ocrx_word' id='word_1_342' title='bbox 486 4023 511 4070; x_wconf 84' lang='lat' dir='ltr'>tn</span> <span class='ocrx_word' id='word_1_343' title='bbox 532 4035 577 4082; x_wconf 83' lang='lat' dir='ltr'>quo</span> <span class='ocrx_word' id='word_1_344' title='bbox 594 4033 635 4070; x_wconf 89' lang='lat' dir='ltr'>uo·</span> <span class='ocrx_word' id='word_1_345' title='bbox 705 4019 742 4071; x_wconf 83' lang='lat'>17.</span> <span class='ocrx_word' id='word_1_346' title='bbox 761 4037 797 4085; x_wconf 88' lang='grc' dir='ltr'>μη</span> <span class='ocrx_word' id='word_1_347' title='bbox 816 4017 845 4073; x_wconf 79' lang='lat' dir='ltr'>dl</span> <span class='ocrx_word' id='word_1_348' title='bbox 861 4023 912 4070; x_wconf 87' lang='lat' dir='ltr'>cod.</span> <span class='ocrx_word' id='word_1_349' title='bbox 930 4025 1004 4072; x_wconf 76' lang='lat' dir='ltr'>tenet.</span> 
     </span>
     <span class='ocr_line' id='line_1_38' title="bbox 61 4085 1061 4150; baseline -0.006 -6"><span class='ocrx_word' id='word_1_350' title='bbox 61 4095 182 4144; x_wconf 68' lang='grc' dir='ltr'><strong>αιὸνιῐιινη</strong></span> <span class='ocrx_word' id='word_1_351' title='bbox 204 4085 331 4143; x_wconf 84' lang='grc' dir='ltr'>δεικνύναιΙ</span> <span class='ocrx_word' id='word_1_352' title='bbox 350 4094 404 4150; x_wconf 85' lang='lat' dir='ltr'>apte</span> <span class='ocrx_word' id='word_1_353' title='bbox 422 4090 540 4150; x_wconf 76' lang='lat' dir='ltr'>acciplunt</span> <span class='ocrx_word' id='word_1_354' title='bbox 564 4090 635 4138; x_wconf 71' lang='lat' dir='ltr'>umbo</span> <span class='ocrx_word' id='word_1_355' title='bbox 705 4091 742 4138; x_wconf 72' lang='lat' dir='ltr'>tu</span> <span class='ocrx_word' id='word_1_356' title='bbox 760 4087 805 4140; x_wconf 80' lang='grc' dir='ltr'>καὶ</span> <span class='ocrx_word' id='word_1_357' title='bbox 821 4095 900 4139; x_wconf 80' lang='grc' dir='ltr'><strong>ταῦτα</strong></span> <span class='ocrx_word' id='word_1_358' title='bbox 917 4091 967 4140; x_wconf 87' lang='lat' dir='ltr'>eod.</span> <span class='ocrx_word' id='word_1_359' title='bbox 989 4092 1061 4138; x_wconf 81' lang='lat' dir='ltr'>Venet</span> 
     </span>
     <span class='ocr_line' id='line_1_39' title="bbox 60 4143 1083 4226; baseline -0.009 -13"><span class='ocrx_word' id='word_1_360' title='bbox 60 4163 116 4213; x_wconf 79' lang='grc' dir='ltr'><strong>τῶν</strong></span> <span class='ocrx_word' id='word_1_361' title='bbox 140 4157 297 4226; x_wconf 77' lang='grc' dir='ltr'><strong>εἰρημένων,</strong></span> <span class='ocrx_word' id='word_1_362' title='bbox 322 4171 383 4220; x_wconf 80' lang='lat' dir='ltr'>quoe</span> <span class='ocrx_word' id='word_1_363' title='bbox 404 4158 475 4218; x_wconf 82' lang='lat' dir='ltr'>culpo</span> <span class='ocrx_word' id='word_1_364' title='bbox 495 4161 576 4206; x_wconf 76' lang='lat' dir='ltr'>estuat</span> <span class='ocrx_word' id='word_1_365' title='bbox 592 4159 635 4205; x_wconf 82' lang='lat' dir='ltr'>sub</span> <span class='ocrx_word' id='word_1_366' title='bbox 704 4153 742 4204; x_wconf 76' lang='lat'>19.</span> <span class='ocrx_word' id='word_1_367' title='bbox 761 4143 803 4207; x_wconf 74' lang='lat' dir='ltr'>odi</span> <span class='ocrx_word' id='word_1_368' title='bbox 821 4152 854 4222; x_wconf 72' lang='grc' dir='ltr'>δὴ</span> <span class='ocrx_word' id='word_1_369' title='bbox 873 4153 922 4208; x_wconf 79' lang='grc' dir='ltr'><strong>τῶν</strong></span> <span class='ocrx_word' id='word_1_370' title='bbox 940 4158 989 4208; x_wconf 86' lang='lat' dir='ltr'>eod.</span> <span class='ocrx_word' id='word_1_371' title='bbox 1008 4157 1083 4206; x_wconf 83' lang='lat' dir='ltr'>Venet.</span> 
     </span>
     <span class='ocr_line' id='line_1_40' title="bbox 61 4221 1225 4288; baseline -0.012 0"><span class='ocrx_word' id='word_1_372' title='bbox 61 4231 175 4280; x_wconf 70' lang='lat' dir='ltr'>audium</span> <span class='ocrx_word' id='word_1_373' title='bbox 192 4223 298 4288; x_wconf 76' lang='lat' dir='ltr'>con-17·</span> <span class='ocrx_word' id='word_1_374' title='bbox 314 4222 479 4286; x_wconf 58' lang='lat' dir='ltr'>raom-t·</span> <span class='ocrx_word' id='word_1_375' title='bbox 510 4225 636 4274; x_wconf 71' lang='lat' dir='ltr'>counae-</span> <span class='ocrx_word' id='word_1_376' title='bbox 701 4221 743 4272; x_wconf 76' lang='grc' dir='ltr'>ιο.</span> <span class='ocrx_word' id='word_1_377' title='bbox 760 4222 804 4278; x_wconf 81' lang='grc' dir='ltr'>και</span> <span class='ocrx_word' id='word_1_378' title='bbox 822 4222 852 4276; x_wconf 79' lang='grc' dir='ltr'>σι</span> <span class='ocrx_word' id='word_1_379' title='bbox 866 4222 918 4288; x_wconf 72' lang='grc' dir='ltr'>νὴ,</span> <span class='ocrx_word' id='word_1_380' title='bbox 940 4226 977 4274; x_wconf 69' lang='lat' dir='ltr'>oet</span> <span class='ocrx_word' id='word_1_381' title='bbox 990 4225 1066 4274; x_wconf 74' lang='lat' dir='ltr'>semro</span> <span class='ocrx_word' id='word_1_382' title='bbox 1080 4223 1152 4286; x_wconf 75' lang='lat' dir='ltr'>quia,</span> <span class='ocrx_word' id='word_1_383' title='bbox 1172 4223 1195 4274; x_wconf 81' lang='lat' dir='ltr'>a.</span> <span class='ocrx_word' id='word_1_384' title='bbox 1210 4225 1225 4274; x_wconf 88' lang='lat' dir='ltr'>t</span> 
     </span>
     <span class='ocr_line' id='line_1_41' title="bbox 60 4292 1227 4362; baseline -0.003 -14"><span class='ocrx_word' id='word_1_385' title='bbox 60 4302 114 4362; x_wconf 69' lang='lat' dir='ltr'>dig.</span> <span class='ocrx_word' id='word_1_386' title='bbox 131 4299 166 4346; x_wconf 82' lang='lat' dir='ltr'>ab</span> <span class='ocrx_word' id='word_1_387' title='bbox 182 4297 253 4346; x_wconf 80' lang='lat' dir='ltr'>aditis</span> <span class='ocrx_word' id='word_1_388' title='bbox 270 4294 335 4342; x_wconf 77' lang='lat' dir='ltr'>tium</span> <span class='ocrx_word' id='word_1_389' title='bbox 348 4307 394 4343; x_wconf 89' lang='lat' dir='ltr'>non</span> <span class='ocrx_word' id='word_1_390' title='bbox 408 4294 495 4356; x_wconf 67' lang='lat' dir='ltr'>differt,</span> <span class='ocrx_word' id='word_1_391' title='bbox 511 4295 558 4342; x_wconf 81' lang='lat' dir='ltr'>atat</span> <span class='ocrx_word' id='word_1_392' title='bbox 572 4292 634 4355; x_wconf 83' lang='lat' dir='ltr'>qnod</span> <span class='ocrx_word' id='word_1_393' title='bbox 667 4292 780 4342; x_wconf 73' lang='lat' dir='ltr'>eccidisse</span> <span class='ocrx_word' id='word_1_394' title='bbox 802 4295 846 4342; x_wconf 81' lang='lat' dir='ltr'>aibt</span> <span class='ocrx_word' id='word_1_395' title='bbox 866 4296 997 4355; x_wconf 79' lang='lat' dir='ltr'>persuasit,</span> <span class='ocrx_word' id='word_1_396' title='bbox 1021 4305 1108 4354; x_wconf 82' lang='lat' dir='ltr'>porum</span> <span class='ocrx_word' id='word_1_397' title='bbox 1132 4293 1227 4354; x_wconf 65' lang='lat' dir='ltr'>{elioda</span> 
     </span>
     <span class='ocr_line' id='line_1_42' title="bbox 59 4353 1227 4430; baseline -0.009 -9"><span class='ocrx_word' id='word_1_398' title='bbox 59 4359 196 4421; x_wconf 75' lang='grc' dir='ltr'><strong>δεικνύναι</strong></span> <span class='ocrx_word' id='word_1_399' title='bbox 214 4358 265 4430; x_wconf 75' lang='grc' dir='ltr'>χρὴ</span> <span class='ocrx_word' id='word_1_400' title='bbox 282 4361 349 4410; x_wconf 77' lang='lat' dir='ltr'>naeu</span> <span class='ocrx_word' id='word_1_401' title='bbox 364 4374 408 4423; x_wconf 78' lang='lat' dir='ltr'>pro</span> <span class='ocrx_word' id='word_1_402' title='bbox 443 4356 474 4426; x_wconf 71' lang='lat' dir='ltr'>pt,</span> <span class='ocrx_word' id='word_1_403' title='bbox 492 4353 624 4414; x_wconf 74' lang='grc' dir='ltr'><strong>δεικνύναι</strong></span> <span class='ocrx_word' id='word_1_404' title='bbox 666 4373 739 4422; x_wconf 79' lang='lat' dir='ltr'>sone,</span> <span class='ocrx_word' id='word_1_405' title='bbox 761 4362 907 4411; x_wconf 66' lang='lat' dir='ltr'>mansorius</span> <span class='ocrx_word' id='word_1_406' title='bbox 923 4363 1054 4412; x_wconf 76' lang='lat' dir='ltr'>Gowtrema</span> <span class='ocrx_word' id='word_1_407' title='bbox 1067 4361 1142 4412; x_wconf 78' lang='lat' dir='ltr'>Aduo.</span> <span class='ocrx_word' id='word_1_408' title='bbox 1160 4361 1227 4411; x_wconf 76' lang='lat' dir='ltr'>llice.</span> 
     </span>
     <span class='ocr_line' id='line_1_43' title="bbox 100 4377 1005 4512; baseline -0.007 -26"><span class='ocrx_word' id='word_1_409' title='bbox 100 4433 142 4486; x_wconf 76' lang='lat' dir='ltr'>ll.</span> <span class='ocrx_word' id='word_1_410' title='bbox 163 4429 336 4497; x_wconf 70' lang='grc' dir='ltr'><strong>ἐνεργέστερον</strong></span> <span class='ocrx_word' id='word_1_411' title='bbox 353 4431 403 4479; x_wconf 69' lang='lat' dir='ltr'>cod</span> <span class='ocrx_word' id='word_1_412' title='bbox 423 4377 500 4479; x_wconf 74' lang='lat' dir='ltr'>leuet.</span> <span class='ocrx_word' id='word_1_413' title='bbox 667 4427 745 4480; x_wconf 76' lang='lat' dir='ltr'>Postlt</span> <span class='ocrx_word' id='word_1_414' title='bbox 762 4443 815 4512; x_wconf 78' lang='lat' dir='ltr'>eqp.</span> <span class='ocrx_word' id='word_1_415' title='bbox 825 4427 866 4481; x_wconf 76' lang='lat' dir='ltr'>dl.</span> <span class='ocrx_word' id='word_1_416' title='bbox 881 4444 938 4494; x_wconf 75' lang='lat' dir='ltr'>pop.</span> <span class='ocrx_word' id='word_1_417' title='bbox 948 4427 1005 4482; x_wconf 77' lang='lat' dir='ltr'>tut.</span> 
     </span>
     <span class='ocr_line' id='line_1_44' title="bbox 99 4495 1013 4568; baseline -0.007 -14"><span class='ocrx_word' id='word_1_418' title='bbox 99 4503 143 4554; x_wconf 83' lang='lat'>15.</span> <span class='ocrx_word' id='word_1_419' title='bbox 161 4497 275 4568; x_wconf 68' lang='grc' dir='ltr'><strong>ἐλέγχων</strong></span> <span class='ocrx_word' id='word_1_420' title='bbox 291 4495 342 4547; x_wconf 67' lang='grc' dir='ltr'>σαὶ</span> <span class='ocrx_word' id='word_1_421' title='bbox 362 4497 437 4547; x_wconf 72' lang='lat' dir='ltr'>reno.</span> <span class='ocrx_word' id='word_1_422' title='bbox 700 4497 783 4552; x_wconf 69' lang='lat' dir='ltr'>‘aun</span> <span class='ocrx_word' id='word_1_423' title='bbox 808 4512 854 4549; x_wconf 89' lang='lat' dir='ltr'>om.</span> <span class='ocrx_word' id='word_1_424' title='bbox 871 4499 922 4549; x_wconf 86' lang='lat' dir='ltr'>eod.</span> <span class='ocrx_word' id='word_1_425' title='bbox 938 4497 1013 4549; x_wconf 73' lang='lat' dir='ltr'>tanet.</span> 
     </span>
    </p>
   </div>
   <div class='ocr_carea' id='block_1_4' title="bbox 954 4585 1022 4652">
    <p class='ocr_par' dir='ltr' id='par_1_36' title="bbox 954 4585 1022 4652">
     <span class='ocr_line' id='line_1_45' title="bbox 954 4585 1022 4652; baseline 0.029 -2"><span class='ocrx_word' id='word_1_426' title='bbox 954 4585 1022 4652; x_wconf 81' lang='lat'>18*</span> 
     </span>
    </p>
   </div>
   <div class='ocr_carea' id='block_1_5' title="bbox 0 0 1592 4930">
    <p class='ocr_par' dir='ltr' id='par_1_37' title="bbox 0 0 1592 4930">
     <span class='ocr_line' id='line_1_46' title="bbox 0 0 1592 4930; baseline 0 4"><span class='ocrx_word' id='word_1_427' title='bbox 0 0 1592 4930; x_wconf 95' lang='lat' dir='ltr'> </span> 
     </span>
    </p>
   </div>
  </div>
 </body>
</html>
