3186 4928
250 331 253 346 Ι
285 229 288 235 ’
396 259 794 316 suessoniensem.
811 261 1018 315 ususnxm.
1226 251 1288 316 359

127 382 316 466 expensum?
359 377 513 446 Uodeorm
536 381 610 446 solis
632 381 682 448 ille
703 381 802 466 inlpor
821 401 965 448 aseensus
988 391 1051 461 est,
1080 393 1132 448 aut
1152 381 1202 448 ille
1224 383 1287 469 ipse

126 505 194 548 esur
219 483 291 548 luna
308 483 511 568 sideribusque
536 484 692 548 eonditor?
736 481 873 567 Quanam
890 504 964 549 vero
985 505 1026 548 ex
1047 486 1144 570 priore
1163 485 1287 552 materia

127 584 271 650 translata
296 595 376 650 terra
398 597 461 665 est,
484 607 560 669 quae
580 596 627 650 est
646 607 686 650 es
705 585 796 650 nihilo
815 585 977 672 protuetur
1020 582 1155 669 Quonam
1174 607 1214 652 ex
1235 609 1287 652 ua·

124 699 211 752 turse
231 707 344 772 gmsare
364 697 480 754 monta
499 687 594 752 exuisi
611 691 701 754 sunt?
744 685 830 756 Unde
847 688 936 754 totius
953 688 1085 756 universi
1100 689 1284 768 eonstitutio,

124 809 212 875 quam
230 809 270 854 ex
287 787 378 854 nihilo
397 790 470 854 deus
492 791 627 876 peperit?
667 792 732 856 Aut
749 793 826 856 uude
844 791 937 856 nubes
953 793 1097 856 oonllatoe
1114 801 1199 870 suut,
1223 792 1286 876 qui·

124 892 181 956 bus
198 901 319 977 repente
336 892 451 956 eoelum
469 892 642 958 obduoiturl
686 889 772 958 Unde
789 893 914 958 euliourn
929 893 1143 980 eynipbumque
1160 893 1219 958 vina
1239 893 1285 958 dei
1299 901 1438 957 8106617-

123 993 251 1078 irnperio
274 1013 381 1060 servus
401 994 464 1058 eius
481 991 607 1080 Moyses
630 1015 803 1080 comparare
824 995 935 1079 potuit?
979 995 1136 1080 Quomodo
1158 995 1426 1080 ligneamssxo.⁴‚a

124 1097 241 1179 virgam
256 1096 415 1160 animatum
432 1117 467 1160 ue
482 1106 690 1182 prorepenteru
712 1094 742 1160 iu
761 1096 912 1162 colubrum
930 1098 1097 1163 eonvertitl
1139 1097 1199 1182 Qui
1221 1099 1284 1164 beri
1301 1105 1370 1152 uxoa.
1384 1109 1438 1162 ιι
1537 1155 1539 1160 .

124 1198 220 1284 potuit
237 1208 269 1260 ut
284 1195 403 1284 Moysis
418 1219 521 1264 manus
538 1199 568 1263 iu
587 1199 684 1264 nivem
703 1200 952 1284 eommptareturi
995 1195 1048 1264 Sia
1064 1199 1155 1284 igitur
1173 1211 1204 1266 et
1224 1211 1283 1264 tum

123 1301 200 1378 deo,
224 1301 390 1366 mortalium
409 1301 621 1380 infidelissime,
645 1301 766 1386 plebeil,
790 1323 826 1366 ao
843 1301 994 1386 pelliceas,
1017 1301 1178 1386 etquidem
1196 1322 1285 1366 veras

121 1403 257 1477 tussiens,
288 1403 354 1468 sine
378 1403 445 1467 ullis
468 1403 661 1485 animalibus,
692 1404 757 1468 siue
788 1405 932 1471 bomauae
958 1403 1030 1468 artis
1055 1425 1091 1468 ao
1117 1403 1284 1490 multipliois

122 1505 224 1592 operis
246 1504 422 1570 adminiculo
444 1504 545 1591 primis
564 1506 675 1570 nostris
694 1506 864 1591 parentibus
881 1505 1056 1592 simulatque
1074 1506 1168 1572 voluit
1182 1507 1284 1570 eonio-

122 1610 182 1685 eit,
215 1629 273 1672 ooo
297 1627 386 1672 serus
412 1618 500 1692 atque
524 1608 608 1675 initio
634 1607 756 1672 simulne
776 1608 876 1674 -vuluit
896 1609 1009 1674 eoelum
1032 1620 1120 1694 atquo
1144 1609 1283 1674 universa

120 1711 265 1797 produuta
278 1721 359 1774 suut.
406 1705 546 1776 Ceterum
565 1711 601 1774 de
617 1709 662 1776 bis
679 1731 733 1776 uos
750 1710 870 1796 saepius
885 1721 916 1774 et
932 1711 997 1774 aliis
1015 1712 1046 1774 in
1060 1710 1135 1774 loeis
1149 1721 1180 1774 et
1194 1731 1283 1796 supra

122 1813 350 1896 disputavimus.
393 1811 495 1897 Atque
513 1812 558 1876 bis
573 1813 706 1897 quidem,
731 1813 779 1897 qui
795 1815 874 1878 vitae
892 1813 1039 1878 desiderio
1057 1823 1211 1891 tenantur,
1235 1833 1284 1878 sa-

122 1917 192 1981 lutis
209 1926 256 1980 est
272 1914 410 2002 expeditu
427 1914 516 1993 ratio,
538 1927 570 1978 et
585 1915 778 1980 inlideliasimi
792 1916 904 1980 erroris
919 1915 1082 1980 oonlntetio
1099 1913 1205 1980 iaoilis.
1241 1913 1282 1981 lis

122 2039 213 2096 vero,
238 2017 287 2102 qui
303 2018 407 2082 salutis
424 2017 606 2104 disciplinam
622 2039 658 2082 eo
672 2018 874 2102 magisterium
891 2018 1057 2104 repudiant,
1081 2039 1118 2084 ue
1135 2017 1282 2104 integrum

120 2121 239 2205 quidem
256 2120 386 2184 serulum
406 2130 504 2204 potest
518 2121 554 2184 ad
571 2119 774 2206 disputandum
792 2121 946 2200 sufficer03
970 2143 1035 2186 oum
1055 2121 1171 2186 illorum
1194 2141 1282 2186 aures

120 2234 281 2310 perpetuo,
311 2226 418 2303 orpr'drb
439 2227 542 2298 instar,
567 2225 787 2288 obsurdescent:
811 2245 883 2304 quoe
900 2245 986 2286 omes
1002 2245 1070 2286 rous
1087 2225 1226 2299 obdurat,
1251 2237 1283 2288 ιιι
1294 2231 1334 2278 1³·-
1343 2233 1411 2288 ιιι

118 2347 178 2390 non
194 2329 330 2388 madriu
344 2347 436 2386 uorem
454 2329 675 2402 rbeaauntabm,
701 2329 821 2406 veaefim
835 2331 1006 2388 ιἰιιιιιιιαιιιιὶι
1024 2330 1177 2408 supienter,
1203 2336 1235 2389 ut
1250 2325 1280 2388 in

118 2428 218 2492 saone
242 2427 334 2492 litoris
360 2426 501 2512 seriptum
527 2439 586 2494 est.
634 2426 777 2494 Veritatis
805 2449 893 2513 porro
919 2428 986 2494 liliis
1015 2426 1279 2492 iruetoosissimum

120 2530 200 2594 buue
217 2550 384 2596 sermonem
408 2529 522 2596 eoobdo
546 2533 628 2611 lore,
659 2531 775 2596 tametsi
797 2532 884 2596 latius
908 2529 987 2594 illum
1008 2529 1063 2594 boe
1085 2529 1154 2594 loeo
1177 2550 1279 2615 prose·

119 2653 257 2717 quamue.

208 2733 304 2803 Venio
335 2737 433 2822 itaque
461 2738 497 2802 ad
529 2737 691 2802 institutam
723 2737 759 2802 de
790 2735 1010 2802 resurreetione
1039 2735 1277 2822 disputationem.
1316 2750 1374 2818 cap.

119 2835 198 2906 Cum
217 2839 293 2902 enim
310 2840 431 2925 ignaros
449 2840 619 2926 deeaperis‚
643 2860 677 2904 ao
696 2849 773 2904 tuam
792 2838 959 2924 opinionem
978 2860 1030 2925 pro
1050 2860 1123 2904 vero
1141 2838 1278 2923 dogmate
1296 2818 1398 2872 vau.

118 2941 302 3020 subieceris,
325 2941 424 3026 itaque
442 2941 573 3020 dixeris,
595 2939 773 3006 Nonnullis
792 2940 959 3006 rudioribus
977 2939 1083 3028 impios
1101 2963 1159 3006 ooo
1178 2951 1280 3026 putant

119 3044 351 3108 resurrectionis
372 3055 523 3128 compotes
539 3045 665 3122 loturos,
688 3043 705 3129 ΙΙ
732 3053 764 3106 et
784 3054 888 3129 posteo
908 3044 995 3108 iidem
1018 3045 1153 3108 rudiores
1175 3063 1278 3108 rursus

118 3147 174 3212 abs
198 3147 487 3232 reinterrogatus,
512 3143 675 3212 Cuiusnam
696 3146 830 3230 eorporis
855 3145 912 3210 erit
934 3146 1133 3212 resurreetio?
1159 3158 1190 3210 et
1213 3167 1277 3210 eum

118 3261 152 3314 ιιι
177 3248 328 3329 baisoria,
353 3269 389 3314 ue
407 3250 470 3336 ipse
486 3249 518 3312 in
534 3269 636 3315 eorum
652 3248 875 3332 quiescendum
896 3258 924 3313 te
941 3248 1076 3314 rudiores
1098 3249 1279 3336 appellantur

119 3355 204 3434 (nam
223 3352 279 3416 boe
302 3373 417 3437 quoque
437 3362 539 3437 aperte
559 3351 712 3416 dieeodum
730 3352 788 3432 est)
812 3349 939 3436 persono
960 3351 1055 3417 bonos
1076 3353 1205 3438 appelles
1226 3372 1278 3416 eos

119 3452 173 3540 qni
188 3475 207 3520 a
223 3464 252 3518 te
263 3455 397 3520 rudiores
413 3455 559 3533 dicuntur,
584 3475 642 3518 noo
662 3473 714 3538 per
730 3464 759 3518 te
773 3453 831 3519 erit
846 3475 1020 3540 responsum
1037 3475 1131 3540 oeque
1148 3465 1198 3519 tuo
1211 3474 1279 3538 gra·

121 3559 162 3622 tia
185 3557 318 3622 babendo
335 3579 499 3643 responso,
523 3558 575 3622 aed
593 3557 710 3622 veritati
731 3557 805 3635 erit,
830 3578 905 3641 quae
922 3568 951 3622 te
968 3578 1122 3624 servorum
1140 3556 1187 3620 dei
1202 3576 1278 3640 quae

121 3663 183 3728 sint
204 3659 418 3729 emendationis
436 3669 524 3744 atque
540 3657 680 3726 bonitatis
701 3659 829 3743 insignia
849 3659 947 3724 dioere
970 3660 1060 3744 rugit.
1104 3657 1184 3724 Nam
1206 3677 1277 3742 geu-

120 3765 174 3830 tile
191 3783 307 3848 quoque
321 3763 521 3848 proverbium,
547 3759 694 3848 Simplex,
718 3762 771 3844 ait,
794 3762 925 3828 narratio
938 3762 1085 3828 veritatis.
1121 3757 1277 3848 Simplieea

119 3891 195 3936 vero
212 3866 420 3934 consuevimus
436 3865 611 3932 innoeentes
630 3885 751 3946 vorare,
776 3865 881 3950 quibos
895 3863 994 3930 multis
1007 3863 1080 3928 loeis
1095 3883 1112 3928 a
1129 3862 1278 3928 salvatore

119 3975 187 4038 laus
211 3971 364 4050 tribuitur,
396 3969 453 4050 uti,
484 3973 583 4033 Ειιοιι
605 3971 746 4050 rriuptr’oes
767 3979 899 4050 tanquam
920 3969 1079 4042 columboe,
1110 3975 1156 4046 et,
1179 3969 1275 4030 Pau'o·
1288 3949 1374 4049 {2⁸⁸1}

1293 4033 1379 4100 siuet

118 4165 154 4213 ort
171 4163 244 4212 uerbo
266 4155 295 4214 ed
316 4155 391 4228 μόνον
407 4155 456 4226 γὰρ
477 4153 552 4212 τοῦτο’
574 4154 642 4210 ἐστιν
660 4160 683 4208 ιἰι
751 4154 777 4210 6.
795 4151 809 4210 d
825 4152 900 4216 ἐκτὸς
913 4152 994 4224 λόγος.
1031 4157 1065 4222 Gi.
1084 4157 1148 4208 boen
1164 4153 1213 4222 66,
1230 4155 1278 4223 10.,
1307 4105 1352 4163 ⁸⁹¹

116 4229 281 4294 eodllbedip.
299 4231 380 4280 etlam
398 4231 419 4279 et
433 4227 501 4278 editta
516 4229 582 4276 libris
597 4229 684 4277 toruae
718 4227 758 4276 ubl
779 4227 899 4287 narrem
922 4227 1021 4302 eoldum
1044 4227 1179 4288 appelletur
1208 4225 1277 4293 „suia

117 4299 422 4360 emmerammum,
439 4297 684 4360 quomaanerleuraur
718 4289 794 4354 tarde
810 4289 890 4359 λόγων
906 4293 1073 4360 φιλοσοφις,“

118 4369 349 4432 enptmlteuttope
367 4365 563 4426 couterinum,
580 4366 684 4416 amatum
751 4359 775 4415 7.
802 4363 923 4424 Eurtptdr'a
946 4365 979 4414 ert
1000 4359 1119 4416 Placatos.
1134 4357 1191 4418 472.
1241 4365 1277 4428 Gt.

117 4436 271 4498 brteperrimr'.
718 4433 807 4483 Sraeee
822 4432 896 4493 Epist.
909 4425 951 4482 49.

153 4504 180 4554 5.
198 4496 334 4568 adadremon
350 4500 407 4568 φῶς
423 4500 503 4570 septo
521 4501 573 4552 eorl.
588 4514 632 4550 nro.
751 4500 776 4551 a.
793 4497 907 4567 γίνεσθαι
922 4499 974 4550 eod
989 4514 1033 4551 mr.
