3148 4938
305 223 367 286 616
436 283 439 291 ,
730 233 854 288 amem
871 233 1041 286 mma

307 353 386 416 ἐστιν
402 348 476 434 ἐμδν
490 355 606 430 δοῦναι,
628 348 686 416 ἄλλ’
703 348 750 429 οίς
767 349 940 436 ἡτοίμασται
955 349 1037 437 τταρολ
1053 357 1109 418 τοῦ
1122 349 1241 438 πατρός.
1287 345 1370 416 Είτοί
1382 371 1474 433 φησιν

307 451 325 518 δ
349 451 530 531 οίττόστολος,
560 451 593 517 Ὁ
618 451 693 529 θεδς
716 451 832 540 ἤγειρεν
855 451 948 519 αῦτδν
968 456 1002 520 ἐκ
1024 461 1154 540 νεκρῦν,
1183 479 1224 530 τις
1248 452 1348 519 αὐτοῦ
1375 458 1476 538 χρείαν

307 558 426 640 ἔχοντες
441 564 496 621 τοῦ
515 559 682 642 ἐγείραντος
697 553 803 622 αῦτύν·
835 558 885 622 καλ
907 554 969 634 ὅτι,
998 557 1088 639 φησί,
1111 555 1208 639 ἐφύνη
1224 552 1349 641 ἅγγελος
1364 559 1474 640 κιτρίου

232 715 234 718 .
307 657 450 740 ἐνισχύων
472 657 580 737 αύτδν,
611 657 657 723 ὅτι
675 661 708 724 ἐν
728 656 840 748 ῦγωνίιγι
862 660 976 745 γέγονε,
1005 660 1056 722 καί
1082 662 1207 744 ἵδρωσε,
1234 659 1285 724 καλ
1313 654 1331 724 δ
1355 657 1474 742 ’ίδρτῦς

307 758 401 826 αῦτοῦ
417 762 536 846 γέγονεν
552 760 634 848 αὐτῷ
652 757 693 836 οῦς
707 759 840 845 θρόμβοι
856 763 997 842 αἳματος,
1027 763 1059 826 ἐν
1080 768 1122 850 τῷ
1138 761 1214 826 κατοί
1231 767 1365 826 Λουκᾶν
1389 757 1471 846 εῦιγ·
1570 761 1571 816 3

185 895 236 941 ηις.
247 883 293 930 ιιι.
307 866 408 951 μελίην,
430 861 478 928 ὅτε
495 859 637 927 ῦπελθοίν
650 861 756 945 ηῦγετο
772 865 885 945 μέλλων
905 865 1136 948 παραδίδοσθαι.
1182 865 1243 930 Καὶ
1260 862 1353 928 τιύλιν
1376 865 1410 928 ἐκ
1433 869 1473 950 τῇ

306 971 440 1053 σταυρῷ,
463 966 574 1048 φησίν,
597 965 708 1049 ἔλεγεν,
738 961 816 1044 Ἠλλ,
839 962 905 1047 ήλλ,
931 971 1034 1048 ολημᾶ
1053 968 1237 1049 σαβοηθανί,
1264 969 1400 1032 τουτέστι
1420 968 1475 1032 θεέ

306 1092 383 1150 μου,
405 1067 459 1132 θεέ
475 1093 549 1149 μου,
572 1068 621 1130 ἵνα
639 1071 666 1131 τί
683 1092 719 1149 με
736 1069 935 1152 ἐγκατέλιπεςς
959 1068 1020 1132 Καὶ
1040 1065 1129 1158 ὁρᾷς,
1152 1070 1242 1151 φησί,
1267 1067 1309 1146 οἱς
1325 1070 1473 1135 ἐπιδέεται
1570 1135 1571 1158 3

307 1172 465 1252 βοηθείαςς
494 1165 578 1253 Ἀλλοῖ
594 1169 662 1253 περὶ
679 1175 734 1234 τοῦ
751 1171 859 1254 λέγειν,
887 1167 965 1256 Ἐγοδ
980 1172 1012 1236 ἐν
1029 1177 1070 1258 τῷ
1085 1173 1190 1257 τιατρλ,
1212 1174 1263 1238 καλ
1284 1169 1421 1256 ύττοιτήρ
1443 1174 1474 1237 ἐν

307 1275 387 1356 ίμοί,
410 1273 461 1336 καί
481 1269 541 1349 ὅτι,
570 1275 610 1335 Οί
627 1269 682 1337 δύο
702 1274 734 1337 ἐν
750 1274 850 1354 ἐσμεν,
873 1275 924 1337 ἵνα
942 1273 994 1337 καί
1014 1270 1100 1337 αύτολ
1119 1277 1154 1338 ἓν
1174 1267 1262 1354 τίσιν,
1295 1273 1399 1350 7δίςτε
1421 1266 1476 1339 οῦτ

307 1372 342 1440 τδ
356 1379 393 1440 ἓν
407 1370 482 1438 είναι
506 1373 627 1449 πύντως
650 1371 688 1439 οῦ
709 1373 785 1438 κατδ
810 1372 903 1456 φύσιν
924 1376 1014 1460 λέγει,
1043 1371 1115 1440 οίλλοί
1134 1374 1209 1440 κατοί
1226 1373 1383 1460 δμύνοιαν.
1431 1374 1476 1442 Οῦ

307 1475 399 1559 μόνον
417 1476 450 1540 δέ
467 1481 571 1553 τοῦτο,
603 1472 673 1540 ύλλοί
689 1477 742 1540 κοιλ
757 1474 919 1562 ἀρνοῦνται
940 1475 1042 1560 ψυχήν
1061 1476 1157 1544 αῦτῦν
1179 1475 1379 1565 ύνθρωττείατ
1401 1483 1477 1562 τέλη

306 1581 405 1660 φέναι,
429 1575 501 1643 αύτδ
521 1585 607 1643 τοῦτο
622 1575 957 1664 κροκατασιιευύζοντες.
990 1577 1097 1663 Σύρκα
1115 1577 1172 1666 γῦρ
1187 1578 1390 1668 ὁμολογοῦσιν
1406 1579 1476 1664 τέλη·

305 1679 399 1762 θινήν
416 1678 475 1746 ύιτδ
493 1684 618 1764 Μαρίοις
639 1677 731 1746 αῦτῦν
751 1681 911 1764 ἐσχηκότα,
942 1683 992 1746 καλ
1015 1679 1114 1746 τιοίιαα
1137 1681 1194 1748 ὅσα
1211 1685 1290 1750 ἐστιν
1308 1687 1340 1750 ἐν
1358 1692 1405 1774 τῷ
1426 1683 1478 1750 α’κ-

305 1781 440 1873 θρύτιγ,
469 1787 560 1867 χωρίς
577 1790 691 1866 ψυχῆς·
720 1785 771 1848 ἵνα
787 1782 860 1850 ὅταν
885 1783 1021 1874 ἀκούσῃς
1041 1787 1109 1869 ιτερλ
1126 1789 1244 1869 πείνης,
1274 1785 1477 1870 ἢδίψης,ἢ

305 1884 456 1969 καμύτου,
486 1883 718 1971 ήύδοιτιορίας,
748 1884 926 1973 ἢίδρῦτος,
952 1884 1105 1969 ήῦιτνου,
1135 1886 1402 1973 ήέμβριμήσεως,
1424 1892 1477 1954 καλ

306 1991 393 2077 είττης
410 1986 456 2053 ὅτι
473 1985 523 2052 διδ
535 1987 589 2070 τήν
604 1985 836 2073 ένανθρύτιησιν
850 1986 964 2055 τούτων
978 1991 1129 2070 ἐττεδέετο,
1152 1992 1267 2067 λέξουσί
1280 2011 1332 2056 σοι
1347 1990 1477 2078 ὕστερον

305 2089 351 2155 δτι
369 2087 442 2174 σοίρξ
458 2085 529 2154 καθ’
547 2089 658 2174 έαυτήν
674 2097 766 2156 ταῦτα
784 2088 841 2156 οῦκ
859 2093 977 2178 ἐνεργεῖ,
1001 2089 1055 2157 ἐῦν
1071 2091 1113 2175 μή
1128 2094 1179 2182 ἐχη
1195 2091 1250 2175 τήν
1264 2091 1379 2176 ψυχήν.
1416 2095 1476 2158 Καί

305 2190 362 2279 γῦρ
385 2198 426 2280 τῷ
450 2190 503 2274 μέν
526 2189 588 2256 ῦντι
611 2190 708 2269 οὕτως
725 2195 794 2259 έστλ
843 2197 878 2258 Τί
895 2185 951 2259 οῦν
966 2195 1042 2274 ἐστι,
1073 2197 1166 2276 φησί,
1188 2193 1257 2260 ἄλλο
1275 2221 1304 2260 τι
1322 2192 1343 2278 ή
1362 2195 1477 2278 θείης

307 2292 400 2360 αῦτοῦ
416 2295 565 2372 έτιεδίετος
588 2297 637 2359 ίνα
653 2293 701 2361 ὅτε
717 2298 820 2360 είτιυσι
834 2293 889 2380 τήν
903 2293 1034 2379 θεύτηια
1050 2293 1144 2362 αῦιοῦ
1161 2299 1367 2382 ἐπιδεομένην,
1391 2303 1478 2377 ξένου

308 2394 508 2478 οίτιοφοίνωσιν
531 2393 624 2463 αύτδν
648 2399 699 2464 ιιαλ
723 2396 877 2484 ἀλλότριον
900 2405 953 2482 τῆς
970 2406 1024 2464 τοῦ
1038 2397 1153 2486 πατρίς
1170 2399 1274 2476 οῦσίιις
1292 2425 1324 2465 τε
1344 2403 1402 2466 καί
1416 2401 1476 2482 φῦ

306 2520 381 2576 σεως
405 2496 560 2582 ἀληθινῆς.
606 2503 728 2583 Νομίζω
751 2499 784 2566 δέ
805 2507 848 2590 τῷ
869 2499 987 2566 σύνεσιν
1009 2503 1177 2591 κεκτημένῳ
1200 2499 1261 2568 dud
1285 2503 1399 2586 μιᾶςή
1419 2503 1476 2570 δύο

307 2608 479 2688 μαρτυροῦν
494 2599 515 2685 ἢ
532 2603 616 2668 πέντε
633 2609 694 2668 τοῖν
714 2610 815 2679 καινοῖς
834 2600 904 2689 παρ’
923 2600 1026 2680 αύτοῖς
1039 2605 1273 2688 ἐκινενοημέναν
1289 2607 1342 2670 καλ
1360 2607 1476 2692 ἐλεητ-

308 2705 405 2785 μένων
419 2705 470 2769 καὶ
486 2701 744 2790 ἀνατρεπομένων,
767 2711 820 2789 τῆς
836 2703 934 2790 νούσης
952 2701 1096 2789 ιῖληθείας
1110 2707 1332 2793 κηρυττομίνης
1346 2711 1405 2774 καί
1424 2731 1477 2774 σα·

308 2811 375 2886 φῶς
390 2807 421 2871 ἐν
443 2813 480 2896 τῇ
502 2811 598 2873 πίστει
608 2815 663 2891 τῆς
684 2804 865 2893 ὄρθοδοξίας
883 2809 1116 2892 βεβαιουμένης,
1145 2808 1374 2897 ἐλεγχθήσονται
1393 2809 1477 2898 καρὰ

306 2916 370 2984 τοῖς
388 2910 624 3000 προειρημένοις,
647 2917 722 2977 νοῦν
738 2909 846 2976 θείκδν
862 2911 1062 2994 κεκτημένοις,
1084 2910 1141 2978 κῦν
1154 2939 1186 2978 τε
1203 2911 1276 2996 μετὰ
1290 2911 1408 2992 ταύτας
1425 2915 1477 2991 τὰς

308 3009 455 3087 διαλύσεις
475 3013 704 3094 ἐπινενοημένας
724 3015 814 3090 λέξεις
838 3018 971 3098 8μυρίοις
991 3013 1082 3091 ἄλλος
1103 3015 1269 3100 ένίγκωσιν.
1311 3015 1393 3083 'Ano‘
1417 3016 1475 3103 γᾶρ

305 3120 366 3178 τῦν
386 3111 492 3200 ὀλίγων
514 3117 548 3179 αλ
568 3122 699 3180 πλεῖσται
719 3115 917 3198 λυθήσονται,
941 3115 996 3199 τήν
1018 3119 1086 3200 ίαην
1107 3117 1236 3200 δύναμιν
1257 3119 1422 3204 φέρουσαι.

238 3573 244 3585 .
274 3531 291 3582 ’.
394 3525 455 3588 Καὶ
472 3519 599 3606 ῦρξομαι
615 3530 736 3609 πρῶτον
752 3531 806 3590 τοῦ
823 3525 931 3611 λέγειν,
961 3525 1036 3592 ὅθεν
1051 3527 1189 3610 διέλαβον
1209 3533 1311 3604 κακῶς
1331 3528 1477 3609 φυτεύειν

304 3634 359 3710 τῆς
374 3630 497 3712 πικρίας
516 3623 615 3692 αύτοῦν
633 3629 715 3712 ῥίζαν
735 3635 790 3693 τοῦ
806 3627 912 3714 λόγον,
935 3636 989 3694 τοῦ
1005 3625 1065 3694 ῦιεδ
1086 3635 1279 3712 Σολομῶντος
1301 3633 1475 3716 είρημέτου,

307 3727 351 3810 τύ,
376 3727 493 3815 Κύριος
507 3730 603 3794 ἐκτισέ
618 3753 654 3810 με
668 3729 762 3814 ιἰρχήν
776 3727 856 3796 δδοδν
873 3729 968 3797 αὐτοῦ
985 3733 1026 3808 είς
1040 3733 1113 3817 έργα
1129 3727 1231 3797 αύτοῦ.
1265 3731 1384 3798 Καλοῦ
1397 3733 1475 3800 ττύκ·

305 3859 364 3908 τως
382 3839 458 3898 1τιον
474 3834 634 3914 ἐβεβαίωσε
648 3831 761 3920 γραφή,
784 3833 857 3898 οῦδὲ
873 3831 1010 3917 ἐμνήσθη
1026 3859 1071 3910 τις
1087 3838 1147 3900 τοῖν
1163 3833 1339 3902 ἀποστόλων
1356 3843 1414 3918 τῆς
1429 3839 1475 3902 λέ-

306 3940 377 4012 ξεως
391 3933 517 4016 ταύτης,
541 3937 591 3998 ἵνα
604 3935 763 4025 παραγύγη
778 3932 872 4018 αύτήν
894 3939 936 4012 είς
952 3934 1048 4017 ὄνομα
1069 3941 1210 4022 Χριστοῦ.
1244 3935 1336 4014 ”stete
1354 3931 1415 4005 οῦν
1436 3938 1475 4005 ού

307 4035 428 4114 τιοίντως
444 4036 513 4121 τιερλ
533 4043 587 4102 τοῦ
604 4040 673 4102 νίοῦ
693 4045 748 4103 τοῦ
762 4045 840 4104 θεοῦ
853 4040 939 4124 λέγει,
961 4037 1019 4104 κᾶν
1036 4064 1066 4104 τε
1084 4041 1155 4129 εἴτεη
1172 4038 1229 4120 δτι,
1251 4037 1326 4126 Ἐμοί
1343 4038 1476 4124 ήσοφία

305 4137 514 4222 κατεσκήνωσε
531 4139 645 4223 βουλήν
662 4141 713 4206 καί
730 4147 848 4226 γνιδσιν,
870 4143 922 4206 καλ
938 4143 1055 4207 ἐννοιαν
1071 4138 1128 4228 ἐγοδ
1144 4139 1376 4226 ἐσεκαλταιίμηκ.
1409 4143 1475 4209 Πῦ-

306 4261 355 4306 σαι
372 4241 428 4327 γάρ
445 4245 500 4306 τίοι
515 4249 752 4328 καταχρηστικῶς
774 4242 926 4328 λεγόμενοι
949 4251 1027 4310 θεοῦ
1044 4247 1164 4326 σοφίαι,
1193 4249 1247 4328 μία
1264 4241 1331 4311 δλο
1350 4271 1471 4330 μονογε-

339 4395 361 4445 5.
380 4393 453 4486 λδρδς
469 4399 536 4448 codd.
554 4413 625 4463 ιιιιι,
652 4404 686 4450 uei
708 4414 782 4464 ιυμτο
806 4401 870 4450 λοιι.
941 4401 966 4453 6.
986 4403 1071 4466 λημᾶς
1087 4397 1215 4472 α’βαγθανλ
1240 4403 1291 4452 ανδ.
1310 4417 1353 4452 ma
1375 4407 1472 4464 mque

304 4459 403 4526 66AE
902 4475 923 4522 ιλ
938 4471 974 4521 ιδ
982 4473 1068 4534 μείου,
1080 4473 1117 4520 Mc
1131 4472 1305 4540 etinfmcopp.
1313 4467 1356 4520 λθ
1364 4466 1459 4522 m
