3168 4926
357 259 494 312 ennean
511 261 574 313 uro.
587 259 619 312 11.
637 261 719 313 rou.
734 261 754 312 1.
770 259 870 314 nunu.
881 261 999 314 novur.
1166 279 1167 282 π
1215 245 1254 313 33

182 377 287 464 Pergit
305 377 467 446 Montanus
489 381 595 446 infelix
615 381 789 444 homuncio:
820 383 885 443 Non
905 385 1040 462 angelus,
1065 379 1176 465 inquit,
1200 403 1256 442 noa

97 485 212 561 legetur
226 487 343 565 ola'qurh,
367 489 419 546 sed
432 497 542 566 egomet
553 489 621 546 deus
633 497 718 566 poter
731 489 847 546 necessi.
896 481 962 566 Qua
981 505 1034 548 sua
1051 505 1124 547 vooe
1142 483 1256 546 alienus

97 605 165 648 esse
182 587 429 670 deprehenditur,
455 589 502 671 qui
519 583 668 652 Christum
687 586 804 650 minime
822 587 1039 672 praedieatione
1055 607 1108 649 sua
1125 586 1257 650 eeiehra·

97 687 191 765 rerit,
217 709 304 772 quem
323 691 452 754 eoeleste
470 710 556 753 omne
574 691 680 755 donum
700 689 840 754 diuinitus
861 689 1005 752 ecelesiae
1026 689 1161 754 collatum
1184 709 1257 754 rere

95 809 265 874 semperne
283 792 436 874 magnifiee
453 792 642 878 praedicarit.
689 791 790 877 Quare
806 803 892 858 extra
910 813 1016 878 eorpus
1032 791 1187 870 ecelesiae,
1213 801 1256 854 to·

95 892 215 976 tinsque
235 894 369 978 eorporis
394 905 480 978 eaput
506 915 572 959 esse
590 897 772 980 reperietur,
798 917 852 958 neo
872 917 936 958 eum
958 896 1023 973 ihu,
1047 895 1183 979 iuquam,
1207 915 1257 958 oo·

96 995 223 1059 haerere
240 997 353 1081 eapite,
378 1020 416 1058 ee
437 1020 490 1079 qno
509 1007 595 1060 totum
615 1020 719 1080 eorpus
741 1011 963 1078 coagmentatum
981 1002 1098 1073 ereset‘t,
1128 1008 1160 1060 ut
1181 996 1257 1060 sori·
1269 1008 1319 1056 σοι.
1332 1010 1354 1066 ¹,
1367 1011 1401 1056 te.

94 1109 182 1182 ptura
207 1099 348 1183 loquitur.
395 1097 510 1183 Quippe
536 1101 669 1164 dominus
694 1112 797 1163 noster
821 1097 904 1164 iesus
924 1097 1061 1163 Christus
1084 1101 1122 1162 ita
1149 1111 1257 1164 semet·

93 1201 191 1284 ipsum
210 1193 390 1281 declararit,
416 1223 521 1266 revera
534 1214 567 1266 ut
584 1224 755 1286 germanum
773 1223 841 1267 esse
858 1204 989 1288 pareatis
1013 1204 1256 1268 flliumostende-

94 1314 152 1366 ret.
201 1301 366 1368 Montanus
389 1316 491 1369 eontra
513 1306 561 1370 vei
584 1319 735 1391 parentem
758 1327 792 1369 se
814 1327 881 1370 esse
904 1305 1058 1388 gloriator.

182 1403 269 1488 Quae
286 1429 351 1469 eom
370 1408 411 1471 ita
426 1409 496 1487 sint,
520 1430 577 1492 quo
593 1410 710 1472 tandem
727 1419 823 1494 paeto,
847 1405 995 1493 Phryges,
1020 1408 1067 1494 qui
1084 1417 1184 1471 eontra
1202 1427 1255 1471 nos
1274 1417 1334 1486 ουρ.
1351 1417 1409 1469 xtt.

94 1507 164 1572 nori
189 1509 297 1572 iterum
318 1509 419 1574 hostes
442 1511 639 1594 consurgitis,
661 1523 695 1574 et
715 1523 841 1575 externa
858 1512 982 1595 quadam
998 1513 1096 1597 speeie
1112 1509 1257 1576 Christia-

95 1631 163 1674 num
194 1611 229 1674 ad
256 1631 363 1676 nomen
390 1615 587 1700 usnrpandum
611 1613 750 1693 illuditis,
775 1635 809 1678 ao
832 1611 1030 1678 Troianorum
1056 1625 1085 1677 et
1106 1611 1255 1700 Phrygum

96 1713 204 1776 hostile
220 1713 251 1776 in
269 1736 324 1778 nos
341 1715 438 1778 odium
456 1716 626 1796 imitamini,
651 1716 703 1800 qni
717 1737 790 1794 uos,
816 1717 952 1800 inquam,
977 1716 1084 1780 hahere
1102 1717 1186 1780 iidem
1205 1740 1257 1780 vo·

95 1815 140 1878 his
158 1837 333 1902 possumus,
358 1840 422 1881 oum
441 1818 476 1882 oh
494 1818 636 1882 eoelestia
652 1820 726 1881 dona
744 1839 798 1883 ros
816 1820 852 1882 ab
872 1819 998 1883 eeclesia
1016 1818 1190 1883 discessisse
1213 1821 1257 1883 ia·

97 1919 206 1982 etatis?
249 1917 320 1984 Non
341 1921 417 1983 euim
440 1921 581 1985 eoelestia
598 1941 666 1984 esse
684 1922 758 1984 dona
780 1932 901 2007 possunt
920 1942 994 2005 quae
1013 1934 1165 2008 tantopere
1188 1933 1257 1987 sunt

95 2021 131 2082 ah
151 2021 297 2085 eiusmodi
317 2023 401 2085 donis
423 2023 536 2101 aliena,
561 2043 692 2109 quaeque
711 2035 828 2109 praeter
844 2024 1004 2087 institutam
1022 2047 1039 2088 a
1056 2026 1173 2088 domino
1197 2027 1257 2088 lor-

96 2145 172 2186 mam
191 2145 226 2186 ao
245 2125 389 2188 rationem
413 2126 586 2205 ostenditis,
611 2127 851 2210 quemadmodum
876 2127 1035 2212 prophetae
1057 2127 1147 2191 vestri
1171 2128 1257 2215 proii-

96 2237 209 2289 tentur.
255 2223 316 2291 Sed
332 2225 527 2290 Maximillam
549 2229 651 2292 neseio
673 2252 756 2314 quam
776 2229 861 2292 nobie
883 2228 1055 2308 obtruditis,
1081 2230 1185 2314 qnippe
1209 2230 1256 2294 rel

95 2328 158 2413 ipsa
176 2331 293 2391 nomina
310 2341 410 2394 vestra
428 2351 443 2392 a
463 2331 607 2394 commoni
628 2351 681 2394 osu
698 2344 809 2394 remota
828 2341 897 2394 snm
916 2341 945 2394 et
962 2333 996 2394 ad
1017 2343 1158 2394 terrorem
1177 2353 1255 2396 eom·
1324 2318 1327 2325 ¹

95 2431 205 2514 posita,
230 2453 327 2515 neque
347 2433 416 2496 mite
432 2432 585 2518 quiequam
603 2433 660 2498 iilis
676 2433 754 2496 inest
769 2444 820 2497 ortt
837 2435 1004 2510 ineundum,
1029 2435 1081 2496 sed
1099 2433 1254 2496 herbarum

96 2543 126 2594 et
146 2545 277 2617 agreste.
325 2532 407 2597 liaeo
427 2534 518 2619 igitur
532 2533 716 2614 Maximilla,
741 2557 825 2620 quam
843 2534 976 2622 Phryges
1000 2535 1048 2598 isti
1072 2536 1253 2621 praedicant,

95 2635 211 2714 audite,
237 2632 350 2700 Christi
367 2637 435 2714 iiiii,
461 2640 701 2721 quemadmodum
722 2639 865 2722 loquitur:
888 2643 938 2700 Me
954 2643 1062 2720 qru'dem
1077 2661 1132 2700 non
1147 2643 1252 2716 nndr'te,

94 2743 147 2800 red
163 2741 306 2800 Chrhtom
323 2743 427 2801 audite.
475 2738 590 2822 Quibus
612 2741 729 2819 verbis,
753 2741 822 2804 lieet
840 2737 960 2805 Christo
983 2741 1122 2805 honorem
1146 2743 1254 2805 habere

94 2841 248 2918 rideatur,
274 2841 377 2905 iisdem
402 2851 498 2906 tamen
526 2844 597 2929 ipsis
623 2865 753 2907 errorem
779 2865 863 2908 suum
891 2845 1083 2907 demonstrat.
1128 2841 1206 2907 Nam
1228 2842 1255 2907 si

97 2937 208 3006 Christi
227 2945 324 3021 loret,
348 2947 471 3008 eandem
490 2946 519 3008 in
534 2946 680 3030 loquendo
698 2947 849 3009 formulam
870 2947 1032 3024 adhiberet,
1058 2967 1114 3032 qua
1131 2945 1254 3032 apostoii

96 3065 198 3108 omues
217 3045 387 3130 singiliatim
405 3047 449 3112 usi
466 3059 545 3112 surh.
592 3047 737 3133 imprimis
756 3045 883 3126 Petrus,
912 3052 988 3122 Nos,
1014 3049 1124 3133 iuquit,
1148 3049 1185 3110 od
1202 3044 1406 3152 illossfiefflp

95 3153 262 3210 eude'm'mus.
310 3145 371 3214 Sed
398 3161 428 3212 et
454 3151 587 3213 domiuus
612 3152 675 3236 ipse
701 3149 794 3228 dixit,
826 3155 884 3230 Qui
903 3173 952 3212 uos
972 3155 1069 3225 ondit,
1094 3171 1138 3213 me
1158 3156 1248 3214 audit.
1263 3161 1362 3220 uuo-1⁰,
1374 3164 1406 3208 m

96 3247 204 3315 Paetus
221 3253 311 3314 item:
335 3255 497 3316 imitatores
511 3259 567 3315 mei
579 3267 676 3328 estote,
700 3259 778 3315 rtem
789 3265 819 3315 et
831 3275 883 3333 ego
897 3257 1014 3315 Chrr‘sn‘.
1050 3254 1092 3316 ht
1107 3256 1156 3317 itia
1172 3275 1252 3317 men·
1262 3273 1405 3330 1.cor.11,1.

97 3353 193 3418 tiendo
210 3355 260 3417 vet
285 3353 498 3419 invitaveram
523 3357 608 3420 dio-it:
634 3368 772 3440 reeteque
796 3356 872 3420 istud
891 3355 1007 3436 adiiuit,
1031 3359 1082 3418 red
1097 3361 1248 3419 Chrr'stum.

97 3452 193 3542 Saepe
209 3457 290 3519 enim
307 3457 412 3540 impuri
429 3459 549 3542 spiritus
564 3461 738 3544 semetipsos
755 3469 900 3542 oogrrntur
915 3468 1064 3538 evertere,
1088 3481 1152 3522 enm
1168 3480 1184 3522 a
1202 3479 1253 3522 ve·

96 3559 180 3621 ritate
199 3558 397 3636 abhorreant,
422 3581 457 3624 ae
475 3561 620 3624 dominum
641 3583 742 3638 strum,
768 3560 860 3623 velint
879 3557 988 3639 nolint,
1014 3563 1183 3625 treoessario
1201 3563 1251 3624 de·

96 3661 220 3724 olerent.
270 3659 521 3746 Quemadmodum
546 3663 638 3749 puelia
664 3662 712 3726 ilia
732 3660 897 3748 Pythonieo
917 3665 1020 3748 spirito
1041 3663 1169 3750 praedito
1192 3663 1251 3725 eia·

97 3765 207 3842 mahat,
232 3767 367 3826 Homines
381 3769 434 3826 esu·
445 3769 493 3827 dei
507 3769 642 3826 ultissr'mr‘
654 3769 734 3827 serui
747 3777 823 3827 sunt.
868 3764 937 3849 Quo
961 3779 992 3829 et
1013 3768 1080 3830 iilud
1104 3766 1246 3851 pertineto
1263 3791 1311 3833 net
1323 3789 1348 3834 rt
1370 3792 1402 3836 m

97 3870 154 3928 Car
170 3871 278 3929 mesti
288 3879 355 3928 note
370 3879 475 3950 tempus
492 3879 622 3950 torpuere
638 3873 712 3930 nos?
753 3872 890 3932 Nooe'mrar
907 3874 959 3950 qm'
973 3873 1029 3942 st's',
1053 3879 1168 3929 sanetus
1190 3872 1244 3930 dea'.
1256 3820 1363 3896 ΜΝ*
1369 3843 1402 3888 ²⁹¹

98 3967 139 4034 lto
154 3967 324 4034 Maximilla
342 3970 370 4032 vi
396 3972 519 4054 quodam
538 3971 660 4055 impulsa
686 3971 780 4036 audiri
801 3992 834 4035 se
851 3971 969 4034 minime
989 3971 1067 4050 vutt,
1091 3972 1142 4032 sod
1161 3967 1248 4036 Chri-

96 4084 183 4136 otum.
230 4070 290 4155 Qui
316 4072 407 4156 igitur
428 4073 483 4136 hoo
504 4073 540 4137 nh
558 4075 605 4137 illa
625 4072 770 4138 audierint
788 4073 873 4156 eique
892 4073 1087 4153 crediderint,
1111 4093 1164 4136 enr
1185 4093 1248 4137 eam

97 4175 203 4239 diutins
223 4175 358 4254 andiunt,
382 4196 447 4238 oum
463 4195 521 4240 non
537 4175 643 4261 ipsam,
667 4176 718 4238 sed
734 4169 883 4238 Christum
901 4176 1074 4238 audiendum
1088 4175 1124 4238 ab
1139 4175 1250 4240 iiiamet

96 4276 156 4360 ipsa
175 4276 352 4340 didicerint?
395 4273 436 4341 Et
457 4297 531 4342 vero
554 4299 618 4342 oum
638 4277 755 4342 nonnisi
775 4287 893 4341 terrena
913 4278 1054 4360 quaedam
1070 4279 1198 4357 effutiat,
1222 4278 1247 4342 si

97 4380 170 4444 nilus
187 4380 216 4444 io
233 4379 278 4444 eis
294 4380 539 4460 sensusiuesset,
564 4379 665 4446 audire
682 4381 760 4445 iham
777 4399 957 4464 nequequam
975 4392 1136 4464 oporteret.
1180 4377 1247 4444 Neo

99 4484 233 4566 estquod
254 4482 374 4547 ohiioias
395 4480 469 4546 hono
484 4481 670 4564 intellexisse
691 4481 759 4571 quid
778 4483 900 4546 diceret.
945 4479 1015 4548 Nou
1041 4483 1118 4548 euim
1140 4481 1247 4546 iutelli-

145 4597 234 4656 oopu
246 4593 458 4644 mitta
1024 4606 1043 4668 3
