3176 4930
368 234 762 292 rnunanurs.1r.ron.a.
780 233 985 288 nasamone.
1194 215 1256 290 tub

102 377 133 422 sc
153 359 248 436 ierat,
272 356 356 442 lyrae
378 357 528 422 cuiusdam
551 357 662 435 instar,
687 377 745 419 noo
765 354 958 420 abhorrentes
981 366 1070 442 atque
1090 355 1254 422 discordes.

101 457 219 545 Quippe
244 461 281 524 ad
306 461 353 539 id,
379 470 411 524 ut
429 479 535 524 reuera
553 467 703 544 compotes
727 457 835 536 simius,
867 479 925 522 non
948 468 980 522 ut
1001 477 1069 522 csse
1091 457 1254 538 uideamur,

100 563 179 626 omni
198 560 342 626 estnobis
357 561 444 626 animi
459 560 648 626 conuentione
664 560 786 624 colenda
801 559 922 638 irretitis,
946 571 978 624 ut
995 581 1051 623 uon
1069 560 1160 624 ueluti
1175 561 1255 626 elau·

100 663 226 728 dicando
253 663 416 748 sapientiae
442 665 567 729 studium
596 681 802 747 capessamus,
833 681 928 748 neque
953 663 988 726 ad
1017 662 1140 746 gloriam
1163 663 1257 748 magis

100 785 185 852 quam
209 765 247 829 sd
271 767 425 830 veritatem
443 765 607 844 crnimmur,
631 775 682 828 aut
706 765 765 842 sic,
790 761 928 848 tanquam
950 763 1089 827 eximiam
1111 765 1256 848 quandam

100 869 208 933 leciem
230 877 262 929 et
281 866 398 932 inanem
424 867 551 953 speciem
572 866 769 946 abducamus,
797 885 970 951 omnemque
990 865 1186 930 simulationis
1207 887 1256 932 οι-

99 981 199 1036 uatum
223 980 450 1054 apparatumque
473 969 641 1034 subeamus.

183 1069 265 1136 Sunt
281 1071 358 1134 enim
375 1073 518 1156 prolecto,
541 1081 610 1134 sunt
625 1070 673 1156 qui
690 1069 832 1134 orationis
847 1069 987 1153 tragicam
1000 1069 1034 1131 ad
1053 1089 1184 1156 pompam
1202 1090 1256 1134 ex·
1274 1071 1333 1136 can.
1346 1071 1412 1125 XX·

100 1185 224 1240 ornatae
241 1173 364 1237 artificio
381 1193 449 1237 sese
468 1173 637 1252 ventitant,
661 1173 702 1236 uti
720 1171 858 1236 mulieres
876 1172 972 1235 lacere
989 1171 1103 1252 solent,
1127 1192 1201 1258 quae
1219 1174 1255 1238 ad
1291 1137 1386 1210 (th.)

96 1277 279 1342 illiciendum
300 1297 335 1339 ao
353 1275 554 1361 decipiendum
571 1286 728 1340 externum
746 1274 879 1359 corporis
899 1273 1006 1337 cultum
1026 1294 1061 1337 uo
1079 1274 1254 1339 lenocinium

98 1379 258 1456 adhibent,
283 1377 337 1440 nisi
360 1397 472 1441 summa
486 1398 551 1440 cum
568 1375 656 1441 animi
674 1376 828 1455 cautione,
852 1376 906 1440 ilde
924 1396 959 1438 sc
976 1376 1138 1442 sobrietate
1153 1377 1255 1442 muniti

98 1483 133 1545 sd
154 1482 224 1545 illas
245 1479 449 1544 adolescentes
470 1479 574 1568 'oeulos
601 1479 750 1542 adiiciant.
796 1474 944 1561 Quocirca
969 1477 1125 1562 diligemur
1146 1499 1255 1543 careo·

47 1640 53 1650 .
97 1586 164 1648 dom
182 1592 231 1646 est
247 1602 301 1660 ne,
326 1591 479 1665 antequam
498 1590 588 1644 tomm
607 1599 668 1644 rem
690 1589 828 1644 accurate
852 1578 1088 1665 perceperimus,
1111 1581 1255 1646 eiusmodi

97 1705 256 1750 sermones
281 1685 316 1747 ad
340 1683 453 1747 aruimus
479 1692 597 1746 nostros
620 1682 833 1748 adhaerescere
856 1682 1011 1767 patiamur.
1056 1677 1154 1768 Saepe
1176 1683 1253 1748 cuim

96 1787 205 1852 accidit
223 1796 256 1850 ut
273 1787 445 1870 deceptores
463 1785 613 1848 doctorum
634 1805 751 1869 operam
773 1794 973 1848 antevertant.
1017 1781 1089 1848 Non
1111 1784 1198 1848 sliter
1218 1804 1254 1850 so

96 1886 226 1955 Sirenes
241 1887 442 1952 crudelitatem
459 1907 542 1950 suam
557 1898 587 1950 ct
605 1887 634 1950 in
650 1885 782 1950 homines
799 1887 896 1950 odium
920 1887 958 1950 iis
978 1885 1027 1972 qui
1048 1907 1116 1950 sese
1140 1887 1255 1972 lugiunt

95 1991 247 2056 suauitate
262 1990 344 2054 uocis
360 1989 519 2054 occultant.
555 1985 641 2072 Quod
657 1988 715 2052 nisi
730 1988 771 2052 ita
786 1999 844 2067 est,
865 1988 995 2073 iuquam,
1012 1988 1159 2066 bussuli,
1179 2009 1254 2075 quae

95 2105 144 2158 toa
162 2093 266 2158 settle
284 2113 317 2155 ea
335 2113 368 2156 rc
392 2090 559 2155 seutentia‘l
602 2086 714 2154 Eadem
732 2111 807 2174 quae
825 2101 892 2170 tua,
916 2091 1079 2177 respondit.
1124 2087 1254 2155 Proinde

94 2194 268 2260 moussiae
286 2193 432 2278 opinionis
449 2193 595 2278 sophistas
611 2212 714 2256 omncs
730 2193 953 2257 simulacrorum
972 2193 1106 2257 veritatis
1128 2193 1255 2258 imitatu·

94 2318 144 2361 res
161 2317 234 2362 esse
257 2296 396 2373 dicimus,
421 2315 456 2358 ac
473 2293 607 2376 veritatis
626 2294 717 2380 ipsios
735 2294 872 2380 ignaros,
896 2294 1059 2360 cuiusmodi
1075 2304 1145 2358 sunt
1160 2295 1255 2380 picto·

95 2419 158 2464 res.
205 2395 285 2462 Nam
302 2408 332 2462 et
345 2398 395 2462 isti
413 2397 531 2462 navium
546 2396 723 2462 architectus
740 2407 770 2460 et
784 2417 877 2462 naves
893 2396 972 2481 ipsos
990 2417 1025 2462 ac
1040 2397 1254 2481 gubernatores

95 2500 269 2587 exprimere
286 2499 426 2564 imitando
449 2499 585 2578 student,
610 2520 675 2563 uum
694 2498 926 2564 labrieanrlarum
950 2499 1066 2562 riarium
1087 2498 1253 2582 gubernan-

96 2603 185 2688 dique
201 2602 262 2666 sint
277 2601 415 2688 imperiti.
464 2599 558 2666 Visne
572 2601 674 2686 igitur,
698 2611 733 2664 ut
745 2599 858 2666 abrosis
877 2601 1025 2665 coloribus
1043 2599 1141 2686 pueris
1160 2600 1253 2686 pictu-

95 2725 198 2770 rarum
217 2703 332 2768 illarum
348 2703 541 2768 admiratione
557 2704 663 2768 defixis
679 2704 927 2790 persuadeamus,
950 2723 1045 2788 neque
1062 2723 1166 2768 suavem
1185 2721 1254 2767 esse

95 2827 174 2892 quae
200 2805 287 2870 naris
305 2805 439 2884 uidetur,
463 2826 559 2890 neque
578 2805 805 2890 gubernatorem
831 2807 878 2890 qui
902 2805 1082 2890 gubernator
1102 2815 1252 2891 appareat,

93 2910 146 2974 sed
166 2908 314 2991 parietem·
327 2928 394 2972 esse
410 2909 531 2993 picturis
545 2929 581 2972 ac
596 2908 745 2978 coloribus
759 2906 947 2974 extrinsecus
960 2909 994 2971 ad
1012 2908 1189 2993 uoluptatem
1205 2927 1254 2970 or-

95 3011 220 3075 oatunr‘i
264 3007 350 3092 Quod
366 3020 481 3088 autem,
506 2997 614 3095 optimc
630 3009 693 3088 uir,
718 3011 852 3095 inquam,
875 3010 1025 3074 simulacri
1040 3011 1186 3074 duntaxat
1202 3029 1254 3072 ua·
1361 3025 1363 3028 ·

94 3115 140 3177 uis
163 3133 201 3174 se
218 3111 442 3194 gubernatoris,
466 3131 525 3176 uon
543 3111 627 3176 naris
645 3113 755 3198 ipsios,
778 3114 942 3176 imitatores
958 3113 1019 3175 sint
1039 3110 1088 3196 qui
1111 3110 1254 3176 eiusmodi

94 3235 188 3300 opera
207 3213 339 3277 colurum
354 3215 498 3278 uarietate
516 3214 678 3293 linxerunt,
702 3215 819 3300 longum
840 3215 1016 3299 estquidam
1032 3213 1069 3277 iis
1088 3213 1137 3298 qui
1153 3213 1255 3277 audire

94 3315 220 3402 cupiunt
236 3315 404 3394 exordium,
428 3318 480 3380 sed
496 3326 593 3379 tameo
611 3316 693 3380 utile.
740 3315 857 3381 Etenim
874 3317 900 3380 si
917 3317 1079 3380 diuinarum
1097 3316 1255 3402 scriptura·

93 3440 158 3482 rum
183 3417 295 3496 rerba,
326 3418 430 3502 quibus
454 3417 621 3503 opinionem
645 3439 727 3484 suam
754 3419 789 3483 ud
813 3419 988 3484 illudendum
1014 3429 1150 3503 tanqunrn
1172 3418 1256 3484 uario

94 3522 230 3586 colurum
257 3539 369 3604 genere
393 3519 593 3603 distinguunt,
624 3541 659 3584 ac
681 3521 820 3586 iustitiam
846 3522 1058 3607 veritatemque
1081 3531 1257 3605 arroganter

94 3623 268 3699 nominant,
292 3621 421 3686 iustitiae
446 3623 561 3708 penitus
584 3622 695 3708 ignari,
720 3627 771 3690 sed
793 3625 818 3688 si
839 3623 905 3708 quis
924 3624 971 3688 illa
995 3623 1146 3701 detrabat,
1170 3643 1255 3706 quarn

95 3737 126 3788 tu
147 3724 292 3788 ridiculos
312 3725 375 3788 iore
393 3724 462 3788 illos
487 3725 641 3790 existimas
664 3727 830 3790 istiusmodi
852 3725 1003 3790 uocabulis
1028 3727 1154 3791 exutos?
1196 3720 1257 3789 Mi·

94 3849 160 3892 rum
186 3827 217 3891 iu
240 3824 375 3905 modum,
406 3826 512 3912 iuquit.
558 3825 636 3892 Tum
662 3849 736 3914 ego,
760 3827 841 3894 Num
865 3840 896 3893 tu
918 3831 984 3894 uiae
1007 3829 1084 3895 illius
1107 3829 1167 3891 dux
1188 3847 1256 3894 esse

92 3975 235 4044 scitiores,
260 3977 325 4046 ῑφηι
340 3977 408 4046 ἐγώ,
435 3977 476 4032 uel
489 3981 571 4032 ταῦτα
592 3979 660 4034 rlbs·
694 3985 819 4045 ιιιιιοιιιιιι,
844 3985 886 4033 ssd
901 3986 1089 4046 interropottonls
1104 3987 1184 4034 nolum
1205 3987 1257 4046 post

93 4057 173 4111 esau
200 4051 264 4112 quod
278 4050 401 4099 mendaci
420 4050 514 4111 danum
533 4052 662 4130 lampu-
697 4049 742 4102 καὶ
758 4045 788 4102 ου’
804 4050 889 4103 πλοίου
909 4053 1029 4114 licendum
1050 4054 1104 4103 bens
1127 4054 1258 4103 morcourt

92 4122 167 4170 nonu
188 4123 241 4179 post
264 4111 381 4177 briiduruc
405 4118 554 4180 collocando,
581 4112 662 4170 cuurd
697 4119 830 4168 Gutclterns
846 4121 862 4166 ι.
877 4121 893 4168 t.

91 4186 253 4238 reseribmdo.
287 4187 399 4235 ruamus
416 4187 549 4247 suspicatus
568 4191 601 4238 ιιι
621 4187 662 4236 ds·
734 4187 772 4235 tu.
789 4185 826 4254 τῷ
843 4189 952 4249 useripnt
971 4201 1016 4249 pro
1037 4183 1083 4252 ri,
1108 4189 1171 4252 ᾳιιοιι
1187 4191 1257 4251 uutpo

91 4269 145 4304 esse
162 4254 264 4313 alicuid
696 4258 777 4315 estol,
806 4256 916 4306 Gototsrt
939 4257 1059 4318 moenium
1077 4261 1174 4307 xantus.
1217 4259 1258 4314 Ειι

129 4321 155 4374 7.
173 4313 323 4400 a'psxclucrc
340 4322 391 4370 cod
408 4322 484 4371 least
697 4326 760 4372 enim
783 4326 930 4385 prouerbium
950 4320 1055 4389 Μακρὸν
1078 4320 1107 4378 ab
1131 4323 1256 4390 προοίμιον

128 4391 155 4440 tt.
173 4405 206 4440 ou
222 4389 274 4438 cod
294 4389 369 4439 Vens.
696 4389 736 4458 τῷ
750 4387 909 4457 danupsiam
920 4385 1038 4457 sincium,
1055 4394 1118 4457 quod
1132 4394 1203 4444 bobes
1215 4405 1257 4460 op,

129 4454 156 4510 9.
178 4458 254 4520 tutuo
275 4461 328 4518 post
350 4455 543 4523 κεκοσμημένος
569 4461 601 4508 cst
625 4457 663 4508 dl·
698 4461 820 4520 Plutonem
836 4461 905 4523 l’oltt.
922 4463 962 4512 lib.
978 4463 1019 4526 ll,
1036 4460 1061 4514 9.
1076 4478 1103 4546 p.
1116 4460 1175 4532 iiii,
