3168 4926
130 1267 363 1346 SYNOPSIS
392 1267 557 1345 ronta
583 1268 719 1344 LIBRI
737 1269 797 1360 lt,
825 1269 906 1364 Qut
930 1269 979 1344 IN
1006 1269 1239 1346 TOMORUM

165 1386 317 1466 lttlrlu
346 1387 647 1465 CONSTITUTA
674 1389 816 1462 SERlll
846 1387 1070 1483 QUARTUS
1096 1389 1200 1482 EST,

301 1507 633 1603 conumeratus
660 1507 913 1586 Halaesus
940 1508 1072 1585 XVIII.

189 1829 216 1896 l.
252 1831 424 1900 Eneratitae
446 1831 565 1900 Tatiani
595 1835 735 1918 quaedam
764 1833 844 1898 velut
872 1835 1031 1919 appendix.
1083 1831 1123 1898 Hi
1149 1833 1265 1920 nuptias

104 1937 265 2015 lammae,
296 1956 367 2021 quas
382 1931 515 2003 Satanae
533 1935 674 2002 tribulant.
712 1937 768 2011 ,Ab
787 1937 980 2002 animatorum
998 1936 1127 2000 omnium
1143 1957 1199 2000 usu
1216 1936 1267 2000 alt·

103 2039 274 2110 etioeotlum
297 2059 365 2104 esse
387 2039 531 2103 sentiunt.

194 2139 235 2206 ll.
266 2137 533 2226 Cataplrrygastae‚
551 2139 766 2225 Montanistae,
786 2152 816 2204 at
828 2139 1074 2226 Tasootlrugitae‚
1096 2141 1143 2227 qui
1157 2152 1269 2206 utrum·

107 2264 166 2328 que
186 2253 392 2307 testamentum
411 2243 589 2329 approbant,
614 2247 665 2308 sad
683 2266 777 2308 novos
793 2244 949 2329 prophetas
966 2247 1001 2307 nd
1019 2256 1153 2330 receptos
1170 2255 1200 2308 et
1216 2267 1269 2309 un·

104 2347 205 2430 liquos
229 2347 387 2426 adiiciunt,
418 2367 453 2412 ae
470 2345 646 2412 Montanum
663 2347 807 2432 quendam
830 2357 861 2410 et
878 2345 1040 2412 Priscillam
1064 2367 1098 2410 ae
1116 2345 1268 2412 Maximil-

104 2450 166 2514 lam
189 2449 370 2534 praedieant.

194 2547 251 2614 lll.
287 2547 467 2636 Pepuziani,
499 2551 546 2635 qui
569 2561 600 2614 ot
619 2548 802 2636 Quintilliani
821 2549 974 2630 dicuntur,
1006 2551 1270 2636 quibusaoeeduut

106 2664 139 2720 el
162 2651 367 2739 Arlolpritae,
399 2652 602 2740 superioribus
626 2654 739 2737 quidem
762 2653 837 2732 illis,
871 2653 926 2718 hoe
950 2665 997 2718 est
1019 2651 1268 2744 (iatophrygibun

108 2756 319 2820 annumerandi
337 2766 416 2822 sunt.
463 2753 524 2820 seu
542 2755 579 2818 ab
595 2756 632 2820 iis
649 2766 745 2820 umen
763 2755 879 2820 diversa
897 2755 1035 2820 nonnulla
1049 2757 1190 2820 serutiuot.
1222 2757 1269 2820 Aa

108 2855 261 2946 Pepozam
276 2859 423 2924 desertum
441 2859 584 2946 quoddam
602 2857 736 2942 oppidum
753 2855 898 2922 Galatiam
914 2858 991 2922 inter
1008 2869 1037 2922 et
1054 2855 1269 2944 Cappadoeiana

108 2961 196 3024 situm
214 2960 321 3026 aliriois
334 2960 495 3026 honoribus
509 2961 667 3040 extollunt,
685 2981 808 3045 eamque
824 2959 1061 3046 Hierosolymam
1076 2983 1144 3028 esse
1158 2963 1270 3028 alienat.

109 3061 287 3132 Molaribus
310 3083 412 3128 saeros
437 3062 624 3148 magistratus
650 3083 685 3127 ne
709 3064 875 3128 saeoralotia
900 3063 1045 3128 delerent.
1092 3061 1192 3130 Certis
1215 3065 1272 3128 ini·

111 3170 222 3233 uantur
245 3165 414 3250 mysteriis,
448 3166 552 3249 quibus
576 3167 727 3251 puerulum
753 3167 936 3230 oonloaliunt.
981 3163 1113 3249 Fingunt
1133 3163 1272 3252 Pepuzae

110 3265 262 3336 Christum
286 3267 354 3334 olim
379 3264 540 3352 Quintillae
566 3269 722 3334 videndum
745 3289 778 3332 se
805 3269 975 3354 praebuisse
999 3269 1131 3332 muliebri
1159 3271 1269 3354 speeie.

112 3369 188 3434 'l'am
208 3381 297 3435 vetos
316 3391 400 3454 quam
418 3391 526 3434 novum
544 3381 751 3436 testamentum
770 3371 924 3452 adhibent,
955 3370 996 3434 ita
1016 3383 1113 3436 tameo
1131 3383 1162 3436 ut
1177 3373 1272 3458 plora·
1318 3435 1323 3444 ,

112 3493 167 3558 que
188 3493 243 3559 pro
263 3472 356 3539 animi
377 3471 496 3536 libidine
518 3485 710 3540 oenamutent.

196 3572 254 3640 Ν.
290 3573 650 3656 Tesssresoaetleeatitee,
675 3576 723 3661 qui
740 3587 817 3642 stato
832 3577 901 3640 anari
919 3577 965 3642 die
981 3575 1096 3642 Pascha
1109 3576 1269 3640 celebrant.

112 3675 151 3744 Ul
164 3698 378 3764 quamcumque
394 3677 424 3742 in
441 3677 516 3742 aliem
533 3675 622 3744 xlv.
639 3681 725 3746 lunae
742 3680 916 3758 incurrerit,
940 3680 1004 3742 sive
1019 3679 1183 3756 sabbatum,
1207 3677 1272 3742 sive

114 3781 260 3847 lominica
281 3779 387 3860 luerit,
411 3801 445 3846 ea
468 3781 515 3844 die
537 3779 671 3847 ieiunant
692 3803 726 3846 ao
749 3783 901 3877 peruigilio
924 3782 1085 3846 eelebrent.

199 3983 242 4050 V.
278 3983 365 4068 Alugi
383 4005 400 4048 a
416 3985 501 4048 nobis
517 3986 557 4049 ita
574 3984 714 4050 nominati
729 3987 776 4070 qui
795 3983 912 4050 loannis
928 3986 1112 4071 evangelium
1128 4007 1163 4050 ao
1175 3982 1273 4070 λόγον,

116 4089 170 4154 ltus
189 4099 242 4169 est,
260 4087 381 4152 verbum
406 4089 489 4150 tleurn
515 4109 533 4151 a
552 4099 633 4170 patre
651 4109 767 4172 semper
784 4089 933 4172 genitenta,
967 4089 1148 4174 coelitusque
1165 4091 1273 4155 demis·

116 4211 196 4270 saon,
220 4189 305 4256 euius
319 4189 349 4254 in
366 4189 523 4274 euangelio
539 4189 589 4258 illo
605 4189 715 4256 mentio
730 4191 773 4267 lit,
798 4192 968 4273 repudiantq
993 4211 1048 4254 oee
1063 4189 1186 4257 loannis
1200 4195 1273 4257 duo·

117 4305 197 4361 taxat
218 4291 422 4376 evangelium,
445 4293 499 4356 sel
521 4302 552 4356 et
572 4291 772 4380 Apocalypsin
794 4292 943 4358 reiieiunt.

120 4443 318 4514 σιώρουγιτῶν,
342 4450 368 4496 al
384 4447 455 4496 ulum
470 4448 552 4510 torpa
567 4449 622 4498 luunt
636 4447 679 4498 aa·
712 4447 813 4514 poeonia
831 4449 905 4500 traxit
921 4451 990 4500 altana
1003 4449 1060 4500 liber
1075 4452 1170 4502 loannis
1183 4451 1273 4502 Domo·

119 4517 175 4566 lent
210 4517 337 4568 comam
356 4515 416 4566 lllml
438 4517 522 4566 ullam
541 4513 680 4583 Kaaaqpu-
712 4519 782 4569 ssent.

1020 4601 1069 4668 μ
