3168 4942
343 247 479 302 ιιιιιιι
498 249 560 300 ιιι.
579 249 612 300 n.
630 249 712 302 ron.
728 249 760 300 u.
779 239 878 300 ιιιι.
894 247 1001 301 uxvrr.
1190 231 1251 300 '105

87 383 151 449 illia
171 384 385 470 perfectissima
400 397 459 449 tam
480 385 515 450 ab
532 381 653 450 Gbristo
673 384 791 450 domiuo
807 405 893 469 quam
910 383 947 448 ab
967 384 1108 472 apostolis
1127 403 1162 449 ac
1183 405 1252 470 pro-

89 486 189 572 phetis
208 486 363 552 abeodem
382 487 480 551 missis
497 499 543 551 est
564 487 689 567 dietum,
714 487 766 551 sed
790 487 829 550 lta
847 499 962 565 tamen,
987 498 1019 550 ιι
1035 507 1088 572 pro
1111 487 1254 572 cultasque

90 589 188 652 raiae
207 589 262 654 loci
282 600 311 653 et
334 591 498 676 argumenti
519 590 737 675 opportunitate
758 591 936 676 prudentor,
960 601 1049 675 atque
1066 609 1107 654 cx
1126 591 1253 654 ueritate

90 690 206 776 prolata
227 692 288 756 sint
310 693 461 756 universa.

180 791 296 857 Etenim
320 795 356 857 de
372 791 494 858 Cbristo
520 791 685 858 vaticinans
711 791 807 859 David
825 791 973 858 Hebraico
995 793 1094 878 lingua
1120 793 1249 871 dixerat,
1299 787 1362 856 cap.

89 901 157 972 Eli,
183 899 237 971 elr',
270 897 570 960 lammasabacthani.
619 893 705 979 Quod
731 896 887 982 deinceps,
922 908 953 960 ut
979 907 1043 960 erat
1060 857 1408 981 praedictumfffflllp,

90 999 123 1061 in
141 1017 230 1061 cruee
246 997 381 1061 domiuus
396 997 545 1083 implevit,
570 1018 636 1061 cum
653 995 803 1062 Hebraico
823 997 940 1082 lingua,
965 1001 1030 1074 Eli,
1054 1001 1108 1072 ela',
1134 1016 1254 1060 exora·

91 1100 151 1164 auli
177 1099 231 1163 ιιι
257 1099 467 1184 pronuntiavit.
513 1096 623 1164 Cetera
645 1121 733 1185 porro
758 1099 900 1164 voeabula
926 1100 982 1164 duo
1008 1121 1066 1164 uon
1093 1096 1253 1177 Hebraico,

91 1202 146 1265 sed
174 1197 300 1288 Syriace
327 1201 497 1281 subtexuit,
528 1205 842 1264 lammasabacthani.
899 1199 944 1266 lta
970 1201 1111 1288 principio
1138 1202 1255 1286 quidam

91 1304 238 1368 eiusmodi
255 1325 327 1368 usus
342 1315 404 1384 est,
430 1304 514 1388 quale
533 1305 568 1368 de
586 1305 651 1390 ipso
670 1306 766 1368 luerat
780 1303 939 1389 scriptum,
963 1315 1062 1368 cetera
1083 1304 1178 1367 aliana
1201 1303 1255 1366 liu·

91 1427 151 1491 gua
171 1405 313 1485 subiecit,
345 1427 380 1470 ao
407 1427 466 1470 uon
491 1406 562 1470 nibil
584 1407 675 1470 verba
702 1407 904 1470 commutavit.
952 1403 983 1470 ld
1008 1407 1085 1491 quod
1111 1404 1262 1490 singulari

92 1508 216 1593 quadam
240 1519 283 1572 est
310 1509 463 1594 prudentia
491 1509 616 1586 lactum,
650 1519 683 1572 ut
700 1529 765 1571 oum
782 1513 849 1582 Eli,
873 1511 916 1570 ali
933 1508 1064 1587 diceret,
1096 1507 1255 1593 propbetae

91 1609 163 1674 illud
180 1610 348 1674 vaticinium
376 1611 411 1674 ad
438 1611 641 1694 sepertinere
664 1609 868 1696 profiteretur,
901 1631 967 1674 cum
991 1630 1063 1675 vero
1083 1611 1159 1694 quod
1184 1607 1254 1672 rali-

92 1732 181 1797 quum
206 1721 250 1776 est
281 1735 339 1776 uon
364 1711 531 1792 Hebraico,
564 1713 616 1776 sed
644 1709 770 1798 Syriaca
797 1713 984 1798 conciperet,
1018 1732 1121 1775 eorum
1148 1713 1254 1774 lustum

91 1815 300 1900 comprimeret
316 1816 412 1899 quise
428 1813 577 1878 Hebraico
600 1815 700 1900 lingua
717 1813 880 1878 insolenter
896 1815 1054 1892 efferrent,
1079 1823 1110 1876 ιι
1125 1809 1162 1876 ad
1177 1812 1256 1876 edita

92 1917 130 1979 de
147 1937 180 1979 se
195 1917 223 1979 in
241 1917 336 1980 sacris
352 1917 446 1981 literis
465 1917 583 1981 oracula
607 1917 780 2002 complenda
799 1927 915 1980 ceteras
935 1937 1049 2002 quoque
1066 1915 1182 2000 linguas
1205 1915 1256 1978 ad·

90 2017 219 2083 biberet.
266 2015 399 2084 lustabut
425 2019 502 2082 enim
528 2029 641 2104 tempus
664 2019 734 2082 illud
760 2040 818 2104 quo
844 2019 889 2082 sui
916 2019 1049 2082 notitiam
1075 2039 1128 2103 per
1151 2036 1255 2080 omnes

92 2119 230 2184 nationes
250 2119 443 2201 diffunderet,
469 2141 527 2183 non
550 2141 614 2184 ouur
635 2118 782 2184 Hebraeis
799 2123 886 2184 modo
899 2121 1147 2199 communicaret,
1172 2128 1204 2182 ut
1225 2117 1256 2180 in

93 2231 158 2284 toto
181 2224 244 2286 lere
270 2221 405 2306 vigesimi
432 2223 515 2308 primi
534 2219 642 2286 Psalmi
666 2231 808 2286 contextu
831 2221 950 2306 legitur.
996 2219 1053 2286 Ubi
1079 2231 1255 2305 tanquama

94 2335 235 2409 suscepta
250 2324 377 2388 bominis
393 2335 497 2388 natura
516 2325 703 2410 pronuntiata
722 2325 757 2388 ad
782 2324 923 2388 humanos
943 2323 1068 2388 affectus
1090 2341 1256 2386 accommo-

94 2427 163 2490 data
185 2436 254 2490 aunt
269 2427 386 2505 onnuia,
411 2447 487 2512 quae
505 2427 620 2511 quidem
641 2426 803 2491 adveniens
818 2427 881 2511 ipse
898 2427 1067 2512 complevit.
1114 2421 1193 2490 Sunt
1206 2423 1257 2486 illa

94 2549 189 2607 vero,
214 2549 289 2613 quae
308 2527 338 2590 iu
359 2549 396 2591 eo
411 2525 530 2592 Psalmo
554 2529 700 2614 loquitur,
732 2548 863 2614 quaeque
886 2529 920 2591 ad
941 2525 1052 2593 Cbristi
1077 2525 1258 2591 iucarnatio-

93 2651 162 2693 nem
180 2630 329 2715 pertinere
348 2629 483 2708 dicimus,
509 2631 544 2694 ad
559 2630 720 2694 institutam
740 2651 755 2692 a
776 2629 860 2694 nobis
877 2629 1103 2716 disputationem
1122 2625 1257 2714 inprimis

93 2742 274 2818 opportuna,
306 2730 389 2796 velut
403 2753 469 2795 oum
489 2733 548 2796 ait:
572 2737 740 2794 vocaberunt
754 2737 916 2795 casamenta
932 2753 1008 2807 maa,
1041 2741 1087 2811 et,
1110 2735 1256 2794 Foderunt
1267 2737 1357 2835 Pppltp²
1378 2789 1410 2836 η

92 2855 195 2896 manna
212 2855 304 2909 ιιιιι,
329 2847 357 2895 ιι
369 2839 456 2916 pedes
472 2856 561 2910 meos,
595 2835 683 2913 item,
706 2838 771 2915 Ipsi
787 2857 853 2896 cero
872 2839 1136 2910 cannamomum,
1161 2846 1192 2896 et
1210 2839 1254 2898 t’n-
1281 2822 1319 2886 1³3
1358 2822 1365 2840 ’

91 2945 251 3018 sparserant
271 2959 331 3012 me,
364 2957 399 3000 ao
423 2947 522 3000 cetera
549 2937 575 2998 id
593 2957 706 3022 gauus,
739 2937 863 3020 quaein
886 2936 949 3022 ipsa
976 2935 1131 3000 divinitate
1155 2935 1256 3022 perlici

92 3047 261 3122 nequeunt,
285 3040 337 3102 sad
355 3039 383 3101 iu
401 3058 492 3102 carue
513 3039 670 3120 duntaxat,
696 3039 724 3102 io
743 3060 799 3124 qua
818 3038 955 3103 diuinitas
970 3039 1087 3118 omnia,
1111 3037 1192 3102 nulla
1211 3039 1256 3102 al·

92 3139 223 3204 lectione
246 3151 401 3226 susceptu,
425 3141 540 3204 sodex
563 3141 605 3204 rei
629 3151 726 3206 tamon
750 3139 894 3219 veritate,
917 3139 1075 3226 praestitit.

180 3241 297 3307 llursus
315 3244 393 3308 velut
410 3241 513 3306 luriosi
532 3240 646 3326 quidam
663 3263 769 3322 canes,
795 3263 889 3328 neque
906 3243 1053 3306 dominum
1078 3260 1149 3326 prae
1172 3239 1254 3304 rabie
1299 3251 1359 3316 esp.

93 3342 220 3429 amplios
238 3355 453 3429 agriosoeutes,
485 3354 516 3408 ιι
531 3345 559 3406 ιι
582 3343 676 3428 ipsum
696 3344 818 3429 primum
836 3345 973 3430 impetum
992 3343 1151 3422 iacientes,
1182 3339 1255 3406 insi·
1272 3317 1390 3372 mm·

92 3447 180 3512 liunt.
227 3444 360 3532 Cumque
380 3446 538 3511 latentibus
554 3445 640 3510 uobis
663 3445 691 3509 id
707 3447 782 3530 quod
807 3465 855 3509 res
876 3457 923 3510 est
941 3445 1079 3525 audiunt,
1105 3440 1256 3508 Christum

93 3549 244 3613 dominum
268 3550 298 3611 iu
320 3549 474 3634 evaugelio
497 3549 533 3611 de
550 3547 699 3633 discipulis
723 3548 785 3611 suls
810 3545 867 3610 ista
888 3545 1018 3612 dixisse:
1053 3550 1129 3626 Quane
1152 3550 1258 3609 dedisti
1268 3544 1360 3642 ¹33¹·ss

93 3653 168 3714 nra'bi
182 3663 284 3732 pater,
316 3655 430 3712 moaci
447 3654 514 3712 illos
535 3655 565 3736 n'n
587 3653 705 3712 mando:
734 3649 858 3728 delude,
888 3653 947 3710 Fae
969 3653 1061 3730 ipsos,
1095 3660 1130 3710 ut
1147 3654 1208 3711 mist
1227 3655 1257 3712 in
1305 3626 1313 3654 ⁹

93 3775 154 3828 me,
184 3758 261 3814 sabat
281 3775 335 3834 ego
356 3765 385 3814 et
406 3764 436 3814 tu
459 3775 544 3814 unum
565 3773 672 3814 samua.
721 3750 799 3817 Tum
817 3749 858 3814 illi
883 3749 969 3814 nobis
990 3748 1148 3813 oblioluula
1181 3749 1258 3813 Ani·

93 3852 256 3918 madvertis
272 3852 435 3918 cuiusmodi
450 3853 501 3918 illa
518 3853 609 3918 verba
625 3854 705 3916 siutl
748 3858 829 3933 Ego,
854 3850 965 3936 iuquit,
990 3857 1135 3932 rapotae,
1159 3863 1190 3912 et
1200 3873 1255 3933 pa-
1267 3851 1346 3898 ¹⁰⁸¹·-

94 3969 140 4018 ιι·
160 3961 190 4018 in
212 3977 271 4031 me,
296 3965 325 4018 et
342 3959 422 4019 ambo
444 3977 529 4018 annm
545 3977 652 4018 snmus.
692 3952 778 4038 Quae
794 3975 852 4020 ιιι
869 3955 905 4017 ιι
922 3954 1099 4038 aequalitate
1116 3963 1253 4033 naturae,
1281 3906 1314 3963 Μ’
1327 3905 1360 3950 η

93 4059 148 4123 sed
166 4058 201 4122 de
223 4059 403 4123 voluntatum
429 4057 586 4122 concordia
611 4078 663 4143 par
682 4067 729 4121 est
745 4055 849 4142 accipi.
896 4053 1052 4139 Quomodo
1073 4052 1151 4118 euim
1169 4053 1259 4118 disci-

93 4182 187 4229 rattaua
203 4181 236 4229 ιιι
258 4179 568 4242 murmuratorum,
592 4191 661 4240 mem
695 4174 761 4226 euim
777 4183 831 4226 erat
848 4175 897 4225 iam
912 4173 950 4224 sui
967 4171 1138 4240 coguitionem
1157 4177 1207 4225 ottt

92 4248 156 4344 ἰφ
173 4247 207 4296 ⁰⁶
221 4249 334 4310 ''mm‘'
347 4243 376 4300 'l
395 4247 477 4298 λεῖπον
492 4244 530 4314 “ll
548 4243 626 4314 ῥητῷ·
729 4277 754 4332 7.
772 4273 872 4330 dosidis
887 4291 920 4342 pr
936 4259 1081 4343 (cuemund)
1098 4276 1167 4326 codd
1191 4272 1259 4329 dael·

130 4347 155 4382 0·
175 4332 267 4400 mpap
286 4333 337 4382 ιιι
351 4333 450 4394 nnuu.
696 4341 740 4400 aas
758 4363 805 4411 μοι
820 4345 884 4394 ιιι.

129 4413 154 4466 6.
173 4409 250 4468 αὐτοῦ
269 4417 338 4467 codd
359 4429 415 4466 nasa.
437 4421 543 4479 marana.
578 4409 662 4468 ιιτῶι
731 4411 790 4462 Cur.
808 4411 925 4461 LXVlll.
942 4437 976 4449 -
1009 4409 1029 4460 l.
1047 4404 1173 4474 dodrante
1190 4411 1258 4462 codd

92 4483 161 4534 aaut
196 4483 307 4534 canunt
328 4486 405 4534 ιιιιιι
423 4488 484 4534 neu
509 4481 661 4550 Expaasorm
695 4495 751 4532 msa.
764 4474 1259 4546 dodrantariapraeraaoao'ramo

148 4563 242 4623 Οοηιι
253 4563 390 4610 mma
405 4561 435 4609 ll.
448 4563 469 4610 Ι.
1014 4569 1056 4631 45
