3186 4928
375 233 512 286 rananrr
529 233 593 284 urs.
604 233 636 284 rr.
652 231 733 284 rost.
749 233 780 284 rr.
796 229 896 282 uase.
907 230 1001 284 nxvr.
1203 217 1266 283 407

108 355 250 440 quaedam
269 355 422 433 invenire,
446 375 486 438 px
508 353 581 418 urbe
604 373 658 417 sna
677 351 828 435 digressus
848 349 884 414 ad
905 350 1016 434 regiam
1040 351 1207 428 contendit,
1231 372 1266 415 ac

108 479 249 540 quorsum
269 456 400 521 venisset
418 456 554 541 aperiens
576 465 685 518 certam
709 452 767 522 lilio
791 451 871 536 rogis
897 473 980 536 opem
1006 453 1157 537 promittit.
1204 449 1266 518 Sed

107 579 176 643 spes
201 558 390 644 impostorem
418 555 532 622 lelellit.
578 555 657 620 Nam
682 578 747 621 cnm
775 575 866 640 aegro
889 555 1101 618 medicamento
1124 556 1265 639 quaedam

107 661 306 738 adhibuisset,
331 659 538 745 expectatione
554 681 608 723 sua
624 660 782 725 frustratus
797 667 854 736 est,
879 658 954 722 adeo
972 667 1004 720 ut
1017 656 1095 721 iuter
1109 656 1188 722 illius
1203 679 1266 722 ma·

108 784 165 826 nors
186 762 361 826 adolescens
379 773 528 845 postremo
546 761 585 825 sit
602 771 752 840 mortuus,
776 781 833 844 quo
851 780 926 823 vana
947 759 1041 844 ipsius
1063 779 1097 824 ao
1114 761 1265 826 mendacia

109 865 255 949 premissa
279 865 539 930 convincerentur.
586 862 670 928 llaec
690 883 755 926 cum
777 862 818 926 ita
841 861 1052 946 contigissent,
1082 861 1165 926 iussu
1185 863 1265 946 regis

107 969 136 1030 iu
155 967 273 1031 viuculo
289 965 457 1030 coniicitur.
502 963 609 1051 Neque
625 963 702 1032 euim
723 959 879 1030 Persarum
897 985 984 1048 reges
999 963 1029 1028 in
1047 964 1193 1048 gravioria
1215 965 1266 1028 dc·

107 1069 168 1134 licti
188 1089 256 1133 reos
273 1068 398 1132 subinde
416 1069 556 1154 supplicia
573 1070 752 1148 decernunt,
775 1069 827 1132 sed
845 1067 1032 1152 exquisitiori
1046 1067 1169 1151 quodam
1188 1087 1267 1130 mor·

106 1173 146 1236 tis
162 1171 333 1255 excogitato
358 1191 469 1255 genere
489 1170 643 1234 tormentis
667 1170 748 1256 priua
770 1170 837 1240 illos
855 1191 889 1234 ac
906 1169 1071 1253 quaestioni
1093 1168 1263 1234 subiiciunt.

106 1274 166 1339 llio
186 1275 278 1358 igitur
299 1273 414 1337 illorum
439 1294 502 1336 urus
523 1283 580 1336 est.

193 1478 235 1541 At
247 1475 372 1556 Manes,
396 1479 460 1542 sive
477 1473 642 1556 Cubricus,
667 1477 784 1541 interim
802 1477 832 1539 in
852 1496 973 1540 carcere
996 1477 1192 1556 detinebatur,
1216 1475 1266 1542 ubi
1286 1473 1346 1547 Cae
1360 1479 1394 1532 V·

105 1583 187 1646 illum
213 1579 346 1664 discipuli
369 1579 433 1643 eius
457 1579 614 1643 identidem
641 1579 820 1644 invisebant.
865 1576 927 1644 lam
950 1579 1029 1644 enim
1049 1601 1148 1659 suam,
1173 1591 1205 1644 ut
1225 1579 1267 1644 ita

105 1685 213 1762 dicam,
239 1705 355 1747 murrum
375 1682 533 1746 circulator
549 1682 605 1745 iste
623 1681 794 1766 collegerat,
818 1703 892 1765 quos
907 1682 1064 1768 discipulos
1083 1682 1264 1762 nominabat,

104 1789 181 1850 duos
198 1807 234 1849 ac
249 1785 365 1869 viginti.
401 1781 534 1866 Quorum
551 1805 568 1849 e
585 1805 709 1848 numeru
724 1795 785 1848 tres
802 1784 905 1869 elegit,
924 1783 1082 1864 Tbomum,
1107 1783 1266 1850 llermeam

106 1901 137 1952 et
153 1888 280 1952 Addam.
328 1887 374 1950 Ac
397 1909 462 1950 cum
483 1886 581 1950 auimo
600 1897 748 1972 repeteret
772 1908 846 1972 quae
865 1888 901 1951 de
919 1888 1013 1952 sacris
1029 1883 1266 1952 Christianorum

104 1990 189 2054 libris
206 1990 355 2068 audierat,
380 1988 474 2072 quijn
493 1985 603 2053 ludaea
620 1994 739 2074 totoque
759 2000 903 2054 terrarum
926 1990 999 2055 orbe
1017 1990 1265 2055 circumfereban-

104 2105 171 2172 tur,
200 2092 256 2158 hoc
279 2103 325 2155 est
347 2092 432 2175 lege,
456 2090 624 2174 prophetis,
650 2092 830 2175 evangeliis,
853 2095 1110 2178 apostolorumque
1132 2091 1263 2178 seriptis,

105 2207 261 2262 numerata
277 2194 400 2281 pecunia
419 2190 656 2277 Hierosolymam
674 2193 739 2257 illos
756 2195 874 2278 aliegat.
918 2193 981 2260 Sed
997 2195 1052 2259 boc
1068 2204 1137 2260 ante
1154 2197 1265 2260 iecerat

103 2319 193 2382 qnam
214 2297 243 2360 in
265 2315 415 2360 carcerem
436 2295 647 2373 coniiceretur,
672 2297 788 2380 quaudo
812 2297 886 2382 apud
911 2298 1018 2362 multos
1039 2296 1129 2362 verba
1153 2295 1264 2360 iaciens

46 2393 49 2400 ¹
104 2402 213 2485 dogma
227 2420 312 2462 suum
331 2398 455 2484 probare
472 2419 531 2462 uon
548 2409 676 2482 poterat.
723 2396 920 2481 Quamobrem
938 2400 1038 2464 audito
1057 2395 1170 2466 Christi
1187 2398 1265 2467 eiua·

104 2523 164 2588 quc
181 2521 348 2579 servorum,
375 2499 429 2563 hoc
447 2511 494 2564 est
509 2497 748 2566 Christianorum
767 2501 896 2580 nomine,
921 2501 976 2564 bac
991 2503 1053 2586 ipsa
1071 2501 1264 2587 professionis

103 2603 193 2668 huius
212 2601 404 2688 appellatione
424 2603 460 2665 ad
477 2601 641 2667 illudendos
657 2603 790 2668 homiues
804 2603 883 2668 abuti
905 2603 1017 2668 statuit.
1061 2601 1193 2668 Profecti
1210 2606 1264 2670 ita-

103 2727 163 2792 que
182 2704 315 2790 discipuli
330 2705 421 2768 libros
436 2704 494 2768 illis
511 2705 591 2768 nulla
607 2705 781 2790 interposita
798 2727 880 2770 mora
896 2716 1044 2772 coemunt.
1075 2705 1207 2784 ⁸lleindc
1228 2709 1265 2774 ad

101 2808 278 2892 magistrum
302 2807 415 2870 reversi
441 2806 497 2872 iam
523 2827 589 2870 eum
614 2806 748 2871 libertate
776 2809 917 2893 privatum
945 2821 1032 2894 atque
1057 2808 1087 2874 iu
1114 2831 1264 2875 carcerem

102 2922 288 2996 compactum
308 2909 468 2994 reperiunt.
516 2907 639 2991 Quoad
659 2908 738 2972 illum
755 2910 882 2994 ingressi
901 2911 992 2976 libros
1006 2912 1145 2976 offerunt.
1191 2911 1266 2998 Qui·

101 3017 160 3080 bus
178 3013 307 3097 acceptis
324 3032 358 3074 ac
372 3011 529 3094 diligenter
544 3011 671 3075 evolutis
687 3013 761 3078 mala
777 3013 833 3076 lide
849 3015 986 3098 pleraque
1003 3015 1187 3100 depravavit,
1212 3037 1264 3080 vc·

100 3117 188 3182 rituti
206 3115 388 3180 mendacium
407 3135 491 3176 suurn
511 3113 681 3194 admiscuit,
706 3113 879 3200 ubicumque
896 3116 1025 3202 speciem
1049 3117 1176 3202 aliquem
1197 3138 1264 3183 ora·

102 3220 198 3284 tionis
215 3217 439 3304 appellationem
459 3227 564 3280 nactus
580 3227 643 3294 est,
667 3237 742 3300 quae
760 3218 891 3282 nonnihil
913 3219 1060 3304 opinionis
1078 3241 1151 3284 suae
1169 3221 1265 3287 simile

101 3343 178 3410 prae
204 3342 238 3386 se
262 3321 370 3397 serretq
401 3318 478 3384 unde
496 3330 527 3382 et
549 3319 701 3382 confictam
726 3319 863 3405 deinceps
885 3342 954 3386 ase
974 3322 1100 3388 fabulam
1120 3325 1264 3388 affirmare

100 3434 232 3490 conatus
246 3433 303 3486 est.
338 3419 462 3485 lnterim
477 3421 589 3505 ingenti
607 3422 795 3505 pecuniarum
812 3423 842 3486 vi
857 3424 1041 3510 assiduisque
1055 3424 1193 3511 precibus
1209 3447 1264 3490 ex·

102 3538 194 3592 oratu
211 3524 470 3590 commentariensi
488 3525 584 3606 lugam
602 3523 722 3609 arripit,
747 3547 781 3590 ac
798 3526 901 3591 relicta
918 3524 1041 3592 Perside
1061 3527 1263 3594 Romanorum

101 3633 182 3694 lines
200 3627 375 3714 ingreditur.
422 3622 556 3712 Cumque
577 3626 634 3689 iam
657 3629 693 3690 ad
709 3625 943 3715 Mesopotamiae
958 3628 1149 3715 Persidisque
1173 3631 1263 3694 ocull·

100 3733 156 3798 nia
175 3753 211 3796 ac
227 3730 432 3807 solitudinem,
456 3749 531 3813 quae
547 3728 606 3794 illic
622 3739 685 3808 est,
710 3731 912 3815 pervenisset,
937 3732 1100 3798 nuntiatum
1117 3743 1163 3797 est
1179 3753 1263 3818 prae-

99 3834 321 3902 stantissimum
347 3834 491 3916 quendam
516 3852 583 3898 esse
602 3833 714 3912 virum,
738 3845 826 3920 atque
843 3835 1003 3902 excellenti
1019 3836 1128 3922 pietate
1148 3835 1263 3921 praedi·

100 3952 187 4019 tum,
211 3934 385 4000 Marcellum
404 3933 541 4014 numine,
565 3936 613 4020 qui
630 3931 817 4016 Cascbarae,
841 3941 916 4022 quod
931 3937 1165 4026 Mesopotamiae
1181 3938 1263 4024 uppi·
1302 3933 1305 3940 ’

98 4197 257 4262 inquirendos
268 4193 427 4246 sucrosllbrm
441 4193 668 4256 nosocomorum
705 4191 776 4261 cogni
792 4193 876 4247 Prael.
898 4193 931 4246 ad
949 4193 1050 4246 Collect.
1066 4193 1179 4248 Menum.
1193 4195 1262 4251 Vett.

99 4273 129 4318 tn
142 4264 420 4324 caenomanensium
437 4275 495 4312 nona
509 4265 535 4312 lu
548 4277 603 4312 vnce
617 4265 670 4312 tuu-
704 4262 772 4314 Eccl.
789 4263 833 4314 Gr.
851 4281 876 4332 p.
893 4265 965 4330 Xll.)

98 4340 163 4386 dcto
190 4335 297 4384 lrcbetci
325 4332 490 4392 disputationis
513 4333 561 4382 tcec
586 4332 670 4380 disene
737 4329 761 4382 2.
778 4333 994 4397 Itucodllbedip.
1012 4333 1085 4384 etad
1102 4333 1185 4386 Peleo.
1220 4335 1262 4404 pe

99 4407 203 4462 αιειιισ,
226 4403 254 4450 ιιι
274 4401 395 4450 cuonem
418 4401 507 4461 {omum
530 4401 601 4461 solue
624 4413 670 4460 quo
705 4396 837 4468 σκήματος
852 4403 935 4454 babent
952 4404 1003 4454 cod
1019 4403 1066 4453 lert
1082 4404 1155 4454 uod.
1168 4406 1245 4466 prmo

100 4480 210 4535 tmepore
232 4473 258 4519 to
280 4481 370 4520 career
395 4467 565 4518 deunebutur.“
608 4467 669 4536 (Ze-
736 4469 760 4523 3.
780 4471 891 4536 smptccr
905 4471 942 4542 τῷ
961 4468 1003 4525 dul
1018 4469 1061 4526 τοῦ
1078 4469 1260 4540 δεσμωτηρίου.
