3176 4930
106 324 112 349 Ι
199 315 204 329 ⁶
313 239 375 304 330
708 253 860 306 σίτου
876 255 1046 309 εειειιιυιι

114 438 119 447 ,
168 385 236 454 Κεφ.
251 383 297 442 ιθ.
398 366 468 435 Ἐάν
485 371 518 435 δέ
533 369 683 452 διαφοράν
704 368 780 438 εἶναι
799 371 935 455 σάματος
951 371 1028 458 πρός
1043 371 1139 458 σάρκα
1157 369 1398 454 ῦποτοπάζωσιν,
1419 377 1467 438 ’ίνα

190 465 240 508 ⁹⁸⁸¹
255 455 302 500 Μ’
315 469 353 554 δή
368 473 418 536 καὶ
441 479 536 538 ταῦτα
552 471 654 549 αῦτοῖς
675 475 881 558 ἐπιτρέψωμεν
898 475 1118 560 λογικεῦεσθαι,
1144 477 1195 542 καί
1217 482 1302 558 σῶμα
1325 477 1380 557 μέν
1402 474 1466 542 &no

263 665 264 668 ρ
311 579 472 657 νομίζοιεν,
494 572 560 642 οίον
579 573 671 672 αὐτῆς
689 584 742 658 τῆς
761 585 875 660 ψυχῆς,
898 577 917 643 6
938 576 980 661 μὴ
998 580 1147 660 βλέπεται,
1170 576 1266 662 σάρκα
1280 578 1313 642 δέ
1330 585 1420 644 τοῦτο
1435 576 1466 643 τό

312 680 368 754 ἔξω
385 675 418 742 τό
435 675 631 760 βλεπόμενον,
653 680 782 758 λεκτέον,
805 678 847 756 ῦς
863 679 900 744 οῦ
916 679 1009 762 μόνον
1030 678 1048 746 6
1067 686 1187 758 Παῦλος
1201 683 1252 747 καί
1270 686 1302 747 οἰ
1315 688 1468 766 προφῆται

313 787 397 862 σῶμα
412 778 589 866 γινοόσκουσι
604 779 658 862 τὴν
674 780 770 866 σάρκα
791 780 989 864 ὀνομάζεσθαι
1004 782 1128 866 ταύτην,
1151 782 1222 848 άλλά
1244 786 1296 849 καὶ
1316 782 1397 848 άλλοι
1420 809 1468 864 φι-

311 881 449 964 λόσοφοι,
472 881 541 966 παρ’
555 880 603 959 οἷς
618 882 656 965 (λη
679 883 801 966 μάλιστα
823 882 910 966 καὶὴ
928 893 987 950 τῶν
1011 883 1166 968 ὀνομάτων
1189 884 1325 971 άκρίβεια
1344 911 1468 968 παρατε-

312 985 442 1070 τήρηται.
488 984 570 1070 Σάρξ
586 983 643 1070 γάρ
660 984 749 1064 ὅλως,
772 989 800 1051 εί
814 987 968 1070 βούλοιντο
985 989 1036 1052 καὶ
1053 992 1121 1074 περὶ
1136 988 1249 1054 τούτων
1266 987 1469 1071 ἐπιστημόνως

312 1089 550 1168 ἐπισκέψασθαι,
573 1095 634 1163 πάς
657 1085 675 1153 ό
696 1086 786 1173 όγκος
807 1082 896 1164 οὗτος
915 1097 969 1155 τοῦ
984 1089 1175 1173 σκηνιόματος
1194 1087 1281 1173 ἡμῶν
1298 1095 1412 1178 κυρίως
1432 1088 1470 1154 οῦ

311 1193 437 1276 λέγεται,
461 1188 532 1256 άλλά
553 1193 688 1276 τιμέρος
705 1199 758 1256 τοῦ
781 1191 866 1270 ῦλου,
888 1190 1028 1274 καθάπερ
1050 1191 1171 1274 ι’ὶόστᾶ,
1193 1191 1334 1277 ἢνεῦρα,
1356 1193 1379 1278 ἢ
1399 1194 1468 1273 φλέ·

311 1297 377 1376 βες,
399 1301 485 1376 στῦμα
501 1295 533 1358 δὲ
548 1292 581 1358 τό
601 1292 680 1358 ὅλον.
714 1293 812 1358 Ὅθεν
828 1296 880 1360 καί
896 1296 1001 1380 ἰατροί,
1024 1301 1056 1360 οἳ
1073 1295 1112 1379 δή
1127 1298 1178 1360 καὶ
1194 1298 1263 1380 περὶ
1278 1294 1399 1376 φάσεως
1412 1316 1469 1360 σω·

312 1395 414 1478 μάτων
439 1394 569 1480 άκριβῶς
592 1395 774 1479 διειλήσασι,
803 1405 887 1479 σῦμα
909 1396 1088 1483 γινώσκουσι
1110 1407 1198 1464 τοῦτο
1219 1397 1253 1463 τό
1277 1399 1468 1480 βλεπόμενον.

309 1497 392 1564 Ἀλλά
408 1502 460 1565 καὶ
482 1495 499 1564 6
517 1497 644 1564 Πλάτων
659 1501 711 1564 καὶ
729 1497 801 1565 αῦτό
820 1507 906 1566 τοῦτο
926 1507 1012 1583 σῶμα
1034 1503 1085 1566 καί
1104 1499 1194 1577 αῦτός
1216 1503 1376 1566 ἐπίσταται.
1419 1497 1470 1564 Ἐν

310 1609 384 1688 γοῦν
399 1609 442 1690 τῷ
463 1611 473 1648 ¹
489 1605 623 1668 Φαίδωνι
639 1599 657 1666 6
674 1600 854 1688 Σωκράτης,
874 1601 952 1689 ’Ἆρα
971 1601 1013 1686 μή
1031 1601 1099 1668 άλλο
1116 1630 1142 1668 τι
1158 1603 1210 1668 τόν
1226 1602 1363 1670 θάνατον
1377 1599 1469 1686 ἡγοῦ-

311 1713 392 1787 μεθα
414 1702 504 1785 εἶναι,
526 1707 601 1786 ἔφη,
625 1703 712 1786 ῦτης
729 1713 828 1788 ψυχῆς
846 1704 907 1770 άπό
922 1713 977 1771 τοῦ
994 1705 1130 1788 στόματος
1153 1703 1338 1791 άπαλλαγήνς
1361 1706 1415 1770 καὶ
1431 1701 1470 1766 εί-

309 1835 358 1874 ναι
375 1814 462 1872 τοῦτο
484 1806 641 1886 τεθνάναι,
663 1809 754 1892 χωρὶς
775 1808 828 1889 μέν
847 1806 906 1873 άπό
926 1815 979 1890 τῆς
997 1815 1098 1890 ψυχῆς
1115 1806 1279 1892 άπολλαγὲν
1299 1804 1373 1872 αῦτό
1396 1804 1470 1870 καθ’

311 1908 396 1974 ἑαυτό
414 1909 447 1974 τό
464 1918 548 1992 σῶμα
565 1911 731 1994 γεγονέναι,
753 1909 843 1992 χωρὶς
859 1911 891 1974 δέ
908 1908 964 1992 τὴν
979 1911 1081 1992 ψυχήν
1099 1917 1151 1976 τοῦ
1169 1910 1318 1992 σώματος,
1342 1907 1390 1974 “0
1412 1906 1469 1994 γάρ

309 2038 356 2076 τοι
373 2019 511 2093 Μωϋσῆς
526 2009 544 2076 o‘
561 2011 708 2097 μακάριος
728 2011 859 2094 (ἥκωμεν
874 2011 929 2098 γάρ
946 2014 998 2078 καὶ
1015 2015 1063 2078 ἐπὶ
1080 2012 1133 2088 τάς
1149 2011 1296 2098 κυριακάς
1316 2010 1376 2096 ἤδη
1398 2039 1469 2096 γρα-

310 2112 383 2196 φάς)
405 2112 442 2179 οῦ
459 2121 544 2195 στῦμα
568 2121 654 2179 τοῦτο
674 2112 871 2196 ὀνομάζεσθαι
896 2117 1060 2192 ἐπίσταται,
1084 2113 1102 2178 ό
1122 2117 1259 2200 λέγομεν,
1284 2117 1345 2180 Καὶ
1365 2122 1473 2179 πλυνεῖ

309 2215 345 2280 τά
362 2216 473 2300 ἱμάτια,
495 2219 601 2302 λέγων,
624 2219 734 2292 ἕντοῖς
747 2227 961 2302 καθαρισμοῖς,
984 2215 1003 2283 6
1018 2216 1190 2298 ἐπιψαύσας
1207 2225 1261 2283 τοῦ
1279 2215 1469 2298 άκαθάρτου,

308 2321 360 2386 καλ
377 2319 509 2386 λοῦσεται
526 2318 582 2387 2τό
601 2327 687 2402 σῶμα
712 2317 804 2383 αῦτοῦ
822 2317 923 2398 ῦῦατι,
943 2322 996 2387 καὶ
1014 2316 1188 2402 άκάθαρτος
1208 2322 1286 2384 ἔσται
1310 2321 1367 2394 ἕως
1383 2319 1470 2384 ἕσπέ-

309 2449 377 2506 ραςς
427 2428 461 2489 Τι’
484 2425 516 2487 δὲ
539 2424 589 2487 καὶ
609 2419 725 2505 όἿοόβς
756 2420 793 2486 οῦ
809 2429 894 2505 σῶμα
912 2424 1061 2488 ἐπίσταται
1079 2424 1131 2486 καὶ
1153 2419 1242 2498 αῦτός
1257 2428 1344 2487 τοῦτο
1366 2420 1400 2486 τό
1423 2445 1470 2486 νε-

308 2523 475 2610 κροόμενον
493 2533 607 2603 καλεῖν,
632 2524 762 2608 Φάρεται
776 2527 810 2590 δέ
825 2551 884 2607 μου
899 2523 932 2590 τό
952 2531 1036 2606 σῶμα
1050 2527 1082 2590 ἐν
1098 2527 1211 2612 σαρπίςι
1225 2522 1401 2605 σκωλήκων,
1424 2524 1471 2587 λέ-

308 2654 385 2712 γων;
420 2625 504 2692 Ἀλλά
519 2631 571 2693 καί
588 2626 607 2694 6
621 2625 782 2708 Σολομοόν,
805 2626 864 2709 ὅτι,
891 2630 949 2702 Εἰς
964 2625 1141 2708 κακότεχνον
1158 2625 1260 2708 ψυχὴν
1276 2623 1332 2692 οῦκ
1346 2624 1471 2700 εἰςελεῦ-

309 2751 388 2793 σεται
405 2733 512 2809 σοφία,
535 2728 606 2795 οῦόὲ
620 2728 790 2811 κατοικήσει
808 2733 840 2796 έν
857 2731 1008 2820 καττχρέςι
1025 2728 1137 2811 σώματι
1154 2725 1306 2810 άμαρτίιις.
1352 2727 1413 2790 Καὶ
1438 2729 1473 2792 έν

308 2839 350 2919 τῷ
366 2830 480 2913 Αανιήλ
496 2835 545 2896 ἐπὶ
560 2839 621 2896 τοῖν
639 2831 811 2917 μαρτύρων,
838 2831 901 2896 Οάκ
918 2835 1085 2916 ἐκυρίευσεν
1098 2827 1197 2896 αῦτοῦν
1214 2829 1247 2899 τό
1264 2837 1326 2913 πῦρ
1339 2837 1396 2894 τοῦ
1411 2829 1472 2894 στῦ-

310 2961 418 3016 ματος,
440 2936 564 3020 λέγεται,
590 2936 641 2998 καὶ
659 2932 679 3016 ἦ
694 2937 764 3018 θρὶξ
780 2942 834 3016 τῆς
850 2943 981 3016 κεφαλῆς
997 2931 1095 2998 αότῦν
1111 2931 1167 2997 οῦκ
1186 2934 1359 3016 έφλογίσθη.
1406 2933 1471 2994 Καὶ

309 3033 327 3102 6
343 3038 447 3120 κάρτος
461 3039 493 3101 έν
508 3043 549 3125 τῷ
564 3034 736 3124 εῦαγγελίω,
760 3036 818 3102 Διά
836 3044 923 3102 τοῦτο
938 3037 1013 3120 λέγω
1027 3032 1114 3117 ῦμῐν,
1137 3034 1178 3114 μη
1193 3041 1349 3116 μεριμνᾶτε
1364 3038 1393 3098 τί
1408 3032 1471 3114 φά-

310 3164 394 3224 γητε,
416 3137 437 3220 ἢ
454 3143 482 3202 τί
505 3141 683 3221 ἐνδύσησθε·
714 3137 779 3222 οῦχὶ
798 3137 818 3221 ἦ
836 3138 918 3221 ψυχὴ
935 3137 1035 3204 πλεῖόν
1057 3141 1115 3202 ίστι
1136 3143 1189 3218 τῆς
1207 3144 1338 3222 τροφῆς,
1359 3139 1411 3202 καὶ
1434 3137 1471 3202 τό

309 3249 393 3324 σῶμα
417 3249 470 3306 τοῦ
488 3240 666 3324 ἐνδύματος,Ι
711 3244 769 3305 Καὶ
791 3239 809 3306 6
831 3239 993 3316 άπόστολος
1015 3241 1064 3318 δὲ,
1091 3239 1149 3320 Μὴ
1172 3231 1227 3304 οῦν
1250 3240 1425 3320 βασιλευέτω
1451 3237 1473 3320 ἦ

309 3340 436 3426 άμαρτία
454 3346 485 3408 έν
504 3350 544 3432 τῷ
562 3349 665 3432 θνητῷ
684 3341 767 3426 ῦμῦν
787 3343 916 3424 στόματι,
944 3345 1036 3428 λέγων
1058 3349 1143 3424 στῦμα
1166 3340 1319 3426 γινιόσκειν
1340 3347 1428 3404 τοῦτο
1452 3337 1472 3404 ό

312 3451 503 3529 περικείμεθα
518 3451 676 3528 συνίστησι.
722 3447 782 3509 Καὶ
801 3443 906 3523 πάλιν,
930 3449 972 3508 Ei
989 3447 1020 3510 δέ
1040 3443 1073 3510 τό
1097 3450 1214 3525 πνεῦμα
1231 3451 1287 3508 τοῦ
1302 3445 1472 3529 ἐγείραντος

310 3547 425 3632 Ἰησοῦν
441 3551 519 3613 οἰκεῖ
531 3551 562 3614 ἒν
579 3546 664 3630 ῦμῖν,
688 3545 706 3612 6
722 3550 834 3632 έγείρας
853 3547 982 3630 Χριστόν
999 3550 1031 3613 έκ
1044 3554 1157 3631 νεκρῶν
1173 3545 1350 3628 ζωοποιήσει
1364 3547 1415 3609 καὶ
1433 3543 1472 3608 τά

308 3650 406 3734 θνητά
425 3650 545 3734 σοι’ματα
563 3649 657 3733 ῦμῦν.
703 3653 764 3714 Καὶ
787 3650 890 3730 πάλιν,
917 3648 988 3714 Ἐάν
1008 3654 1077 3738 είπη
1097 3647 1115 3715 ό
1132 3656 1209 3724 ποῦς
1226 3647 1288 3726 ὅτι,
1320 3646 1385 3714 Οῦιι
1409 3650 1472 3729 εἶμι

188 3789 238 3834 τις.
252 3777 297 3822 εει.
310 3758 388 3839 χεὶρ,
411 3752 466 3818 οῦκ
486 3757 545 3834 είμι
570 3756 602 3819 έκ
623 3760 677 3818 τοῦ
695 3751 847 3834 σώματος,
869 3749 906 3816 οῦ
922 3751 1003 3836 παρά
1020 3760 1107 3817 τοῦτο
1124 3751 1181 3817 οὐκ
1196 3751 1275 3816 ἔστιν
1291 3751 1324 3816 έκ
1338 3757 1393 3816 τοῦ
1410 3749 1469 3814 σοι’·

309 3883 409 3937 ματος.
454 3859 515 3920 Καὶ
533 3854 637 3931 πάλιν,
663 3858 723 3919 Καὶ
742 3852 784 3936 μὴ
809 3853 978 3935 άσθενήσας
993 3852 1125 3939 Ἁβραάμ
1145 3861 1181 3942 τῇ
1196 3857 1307 3931 πίστει,
1331 3849 1368 3917 οῦ
1386 3877 1470 3917 κατε-

310 3957 397 4040 νόησε
413 3958 445 4024 τό
463 3961 572 4024 ἑαυτοῦ
588 3964 674 4039 σῶμα
694 3955 922 4042 3νεκροάμενον.
968 3959 1028 4022 Καὶ
1044 3957 1148 4036 πάλιν,
1177 3953 1255 4032 Τοῦς
1275 3954 1331 4038 γάρ
1355 3951 1469 4028 πάντας

309 4057 388 4141 ἡμᾶς
404 4067 618 4144 φανερωθῆναι
642 4064 689 4124 δεῖ
702 4063 873 4144 ἔμπροσθεν
890 4066 944 4124 τοῦ
961 4059 1094 4141 βήματος
1108 4065 1162 4122 τοῦ
1181 4063 1327 4144 Χριστοῦ,
1349 4059 1400 4120 ἰ’να
1415 4081 1468 4120 κο-

312 4166 430 4244 μίσηται
445 4165 565 4238 ἕκαστος
581 4161 618 4226 τά
634 4161 685 4228 διά
701 4170 753 4228 τοῦ
768 4162 903 4244 σώματος
925 4160 1039 4246 πρῦςά
1062 4165 1176 4246 έπραξε.
1222 4159 1284 4223 Καὶ
1298 4156 1404 4238 πάλιν,
1427 4162 1471 4222 Αἱ
1573 4177 1574 4188 ’

312 4265 365 4344 μὲν
386 4267 536 4330 ἐπιστολαὶ
556 4269 673 4351 βαρεῖαι
687 4267 739 4330 καλ
755 4265 885 4347 ἰσχυραὶ,
908 4261 929 4346 ἡ
944 4265 977 4330 δὲ
992 4269 1141 4349 παρουσία
1156 4269 1210 4328 τοῦ
1226 4259 1364 4342 στόματος
1378 4259 1468 4326 άσθε-
1573 4329 1574 4332 ¹

331 4403 420 4469 'cm
447 4419 512 4468 mv.
547 4449 580 4460 -
636 4401 671 4470 ι.’
689 4423 750 4472 ειει.
782 4421 870 4470 phaed.
914 4421 963 4470 ιν.
981 4423 1078 4471 corma·
1093 4417 1121 4474 τε
1139 4419 1223 4486 σῶμα.
1259 4421 1323 4469 τινα
1339 4419 1467 4469 ποιιυι-
1573 4431 1574 4440 1

309 4503 362 4551 εομ.
381 4489 419 4540 10.
904 4505 934 4552 ρο
951 4489 988 4558 τῷ
1004 4487 1110 4556 σώματι
