3186 4928
356 231 617 284 stannaturam.
634 233 716 286 rost.
729 234 760 284 u.
778 233 877 285 nasa.
889 234 982 286 axvi.
1183 225 1241 288 401

73 351 188 414 ‘delon
215 351 372 435 appellant.
418 349 514 436 Quem
536 354 572 414 ad
597 352 691 415 locum
718 353 806 416 tertio
831 355 945 417 demum
974 375 1052 416 auno
1076 352 1244 419 Salomonis

90 454 210 539 appulsa
225 455 310 518 naris
329 475 430 517 aurum
445 454 625 534 advehebat,
650 466 679 518 et
695 455 898 541 elephantinos
914 457 1028 534 dentes,
1054 469 1084 520 et
1100 469 1243 536 aromata,

92 577 146 618 nec
162 578 219 619 non
235 568 265 619 et
281 578 422 642 pavones,
448 557 559 641 aliaque
578 557 729 621 nonnulla.
774 559 860 622 Alius
877 569 923 622 est
939 569 1039 642 portus
1056 560 1091 622 ad
1108 556 1244 624 Castrum

92 655 252 743 Clysmatis
276 660 432 724 obversus.
477 657 598 722 Tertius
624 661 653 723 iu
680 661 880 745 superioribus
904 661 1033 747 Aegypti
1056 661 1186 746 partibus
1209 663 1244 726 ad

90 759 257 826 Berenicen
288 763 432 846 pertinet,
472 783 526 844 qua
555 764 589 824 ad
617 759 799 830 Thebaidem
834 765 1025 848 pervcnitur,
1060 765 1243 849 indidemque

90 865 231 927 advectae
248 886 288 927 ex
307 863 390 928 ludia
408 885 521 928 merces
537 885 590 950 per
607 863 788 932 Thebaidem
807 865 1021 945 distrahuntur,
1047 877 1097 932 aut
1112 867 1246 932 Alexan·

90 968 182 1030 drianr
200 963 406 1052 Chrysorrhoa
424 967 559 1044 domine,
584 969 630 1052 qui
649 968 725 1032 idem
746 989 779 1032 ao
799 967 887 1032 Nilus
909 982 971 1046 est,
996 980 1025 1033 et
1042 971 1070 1032 iu
1093 968 1246 1054 scripturis

90 1067 178 1132 Genu
194 1068 316 1147 dicitur,
341 1070 472 1154 adeoque
491 1091 544 1154 per
560 1081 647 1134 tctarn
666 1071 833 1156 Aegyptum
855 1092 889 1134 ao
907 1069 1057 1136 Pelusium
1080 1093 1172 1156 usque
1195 1073 1398 1139 defleo-²1¹³·
1465 1140 1471 1155 ,

90 1171 249 1235 vehuntur:
294 1173 341 1235 At
360 1192 483 1255 eumque
501 1173 617 1238 modum
640 1174 674 1236 ad
696 1174 768 1238 alias
790 1174 876 1238 urbes
897 1196 988 1237 naves
1007 1175 1153 1260 applicant
1169 1196 1245 1240 mer·

88 1283 224 1352 calores,
249 1275 297 1358 qui
322 1296 361 1337 ex
384 1271 465 1338 ludia
488 1295 603 1340 merres
625 1276 654 1338 in
677 1274 880 1340 Romanorum
904 1278 977 1340 lines
998 1278 1168 1362 important.

176 1376 257 1442 llaec
274 1398 329 1462 ego
348 1377 434 1462 paulo
451 1377 619 1462 diligentius
636 1379 775 1442 historiae
793 1400 857 1442 sum
876 1401 979 1443 caussa
997 1369 1187 1465 persecutus,
1212 1391 1243 1444 nt
1262 1383 1323 1452 cop.
1339 1387 1370 1436 11·

87 1480 319 1564 uniuscuiusque
346 1491 446 1543 sectae
477 1478 596 1563 stirpem
629 1492 659 1542 et
688 1482 830 1565 originem
860 1483 987 1564 lectores
1017 1495 1243 1566 cognoscerent.

86 1582 168 1648 Nam
187 1585 235 1667 qui
253 1581 449 1646 narrationem
468 1583 593 1667 aliquam
611 1582 747 1662 institnit,
773 1585 807 1647 ad
825 1583 852 1647 id
872 1606 923 1668 pro
941 1585 1053 1650 viribus
1070 1585 1142 1649 eniti
1159 1585 1246 1649 debet
1346 1643 1348 1650 ,

86 1699 122 1750 ut
137 1686 173 1748 ab
191 1686 263 1772 ipsis
279 1685 491 1769 quodammodo
508 1685 654 1748 radicibus
674 1707 736 1750 rem
753 1707 868 1750 omnem
885 1698 1015 1772 repetat,
1042 1689 1117 1752 unde
1134 1690 1244 1752 veritas

87 1799 228 1852 constare
243 1789 352 1872 possit3
376 1788 444 1854 licet
459 1787 565 1872 alioqui
584 1788 720 1872 scriptori
735 1789 881 1853 sermonis
897 1791 1043 1874 elegantia
1058 1801 1088 1853 et
1103 1790 1244 1854 orationis

86 1901 229 1956 venustas
245 1913 302 1954 non
318 1902 468 1976 suppetat3
492 1912 550 1974 quo
566 1911 605 1954 ex
620 1892 662 1954 rei
676 1893 800 1956 veritate
815 1893 1007 1977 prudentibus
1021 1893 1049 1955 id
1065 1894 1140 1976 quod
1155 1913 1244 1976 quae-

85 1995 165 2058 ritur
180 1994 397 2078 comprobetur.
443 1991 503 2058 Sed
522 2003 553 2056 ut
572 1995 607 2056 ad
625 1991 817 2079 Scytbiannrn
838 1995 973 2073 redeam,
998 1995 1045 2058 hic
1068 1994 1153 2058 initio
1170 1995 1244 2058 divi-

86 2098 137 2160 tiis
159 2097 290 2173 indatus,
315 2109 345 2160 et
362 2107 523 2160 aromatum
549 2107 770 2182 ceterarumque
791 2117 831 2160 ex
849 2095 931 2160 ludia
948 2119 1035 2182 opum
1053 2098 1154 2182 copia,
1179 2119 1244 2160 cum

84 2198 240 2285 llppseleu
257 2197 418 2263 Thebaidis
432 2199 567 2284 oppidum
584 2199 726 2278 venisset,
748 2199 845 2284 ibique
862 2199 1002 2284 perditam
1020 2201 1163 2284 quandam
1181 2221 1244 2262 mu·

84 2301 240 2365 liereulam
255 2300 420 2364 invenisset
435 2301 562 2384 eleganti
579 2302 711 2386 corporis
728 2305 843 2387 specie,
868 2324 921 2388 pro
937 2323 972 2365 eo
990 2324 1025 2365 ac
1042 2303 1165 2366 stolidus
1180 2314 1245 2364 erat

83 2416 208 2488 stupore
226 2404 348 2468 affectus
363 2425 379 2467 e
396 2404 541 2490 lupanari,
564 2403 613 2468 ubi
629 2415 687 2468 tum
705 2405 900 2468 meretriciam
917 2407 1089 2485 exercebat,
1113 2404 1241 2482 abducit,

83 2519 117 2570 et
133 2507 171 2568 ad
188 2527 252 2570 eam
269 2507 496 2585 adhaerescens,
519 2508 550 2570 in
564 2507 726 2571 libertatem
745 2519 889 2572 assertam
909 2509 964 2572 sibi
982 2509 1011 2572 in
1029 2507 1243 2572 matrimonium

82 2609 235 2673 adiunxit.
279 2607 396 2673 Deinde
418 2610 506 2694 longo
533 2621 599 2694 post
623 2620 753 2694 tempore
773 2610 858 2675 homo
884 2611 1015 2676 nelarius
1039 2631 1108 2696 prae
1130 2608 1243 2673 deliciis

82 2711 208 2776 minime
229 2731 296 2775 sese
322 2711 494 2790 continens,
518 2723 549 2776 et
568 2713 597 2778 in
619 2713 678 2776 otio
702 2712 828 2797 degens,
853 2735 888 2777 ac
911 2713 1072 2778 sceleribus
1094 2721 1243 2788 assuetus,

84 2815 158 2880 novi
176 2815 283 2899 aliquid
299 2815 328 2876 in
345 2815 446 2878 orbem
464 2815 651 2879 introducere
668 2815 758 2878 nimio
774 2835 814 2878 ex
830 2815 902 2880 luxu
918 2815 948 2878 in
965 2816 1092 2880 animum
1114 2812 1242 2880 induxit.

83 2916 194 3002 ltaque
213 2937 302 2980 voces
321 2918 461 3001 quasdam
477 2918 619 2981 eiusmodi
636 2936 675 2981 ea
694 2937 781 2996 sese,
805 2939 863 2981 non
884 2940 925 2982 ex
947 2918 1042 2982 literis
1059 2918 1170 2996 sacris,
1193 2928 1245 2980 aut

83 3043 126 3084 ex
148 3019 244 3082 sancti
267 3019 386 3104 spiritns
411 3020 554 3099 oraculis,
586 3021 637 3084 sed
661 3041 700 3083 cx
723 3019 831 3084 infelici
856 3021 970 3084 humani
996 3020 1107 3103 ingenii
1129 3019 1243 3082 ratione

83 3132 273 3186 commentus
290 3133 347 3186 est.
393 3119 478 3206 Quae
496 3122 590 3201 enim,
614 3121 728 3201 aiebat,
753 3123 828 3185 ratio
844 3133 892 3186 est
906 3143 960 3185 cur
974 3143 1049 3206 quae
1063 3122 1093 3185 in
1110 3132 1172 3185 tota
1189 3121 1242 3184 hac

43 3275 56 3300 ,
82 3247 189 3290 rerum
210 3225 404 3289 universitate
427 3226 613 3289 continentur
636 3224 800 3309 inaequalia
826 3235 911 3304 sunt,
943 3235 1011 3310 puta
1030 3225 1125 3288 album
1148 3235 1179 3288 et
1200 3223 1244 3286 tri·

82 3351 194 3416 gruum
218 3329 328 3392 lclvum
345 3339 374 3390 et
389 3327 499 3405 viride,
524 3327 670 3390 humidum
685 3338 715 3392 et
732 3328 859 3407 siccum,
884 3329 997 3392 coelom
1015 3335 1158 3404 aeterra,
1182 3347 1244 3390 nox

83 3445 116 3498 at
141 3433 225 3508 dics,
249 3431 345 3494 anima
368 3441 397 3495 et
418 3451 541 3515 corpus,
569 3429 677 3493 bonum
703 3441 733 3494 et
755 3431 878 3510 malum,
909 3429 1015 3494 iustum
1039 3441 1068 3493 et
1089 3429 1242 3506 iniustum,

86 3535 150 3601 nisi
177 3535 254 3618 qnod
278 3553 318 3596 ex
343 3533 454 3597 duobus
477 3534 548 3610 baec
571 3542 640 3596 sunt
664 3532 812 3617 principiis
839 3535 963 3596 exorta?
1006 3530 1149 3596 Diabolus
1169 3531 1245 3595 enim

82 3637 190 3702 acrius
207 3635 349 3700 adversus
368 3636 522 3699 humanum
544 3655 638 3718 genus
657 3635 766 3699 bellum
783 3655 905 3698 movens
924 3617 1000 3698 illius
1018 3634 1107 3696 menti
1125 3643 1246 3719 porten-

82 3753 151 3804 tum
177 3738 247 3802 illud
269 3736 415 3824 opinionis
433 3735 637 3822 ingeneravit,
667 3738 741 3802 adeo
762 3747 794 3801 ut
816 3737 892 3822 quod
916 3757 1057 3821 nusquam
1080 3747 1126 3799 est
1147 3734 1245 3800 animo

81 3841 279 3926 conciperet,
308 3850 338 3904 et
361 3840 438 3924 qnod
461 3839 558 3925 reipsa
582 3850 628 3904 est
649 3840 766 3904 minime
792 3850 1000 3924 cognosceret,
1032 3850 1064 3902 ut
1084 3839 1113 3902 in
1137 3838 1245 3901 misere

82 3945 290 4014 aberrantium
309 3943 456 4007 bominum
475 3941 601 4027 ingeniis
619 3943 762 4028 quoddam
783 3943 890 4006 bellum
909 3941 1072 4022 excitaret,
1096 3942 1145 4025 qni
1161 3959 1246 4024 prae-

117 4136 145 4186 ¹2.
167 4130 343 4198 ἐξωμέστατον
360 4133 397 4184 cd.
412 4145 451 4194 pr.
686 4123 749 4182 ἀλλὰ
765 4124 801 4189 cic
815 4122 895 4196 ἀργὰς
909 4126 953 4182 acl
973 4131 1136 4180 moderatur
1152 4131 1177 4178 ta
1195 4129 1247 4179 cod.

117 4221 147 4274 3·
168 4213 255 4271 αὐτῶν
271 4220 334 4268 Μ
686 4199 881 4330 llbgdtqfflw‘
896 4268 967 4330 culpo
982 4270 1046 4315 catut
1059 4268 1179 4328 saraptana

116 4319 145 4374 4·
166 4318 258 4385 ἲῖῪῦυς
273 4325 330 4400 puto
345 4320 517 4372 flmmfflm
533 4333 562 4370 Ψ
578 4321 653 4370 ⁰⁰m'2·
721 4331 745 4386 7.
763 4329 938 4402 στραγγεῦσας
951 4337 1083 4397 suaptectcs
1095 4333 1247 4385 scleasw-

80 4397 157 4442 cturc
176 4391 222 4440 lca.
237 4389 360 4450 Sccquerl.
688 4406 753 4467 repar.

118 4477 145 4527 5.
173 4467 312 4540 ἀλητῆριος
334 4475 388 4523 labra·
409 4487 494 4525 caraea
511 4499 545 4512 -
580 4473 654 4524 Verbo
722 4472 746 4524 a.
762 4467 791 4525 τὸ
811 4473 957 4523 dedderotur
974 4473 999 4522 r'n
1016 4472 1052 4520 ed.
1070 4473 1150 4522 Petou.
1168 4471 1247 4521 cuca.

139 4557 236 4612 corpur
249 4553 381 4599 Hemeseol.
399 4551 429 4600 ll.
442 4556 463 4600 d.
1002 4560 1043 4624 26
