3186 4928
370 257 507 311 causan
524 257 763 311 unstrout.
781 255 880 308 usna.
893 255 985 306 nxrv.
1194 241 1252 306 351

99 378 149 464 qui
170 401 223 465 pro
241 377 381 463 singulari
398 377 578 442 humanitate
595 399 648 442 sua
670 377 861 442 amarantinis
881 385 1022 461 perpetuo
1042 373 1176 453 corariis,
1202 373 1256 438 boe

100 495 147 546 est
167 480 304 546 veritatis
326 480 528 564 dogmatibus,
550 479 705 544 ecclesiam
724 491 862 544 exornat.
907 475 997 542 Nunc
1019 497 1091 562 ergo
1113 478 1256 541 aduersus

99 585 226 648 eundem
251 605 303 669 pro
325 583 437 648 viribus
460 583 651 669 disputemus.

187 686 237 750 Tu
255 685 361 770 igitur,
386 685 424 749 mi
446 685 550 764 bomo,
574 705 627 770 per
650 685 746 750 iocum
770 685 842 748 baec
865 682 950 747 nobis
975 682 1097 761 obiicis,
1122 693 1153 746 ut
1173 681 1258 746 initio
1355 695 1366 712 ‘

101 788 299 867 meminimus,
324 799 487 853 utrumnam
505 787 592 874 pellic
609 789 724 872 quidam
744 788 816 852 deus
833 799 925 865 esset,
949 795 982 850 ut
999 795 1131 850 scorteos
1146 783 1259 848 tunicas

102 892 220 956 Adamo
242 891 364 974 eiusque
383 889 499 975 coniugi
518 892 645 969 laceret,
670 913 735 954 cum
753 891 862 954 nullum
882 891 975 954 adbuc
997 887 1156 972 iugulatum
1180 897 1261 950 esset

101 995 229 1058 animal?
271 993 317 1056 Ac
334 993 449 1059 tametsi
467 1003 592 1056 mactata
607 1011 674 1056 esse
691 995 792 1056 densus
808 992 917 1078 aliqua,
941 1013 1000 1056 nnn
1018 1002 1128 1070 tamen,
1151 989 1258 1073 inquit,

101 1097 138 1160 de
159 1096 290 1182 pelliceis
307 1095 433 1172 tunicis,
456 1097 509 1176 scd
527 1096 563 1158 de
581 1105 717 1174 terreno,
742 1097 818 1180 quod
838 1117 892 1158 nos
909 1093 1017 1173 ambit,
1041 1113 1165 1178 corpure
1182 1091 1260 1156 acci-

102 1199 210 1284 pienda
224 1199 297 1262 baec
312 1198 460 1262 videntur.
501 1195 535 1260 ln
552 1220 609 1283 quo
625 1198 703 1262 omni
721 1219 760 1261 cx
777 1207 861 1283 parte
875 1197 980 1261 diaboli
997 1197 1127 1260 fraudem
1144 1217 1179 1259 an
1195 1215 1259 1260 ser·

102 1301 199 1386 pentis
214 1302 400 1365 calliditatem
418 1300 525 1364 imitari
542 1300 744 1378 convincitur,
763 1311 855 1384 atque
874 1299 914 1364 ita
930 1299 1057 1364 bumana
1076 1297 1179 1382 generi
1196 1297 1260 1362 int-

103 1403 233 1468 delitatis
259 1404 454 1488 corruptelam
481 1403 680 1468 consciscere.
727 1400 978 1484 Quemadmodum
1001 1412 1030 1464 et
1056 1399 1150 1464 Eram
1174 1411 1260 1464 autea
1368 1441 1370 1446 -

103 1525 228 1592 serpeus
249 1506 299 1570 ille
319 1507 449 1591 decepit,
474 1527 509 1569 ac
525 1505 734 1592 simpliciorum
755 1505 902 1589 bominum
923 1504 1036 1568 animos
1055 1503 1184 1569 versutia
1208 1525 1261 1568 sna

102 1607 312 1672 accalliditate
329 1607 483 1693 pervertit.
532 1606 692 1674 Videamus
708 1608 798 1693 igitur
814 1617 1006 1676 utrumsture
1025 1627 1099 1691 quae
1115 1617 1215 1670 sunta
1232 1617 1261 1669 te

103 1710 182 1774 dieta
201 1709 331 1795 possint,
356 1731 421 1774 cum
441 1721 592 1796 tantopere
610 1709 752 1774 laboraris
770 1731 804 1774 ao
828 1712 935 1774 lrmtra
959 1721 1017 1772 tam
1039 1709 1161 1774 infinitis
1177 1711 1261 1774 volu-

102 1811 232 1876 minibus
256 1811 477 1878 conseribendis
502 1813 644 1897 quoddam
670 1813 719 1876 tibi
747 1821 897 1877 certamen
924 1812 1080 1876 indixeris.
1127 1811 1161 1878 Si
1184 1813 1261 1878 euim

103 1935 207 1978 verum
230 1917 368 1999 estquod
386 1915 421 1978 de
439 1926 468 1979 te
486 1915 669 2001 percrebuit,
694 1936 750 1980 sex
768 1916 906 1982 librorum
924 1914 1013 1980 millia
1029 1937 1046 1980 a
1062 1927 1090 1980 te
1106 1937 1174 1981 csse
1192 1937 1262 1981 con-

103 2018 234 2102 scripta,
259 2016 415 2096 oiulelix,
439 2017 488 2102 qui
503 2017 675 2082 inanissime
690 2017 860 2097 desudaris,
884 2040 920 2080 ac
939 2027 1062 2082 conatus
1077 2029 1142 2083 tuos
1160 2039 1263 2084 omnes

103 2131 187 2184 tauta
211 2119 300 2189 animi
320 2119 508 2184 contentione
527 2119 557 2182 in
575 2120 805 2205 vituperationes
826 2142 861 2184 ac
881 2120 1057 2186 vanissimas
1079 2121 1197 2186 fraudes
1219 2122 1264 2184 in‘-

103 2223 287 2316 sumpseris,
311 2243 429 2308 operam
452 2223 577 2307 denique
599 2233 676 2286 tuam
694 2224 803 2288 frustra
816 2222 973 2308 posueris,
998 2223 1134 2288 nimirum
1151 2225 1264 2310 pracci-

104 2325 172 2410 pnis
193 2325 251 2389 illis
274 2345 309 2388 ao
331 2324 509 2390 necessariis
533 2325 599 2388 lidei
621 2325 764 2410 capitibus
785 2326 996 2412 depravandis,
1021 2327 1207 2412 desperatum
1228 2347 1263 2390 ae

104 2429 204 2492 lrnctn
222 2438 373 2492 carentem
389 2427 468 2494 omni
484 2427 694 2512 negotiationis
709 2439 777 2492 tuae
793 2428 924 2492 laborem
939 2429 1101 2493 reddidisti.
1145 2426 1222 2492 Nem
1238 2428 1264 2492 si

105 2551 215 2616 eorpus
233 2552 291 2594 non
314 2530 460 2614 resurgit,
485 2531 564 2594 nulla
582 2529 638 2592 iam
655 2530 769 2594 animae
793 2551 862 2615 spes
884 2530 1054 2595 lucreditutis
1077 2529 1262 2616 relinquitur.

104 2631 202 2698 Unica
221 2634 297 2698 enim
317 2645 362 2698 est
380 2632 539 2716 eademque
554 2633 688 2717 corporis
707 2633 880 2717 animaeque
896 2633 1080 2712 commuuio,
1104 2655 1157 2718 par
1178 2645 1265 2718 atque

104 2736 185 2800 idern
208 2757 293 2820 opus.
337 2734 386 2798 'l'n
404 2757 476 2800 vero
494 2735 744 2800 resurrectionem
762 2735 849 2800 etiam
868 2735 989 2800 subdole
1014 2735 1173 2820 callideque
1193 2757 1266 2800 con·

104 2837 207 2917 litens,
231 2859 290 2902 non
306 2837 349 2902 rei
367 2839 534 2917 veritatem,
559 2839 611 2903 sed
629 2839 701 2904 salsa
716 2837 815 2922 specie
832 2837 1030 2902 adumbratam
1046 2838 1203 2922 imaginem
1219 2858 1266 2902 re·

107 2941 219 3020 tineus,
243 2941 337 3004 solum
356 2961 464 3006 nomen
483 2961 625 3027 usurpare
640 2940 769 3024 cogeris.
815 2937 901 3022 Quae
918 2940 995 3006 enim
1011 2941 1126 3006 animae
1144 2941 1201 3004 dici
1218 2960 1265 3004 re-

107 3043 255 3110 surreetio
273 3053 384 3126 potest,
409 3064 483 3128 quac
503 3065 599 3129 neque
616 3045 695 3108 eadit
715 3063 858 3128 unquam,
883 3065 937 3107 neo
958 3041 1125 3128 sepulturae
1147 3045 1266 3109 munda-

108 3156 173 3224 tur,
197 3146 248 3209 sed
265 3145 314 3210 vel
328 3146 523 3231 appellatione
537 3147 602 3233 ipsa
620 3146 765 3226 declarat,
789 3147 940 3231 eorporis,
965 3148 1040 3231 quod
1058 3147 1198 3212 ceciderit
1218 3169 1266 3211 se·

107 3247 277 3334 pultumque
300 3249 403 3327 luerit,
427 3251 677 3314 resurrectionem
697 3269 764 3314 esse
782 3246 947 3335 propriamq
968 3271 1055 3333 quam
1073 3249 1198 3335 ubique,
1222 3261 1266 3314 at-

108 3369 168 3434 que
189 3350 218 3412 in
246 3351 325 3414 omrai
348 3351 493 3436 scriptura
516 3351 651 3416 veritatis
676 3352 726 3416 lilii
754 3351 935 3435 praedicant.
980 3349 1015 3416 Si
1037 3350 1128 3436 igitur
1149 3353 1266 3418 minime

108 3451 257 3536 resurgit,
289 3473 430 3538 nusquam
454 3453 503 3516 illa
523 3464 570 3516 est
588 3453 798 3537 scripturarum
820 3456 949 3518 omnium
972 3457 1169 3520 monumentis
1190 3456 1267 3519 ccle-

108 3555 196 3618 brata
213 3555 404 3620 resurrectio.
451 3553 573 3620 Sublata
590 3577 678 3641 porro
695 3558 914 3622 resurreetione
930 3579 1005 3621 vana
1022 3570 1068 3622 est
1086 3567 1266 3622 mortuorum

110 3657 341 3722 resurrectionis
355 3657 536 3742 expectatio.
570 3657 640 3722 Non
655 3659 732 3722 enim
747 3659 782 3722 nd
798 3659 910 3722 animas
927 3660 976 3723 illa
990 3662 1144 3724 translerri
1159 3670 1266 3745 potest,

110 3779 189 3844 qnae
205 3779 386 3844 nequaquam
401 3760 573 3841 ceciderint,
592 3762 645 3825 sed
661 3761 841 3846 consepultis
855 3771 901 3826 est
916 3762 1070 3826 tribuenda
1082 3762 1265 3848 corporibus.

111 3859 249 3945 Quodsi
272 3883 339 3946 pars
362 3863 458 3946 aliqua
482 3865 700 3928 resurreetione
719 3865 897 3944 suscitatur,
928 3865 987 3928 alia
1009 3887 1076 3950 pars
1100 3865 1265 3951 deponitur,

111 3964 180 4050 quis
203 3965 260 4027 erit
285 3965 401 4028 tandem
426 3963 519 4050 partis
543 3964 619 4029 illius
638 3967 754 4030 status?
796 3963 867 4029 Non
894 3966 970 4030 enim
996 3978 1119 4053 possunt
1141 3967 1217 4031 aliae
1237 3967 1267 4030 in

111 4085 239 4153 corpure
261 4066 385 4132 excitari
404 4079 521 4153 partes,
544 4068 683 4150 depositis
701 4069 766 4146 aliis
788 4090 823 4131 ac
841 4067 964 4132 relictis.
1011 4065 1098 4152 Quod
1120 4080 1217 4134 autem
1240 4081 1270 4134 et

111 4170 240 4234 animale
258 4190 364 4254 corpus
382 4180 413 4232 et
429 4169 559 4254 spiritale
574 4170 692 4249 dicitur,
717 4192 774 4232 non
790 4171 833 4234 sic
850 4170 1049 4255 accipiendum
1068 4183 1124 4252 est,
1149 4173 1269 4239 ntaliutl

111 4272 264 4360 spiritale,
288 4272 364 4336 aliud
384 4273 509 4336 animale
526 4273 581 4352 sit,
604 4273 656 4336 sed
676 4282 708 4336 ut
722 4271 798 4335 idem
820 4284 906 4358 atque
922 4294 1011 4338 sunum
1032 4274 1117 4337 umbo
1133 4275 1182 4339 illa
1200 4297 1270 4340 cen·

111 4386 248 4441 scantur.
294 4371 413 4438 Etenim
430 4375 567 4460 quamdiu
581 4375 610 4438 in
626 4375 681 4438 boc
697 4376 805 4440 mundo
821 4397 992 4455 versamur,
1016 4397 1050 4440 ac
1066 4378 1270 4462 corruptibiles
1335 4381 1339 4392 '

112 4477 213 4544 carnis
238 4475 404 4542 lurnctioncs
430 4497 623 4558 exercemus,
654 4478 793 4544 animalia
816 4500 942 4566 corpora
964 4491 1044 4546 sunt.
1091 4479 1170 4546 Tum
1193 4481 1270 4546 eninr
