3168 4926
354 221 490 274 rananu
507 217 991 275 arom.comsanenxnvm.
1210 203 1249 274 19

91 349 230 418 audiens,
264 357 295 407 et
312 365 367 406 ron
389 346 570 422 intellegetis,
598 355 633 408 et
653 347 776 406 uidentes
796 345 941 416 ardebitis,
973 355 1003 404 et
1022 365 1078 406 non
1094 348 1246 424 orpr'cr'etr's.

91 445 178 530 Quae
202 469 268 511 cum
288 447 418 510 audisset
439 465 455 508 a
474 443 609 524 domino,
643 457 701 509 tum
721 445 756 507 ad
776 446 908 531 populum
929 448 1072 509 accedens
1091 446 1131 508 ita
1152 467 1251 509 narra-

91 550 161 612 bate
184 555 263 612 Haec
277 553 348 610 dicit
361 553 498 610 dominus.
544 545 675 611 Videsne
691 547 881 632 intelligentis
898 547 970 610 baec
985 567 1053 612 esse
1069 569 1143 632 quae
1162 549 1249 628 dicat,

93 673 152 714 non
177 653 241 715 eius
262 653 310 736 qni
330 663 415 714 extra
436 659 608 736 potestatem
630 650 757 714 exierit?
800 648 879 713 Nam
900 649 1041 713 eiusmodi
1063 671 1124 714 vox
1144 651 1251 714 nnllam

92 755 185 818 luisse
214 756 322 818 mentis
349 753 598 839 perturbationem
620 752 775 838 significat.
823 751 867 816 lta
884 763 1003 818 sanctus
1020 751 1161 817 Ezechiel
1186 775 1252 838 qrro·

92 858 181 944 pheta
197 857 315 920 dicente
330 857 465 933 domino,
490 860 548 918 For
563 859 617 919 tr'dr'
626 877 726 938 ponem
743 861 771 918 r'n
787 867 913 917 stercore
926 859 1062 930 domena,
1088 857 1249 941 respondit,
1262 871 1404 930 lametula.

91 965 190 1036 Atat,
206 965 334 1023 domine.-
351 963 426 1022 nr'dr'l
435 981 555 1040 unquam
564 981 706 1022 commune
719 971 748 1020 ct
760 963 928 1020 clamardum
941 963 1059 1020 rirtrcmt
1072 963 1100 1019 r'n
1114 981 1249 1022 ormerm.

93 1061 171 1128 Com
192 1065 270 1126 enim
290 1061 441 1126 minitandi
460 1061 554 1144 gratia
577 1061 633 1124 sibi
653 1084 669 1126 a
689 1061 806 1125 domino
825 1062 932 1124 dictum
950 1060 1019 1123 illud
1040 1059 1253 1125 animadverte-

91 1179 155 1246 ret,
188 1187 247 1228 rann
271 1165 351 1228 velut
369 1186 386 1227 e
405 1164 510 1226 mentis
526 1173 603 1228 statu
621 1164 752 1228 delectus
770 1164 868 1226 statim
889 1165 986 1226 lacere
1002 1163 1078 1226 istud
1096 1185 1253 1248 aggressus

92 1281 149 1348 est,
175 1269 229 1330 sed
246 1268 393 1331 constanti
409 1265 496 1330 animi
514 1265 620 1328 robore
636 1265 784 1349 praeditus
800 1287 835 1329 ac
851 1264 907 1328 sibi
921 1287 1063 1350 ,praesens
1077 1267 1117 1329 ita
1132 1288 1254 1352 respon-

92 1373 149 1450 dit,
176 1373 277 1444 Adsit,
303 1373 422 1430 domine.
472 1367 553 1431 llcec
579 1367 656 1430 enim
681 1367 886 1453 prophetarum
911 1389 1015 1432 revera
1037 1369 1152 1454 propria
1173 1380 1252 1448 sunt,

93 1474 141 1558 qui
161 1473 278 1536 firmam
295 1493 329 1536 ac
345 1470 478 1534 stabilem
494 1471 523 1532 in
539 1469 644 1555 spiritu
658 1482 760 1533 sancto
776 1482 901 1533 mentem
917 1471 1056 1552 retinent,
1082 1493 1116 1536 ac
1133 1472 1255 1537 docendi

95 1575 345 1659 discernendique
361 1573 540 1636 facultatem.
584 1569 664 1635 Nam
680 1569 787 1635 Darriel
803 1573 866 1657 ipse
882 1594 979 1636 nonrre
995 1575 1097 1657 plenus
1113 1577 1191 1638 omni
1207 1597 1252 1638 sa·
1268 1595 1356 1640 nana

94 1679 204 1764 pientia
225 1677 335 1756 luisse,
361 1697 493 1760 quaeque
511 1674 608 1738 animo
626 1684 802 1760 coriceperct
819 1676 904 1760 plane
921 1675 1105 1740 intellexisse
1122 1678 1256 1742 videtur?

93 1782 142 1866 qui
158 1792 190 1844 et
205 1777 511 1842 Nabuchodonosorls
524 1777 689 1860 aenigmata
704 1779 849 1856 dissolvit,
872 1788 902 1840 et
914 1797 988 1863 quae
1003 1780 1029 1842 ei
1046 1801 1098 1865 per
1111 1780 1255 1844 somnium

94 1883 194 1947 oblata
213 1887 347 1958 lucrant,
372 1881 423 1944 sed
440 1879 519 1944 illum
537 1881 630 1966 ipsum
648 1877 696 1964 qui
714 1880 828 1942 viderat
843 1881 1022 1964 effugerant,
1048 1905 1105 1945 non
1125 1883 1210 1946 aliter
1225 1884 1255 1946 iu

93 1983 269 2048 memoriam
286 1983 416 2060 reduxit,
437 1993 468 2045 et
484 2003 548 2046 cunr
564 1983 666 2044 eadem
681 1982 769 2044 arriuri
784 1982 921 2046 firmitate
935 2006 969 2047 ac
983 1984 1104 2049 coelesti
1118 1985 1166 2048 illo
1178 1987 1255 2048 dono

94 2087 245 2152 uberrime
263 2085 400 2172 pertusus
417 2083 490 2148 citra
509 2084 596 2148 ullam
611 2104 723 2148 moram
739 2083 948 2170 interpretatus
964 2099 1026 2166 est3
1050 2109 1115 2152 cum
1131 2089 1256 2172 pruden-

94 2191 154 2268 tia,
186 2187 439 2273 intelligentiaque
457 2187 565 2251 ceteris
583 2187 748 2252 bominibus
765 2189 970 2268 antecelleret,
1003 2189 1039 2252 ob
1062 2210 1126 2254 eam
1145 2189 1258 2254 scilicet

96 2315 154 2376 qna
175 2289 326 2377 praeditus
345 2302 410 2354 erat
426 2289 546 2375 spiritns
563 2291 658 2354 sancti
675 2289 817 2374 gratiam,
850 2311 924 2375 qnae
948 2312 1006 2356 non
1029 2293 1115 2356 modo
1133 2291 1256 2378 propbe-

97 2407 157 2459 tam
178 2395 336 2470 inlormat,
368 2393 418 2456 sed
439 2403 470 2455 et
486 2413 540 2456 nos
557 2412 679 2471 omnes,
711 2393 814 2477 quibus
832 2392 909 2457 illius
924 2393 1097 2458 adminiculo
1114 2395 1186 2459 deus
1204 2395 1256 2458 do-

97 2487 227 2562 ctrinam
249 2495 382 2560 veritatis
404 2493 544 2580 impertit.
591 2495 633 2559 dt
651 2505 755 2559 contra
777 2517 850 2578 quae
868 2496 915 2560 isti
938 2495 1097 2561 vaticinare
1120 2517 1153 2560 se
1173 2497 1257 2561 iacti-

44 2630 47 2638 ·
99 2611 184 2678 tant,
215 2619 311 2682 neque
334 2607 415 2660 certa
437 2619 503 2660 cnm
521 2597 609 2660 animi
626 2598 762 2661 firmitate
778 2598 964 2684 praedicant,
998 2599 1257 2684 necquaedicnnt

99 2701 295 2785 intelligentia
319 2709 549 2784 consequuntur.
602 2695 662 2762 Sed
683 2700 800 2784 obliqua
827 2711 895 2766 sunt
918 2700 1034 2764 illorum
1061 2721 1096 2765 ao
1116 2703 1257 2788 perplexa

98 2805 209 2883 rerba,
236 2824 290 2867 nec
313 2801 388 2866 recti
409 2800 528 2864 omnino
551 2800 703 2886 quicquam
727 2803 874 2867 effutiunt.

188 2904 241 2972 Sic
265 2905 343 2970 enim
360 2901 521 2968 Montanus
546 2905 673 2988 exempli
698 2904 792 2989 gratia
814 2905 960 2989 loquitur:
992 2910 1067 2968 Ecce
1088 2910 1168 2970 domo
1192 2921 1255 2970 ton·
1274 2927 1333 2996 esp.
1347 2929 1391 2984 lv,

100 3033 183 3093 mam
200 3013 267 3090 lyra
273 3054 282 3083 ,
307 3029 360 3088 ego
377 3028 443 3068 vero
461 3027 512 3067 ceu
529 3009 670 3088 plectrnrm
692 3011 764 3068 uolo.
810 3013 898 3070 Homo
921 3012 1039 3084 dormit,
1064 3031 1117 3091 ego
1134 3032 1200 3072 vcro
1216 3017 1257 3072 m'-

99 3117 171 3193 gilo.
202 3117 280 3174 Eece
290 3113 421 3172 dommus
436 3121 481 3169 est
494 3113 547 3190 qm'
557 3113 644 3172 cordo
658 3113 799 3172 domenum
813 3116 841 3171 in
855 3124 995 3192 stuporem
1012 3117 1106 3188 uertit,
1127 3126 1155 3174 et
1170 3117 1256 3176 cordo

102 3221 150 3278 dot
166 3215 338 3276 dommilus.
386 3209 461 3296 Quis
486 3221 533 3276 est
553 3211 661 3295 igitur,
685 3211 776 3295 quisi
802 3213 984 3278 utilissimam
1008 3215 1074 3278 fidei
1095 3216 1255 3280 doctrinam

105 3318 265 3403 pereipiat,
288 3313 539 3400 intelligentiaque
563 3313 805 3398 comprehendat,
832 3337 866 3380 ac
890 3316 969 3380 vitae
993 3337 1064 3380 snae
1087 3318 1255 3382 nonnullam

105 3443 201 3486 curam
228 3419 354 3497 babeat,
384 3438 442 3482 non
463 3427 667 3501 argumentum
686 3416 851 3482 istiusmodi
874 3417 909 3482 ab
931 3419 1026 3482 otioso
1046 3418 1164 3484 bomine
1186 3443 1255 3484 ocn-

104 3525 198 3589 bctum
217 3534 250 3587 et
266 3520 453 3604 arrogantiae
473 3519 587 3605 plenam
603 3520 667 3584 eius
686 3518 848 3584 oraticnem
865 3521 1049 3602 condemnet,
1073 3522 1121 3606 qui
1138 3543 1170 3606 se
1189 3543 1254 3606 pro·

105 3627 255 3711 phetarnm
279 3644 401 3688 numero
424 3621 587 3688 insolenter
609 3622 772 3703 adscribet,
804 3645 869 3687 cnm
890 3624 1008 3688 iuterim
1034 3625 1135 3688 eadem
1157 3624 1254 3688 dicere

106 3751 176 3813 quae
199 3729 272 3792 olim
294 3725 452 3811 prophetae
475 3729 640 3810 nequeant?
683 3723 753 3790 Non
777 3725 855 3789 enim
874 3726 992 3812 spiritus
1014 3737 1131 3790 sanctus
1152 3725 1183 3788 in
1204 3725 1254 3789 illo

29 3881 30 3890 ,
106 3831 218 3898 locotus
236 3839 297 3894 est.
342 3829 441 3911 Atque
460 3827 533 3891 baec
554 3827 618 3912 ipsa
633 3827 742 3892 verba:
776 3831 859 3904 Volo,
885 3839 916 3892 et
931 3835 1075 3903 Percctr'o,
1101 3838 1130 3890 et
1149 3833 1252 3909 Vigilo,

107 3945 134 3997 et
149 3939 289 3998 dominor
305 3936 392 3994 cordo
407 3935 436 3992 r'n
451 3942 591 4012 stuporem
608 3936 706 4006 verrit,
732 3931 837 3996 furiosi
856 3931 980 3996 bominis
994 3931 1083 4022 verba
1099 3941 1177 4012 sunt,
1201 3933 1255 3995 mi·

107 4039 239 4124 nimeqne
256 4055 332 4122 qnae
350 4033 478 4119 loquitur
499 4033 700 4119 assequentisq
722 4033 753 4098 in
774 4055 831 4118 quo
851 4034 908 4099 alia
928 4054 1048 4120 prorsus
1064 4045 1133 4100 nola
1148 4035 1254 4120 figura-

139 4259 164 4313 3.
180 4257 328 4327 ἐφάταομαι
351 4259 447 4321 corrr'ott
463 4259 592 4310 dololorem
614 4260 631 4306 t.
649 4259 666 4310 t.
700 4257 732 4308 od
749 4257 879 4322 πλῆκτρον.

109 4323 244 4396 dolorm
259 4331 327 4380 boort
344 4327 397 4378 cod.
417 4329 491 4376 tenet
508 4353 541 4364 -
567 4327 667 4376 Vertom
732 4323 757 4378 d.
775 4323 904 4393 ἐγρηγορῶ
921 4327 972 4376 cod.
988 4325 1063 4378 tenet.

108 4394 232 4463 κλήσω,
250 4411 279 4448 ne
294 4399 352 4462 quld
371 4397 397 4444 tn
413 4397 488 4444 nermo
504 4397 608 4446 ltontnnt
627 4409 667 4443 so·
732 4395 758 4448 5.
775 4390 962 4456 dnodsmmirrcc
977 4397 1029 4446 cod.
1050 4399 1123 4449 ert.

108 4479 153 4526 cro
166 4469 292 4529 merlottr
313 4464 430 4517 cecidisse
445 4464 583 4525 rumicen,
607 4463 668 4524 retrr
877 4533 883 4550 ι

1002 4553 1021 4616 q
1034 4551 1050 4588 r
