3228 4934
289 151 352 215 696
714 159 1029 215 εενετιεειειιιυιι

291 287 367 368 ἔχειν
383 281 436 349 τόν
451 283 564 348 έαυτῶν
581 285 653 346 νοῦν
669 280 848 365 ἐρρωμένον,
867 277 951 355 ὅπως
962 276 1016 346 τόν
1032 279 1085 362 μὲν
1100 277 1186 362 ἡμῶν
1202 277 1350 362 δεσπότην
1365 275 1457 357 δοξό-

290 408 404 468 σωμεν,
427 385 519 467 μηδέν
535 385 568 448 δέ
584 411 611 449 τι
631 379 836 465 ἠλαττωμένον
852 383 884 448 έν
900 381 981 470 αὐτῷ
997 386 1216 466 διανοηθῶμεν.
1254 385 1297 447 Εἰ
1309 379 1367 468 γοίρ
1384 379 1403 446 ό
1419 380 1458 446 τό

291 489 389 554 πόντα
403 488 501 554 ἐλθῶν
516 494 607 552 σῶσαι
625 488 682 568 έχει
698 482 899 567 ἐλαττῶματός
914 511 942 550 τε
957 487 989 551 ἐν
1015 484 1138 575 ways,
1167 491 1236 562 πῶς
1247 483 1418 568 σωθήσεται
1434 480 1458 566 ἦ

292 597 386 668 κτίσις
405 588 465 657 όπό
487 597 546 656 τῶν
568 591 653 654 ἰδίων
675 587 898 670 ἐλαττωμάτωνς

149 712 218 780 Κεφ,
237 707 284 779 εγ.
372 692 470 758 Πόλιν
486 693 517 758 δέ
532 686 784 774 ἐπιλαμβάνονται
800 688 896 776 ῶςπερ
913 689 1059 758 αἰντίδικοι
1077 693 1140 773 (καί
1157 689 1214 778 γόρ
1230 693 1284 758 είσι
1299 687 1460 778 Ἰουδιιΐκρῖ

293 795 463 882 φρονήματι
479 798 651 881 ἐγκείμενοι,
667 795 718 858 καί
734 792 827 874 μηδὲν
843 795 963 858 ἐκείνων
978 793 1204 874 διαλλάττοντες,
1227 790 1304 874 πλὴν
1318 799 1374 858 τοῦ
1387 788 1458 857 όνό-

293 925 387 983 ματος
403 897 522 981 μόνον),
545 900 578 962 οἰ
592 895 681 960 πόλιν
694 892 766 979 ἡμῖν
783 893 962 974 έπιφόοντες
974 898 1038 962 νέοι
1049 898 1212 976 Ἰουδαῖοι,
1234 901 1389 979 ζητοῦντες
1403 921 1458 960 τα-

293 999 329 1068 τιί
346 1009 401 1067 τοῦ
421 1007 553 1083 σωτῆρος
569 1001 659 1077 λέξεις
673 996 770 1075 τινός,
792 997 877 1073 ὅπως
891 995 1110 1084 παγιδεύσωσιν
1127 997 1220 1066 αότδν
1236 1002 1268 1064 ἐν
1283 998 1379 1087 λόγῳ,
1402 1023 1457 1062 κα-

292 1102 361 1180 θῶς
376 1106 434 1186 έφη
452 1101 485 1168 τό
503 1101 589 1188 ῦγιον
607 1099 791 1186 εὐαγγέλιον,
814 1103 866 1166 καί
882 1121 971 1182 φασι,
986 1101 1106 1188 Ἔλεγεν
1121 1105 1154 1168 ἐν
1167 1109 1208 1191 τῷ
1226 1108 1345 1190 σταυρῷ
1350 1151 1359 1180 ,
1381 1098 1457 1180 Ἠλί,

295 1206 360 1291 ἠλί,
397 1213 494 1288 Ιλημῶ
511 1204 697 1287 σαβαχθανί,
717 1204 850 1268 τουτέστι
868 1205 923 1269 Θεέ
938 1229 1013 1286 μου,
1036 1207 1091 1269 θεέ
1106 1231 1182 1290 μου,
1204 1207 1255 1270 ’ίνα
1271 1208 1301 1269 τί
1317 1228 1352 1287 με
1371 1205 1459 1290 ἐγκα-

294 1313 421 1388 τέλιπεςς
451 1310 503 1372 καὶ
519 1305 611 1396 δρᾷς,
633 1307 740 1387 φασίν,
764 1307 889 1390 οἰκτρῶς
913 1304 1006 1372 αὐτόν
1022 1314 1253 1394 παρακαλοῦντα
1271 1309 1321 1372 καί
1342 1303 1459 1372 όποδυ-

294 1412 437 1498 ρόμενον,
459 1413 511 1475 καί
527 1412 663 1495 λέγοντα,
683 1407 750 1473 Ἵνα
768 1412 795 1473 τί
810 1431 846 1490 με
863 1410 1063 1492 ἐγκατέλεπεςς
1094 1413 1142 1476 καί
1161 1408 1218 1477 οόκ
1233 1414 1330 1476 ἴσασιν
1347 1413 1379 1474 οί
1395 1407 1459 1476 όπό

173 1543 225 1590 μοι.
238 1533 284 1579 νεα
297 1522 351 1582 τοῦ
365 1517 545 1597 δηλητηρίου
561 1509 669 1578 τοότου
695 1518 748 1593 τῆς
762 1517 815 1576 τοῦ
835 1507 950 1596 Ἀρείου
972 1517 1105 1595 ’μανίας
1120 1517 1376 1598 καρηβαροῦντες,
1406 1515 1460 1578 καί

296 1625 334 1708 τῇ
351 1621 468 1705 διανοίρι
485 1623 541 1698 τῆς
563 1623 617 1680 τοῦ
641 1621 718 1680 θεοῦ
743 1612 878 1699 γνῶσεως
898 1613 1081 1698 λειπόμενοι,
1111 1614 1157 1682 ὅτι
1176 1619 1226 1680 δεῖ
1236 1615 1273 1680 τῶ
1294 1612 1459 1700 ἄνθρωπε·

295 1728 384 1803 παθη
401 1716 500 1788 πάντα
518 1721 550 1786 ἐν
566 1725 607 1806 τῶ
622 1720 717 1805 κυρίῳ
735 1713 946 1801 ὁμολογεῖσθαι
963 1719 996 1784 ἐν
1014 1714 1199 1808 τῇένσόρκρο
1216 1718 1312 1784 αὐτοῦ
1327 1715 1460 1809 όληθινῇ

296 1828 455 1912 παρουσίᾳ.
501 1822 563 1885 Καὶ
580 1817 769 1904 πρῶτονμὲν
792 1816 827 1882 τό
845 1821 914 1904 περί
931 1817 1027 1886 αότοῦ
1050 1819 1092 1897 ῶς
1110 1829 1293 1907 φρονοῦσιν,
1320 1819 1381 1888 ῶπό
1400 1825 1460 1888 ἑτέ·

296 1953 358 2012 ρων
374 1929 416 2002 είς
432 1927 515 2008 ἐτερα
536 1926 762 2005 μετοπηδῶντες
783 1922 1047 2002 ἐπιλανθάνονται,
1078 1927 1149 2007 μίαν
1172 1922 1214 2007 μὴ
1235 1927 1350 2007 ἔχοντες
1368 1923 1459 1990 κατό-

296 2050 406 2094 στασιν.
452 2033 526 2102 Πῶς
540 2023 596 2111 γόρ
612 2023 752 2090 δύνανται
767 2026 798 2090 οἱ
809 2031 845 2113 τῇ
860 2028 978 2114 διανοίιγ
994 2024 1036 2108 μὴ
1050 2033 1292 2113 σωφρονοῦντεςς
1315 2027 1388 2092 ποτέ
1405 2029 1462 2110 μέν

295 2129 350 2218 γδρ
366 2131 460 2215 λέγειν
474 2135 593 2213 σωτῆρα
608 2125 764 2211 βούλονται
780 2125 873 2192 αὐτόν
894 2130 944 2194 καί
964 2126 1068 2213 κόριον
1083 2130 1135 2194 καί
1152 2128 1283 2216 Χριστόν
1288 2181 1297 2210 ,
1326 2132 1378 2196 καί
1396 2128 1459 2216 πρό

295 2231 418 2298 πόντων
438 2229 575 2310 αίοόνων,
605 2229 656 2294 καί
677 2228 823 2311 δεσπότην
843 2227 988 2316 όγγέλων,
1010 2233 1063 2296 καί
1080 2227 1281 2318 όργαγγέλον,
1309 2231 1344 2298 δι’
1362 2225 1401 2298 οῦ
1422 2231 1461 2298 τό

297 2334 350 2402 όλα
366 2337 532 2420 γεγένηται,
549 2332 653 2417 Ἀργαί
668 2357 697 2398 τε
713 2333 765 2398 καὶ
776 2330 939 2412 Ἐξουσίαι,
963 2331 1079 2420 όγγελοί
1096 2359 1126 2399 τε
1140 2337 1189 2400 καί
1203 2333 1386 2420 όργόγγελοι,
1408 2333 1462 2402 οδ-

297 2440 400 2525 ρανοί,
423 2439 474 2502 καί
494 2433 530 2500 τό
546 2435 658 2513 πάντα,
682 2441 719 2520 γῆ
734 2459 764 2500 τε
781 2439 834 2500 καί
850 2435 959 2513 πόντες
974 2434 1150 2522 ἅνθρωποι,
1172 2439 1224 2502 καί
1241 2436 1340 2503 πόντα
1354 2437 1390 2504 τό
1408 2441 1462 2504 ἐπὶ

298 2549 368 2632 γῆς,
390 2536 527 2606 θόλασσιί
546 2563 576 2603 τε
590 2538 641 2602 καί
661 2535 697 2602 τοί
713 2539 746 2602 έν
764 2535 854 2628 αὐτῇ·
885 2541 938 2604 καί
959 2531 1111 2622 ῶπολλῆς
1128 2539 1321 2623 ἠλιθιότητος
1342 2547 1404 2607 τῶν
1423 2539 1462 2606 τό

297 2650 421 2712 τοιαῦτα
437 2643 505 2727 περὶ
521 2637 615 2707 αότοῦ
631 2638 823 2721 δοξαζόντων,
846 2643 897 2706 καί
915 2643 1048 2708 ἐνταῦθα
1063 2641 1105 2725 μή
1120 2641 1274 2709 νοοόντων
1287 2642 1336 2709 ότι
1351 2644 1391 2710 οῦ
1408 2643 1460 2708 δό-

299 2773 384 2812 ναται
399 2742 419 2810 ό
434 2742 493 2828 πρό
511 2751 572 2809 τῶν
589 2741 707 2808 αἰῶνων
729 2740 805 2808 κατδ
821 2743 876 2825 τήν
897 2741 992 2810 αότοῦ
1007 2744 1152 2826 θεότητα,
1181 2742 1219 2811 δι’
1234 2737 1273 2812 οδ
1295 2742 1314 2811 ό
1331 2744 1463 2833 οόρανδς

278 2859 281 2866 '
298 2849 349 2914 καί
359 2855 399 2934 γῆ
414 2849 576 2933 γεγένηται,
588 2842 706 2931 όίγγελοί
717 2869 747 2909 τε
761 2847 812 2911 καί
828 2843 1009 2933 όρχόγγελοι,
1021 2849 1073 2914 καί
1088 2845 1313 2926 όποξαπλῶςτό
1326 2848 1460 2932 σύμπαν-

298 2977 350 3030 τα,
372 2946 467 3034 όρατό
482 2950 577 3015 τεκαὶ
596 2945 726 3032 όόρατα,
748 2947 857 3031 ταύτην
872 2947 927 3032 την
946 2947 1053 3034 φωνην
1070 2953 1103 3016 έκ
1118 2949 1282 3036 προςόπου
1298 2959 1350 3034 τῆς
1367 2949 1463 3018 αότοῦ

298 3053 443 3134 θεότητος
457 3052 566 3136 λέγειν,
591 3053 647 3116 Θεέ
665 3077 739 3134 μου,
763 3052 816 3116 θεέ
833 3078 909 3134 μου,
931 3057 981 3118 ἵνα
996 3057 1024 3117 τί
1042 3077 1078 3136 με
1093 3055 1293 3139 έγκατέλιπεςς
1315 3053 1388 3119 πότε
1404 3053 1461 3140 γόρ

298 3158 511 3242 ἐγκατελείφθη
526 3151 594 3229 υίδς
612 3151 672 3219 όπό
690 3152 817 3238 πατρός,
847 3151 920 3219 πότε
935 3155 969 3220 δέ
985 3151 1040 3238 οῦχ
1056 3152 1075 3222 ό
1089 3153 1155 3233 οἰός
1168 3158 1201 3222 ἐν
1214 3164 1257 3244 τῷ
1271 3158 1380 3242 πατρί,
1410 3159 1461 3224 καί

298 3256 316 3323 ό
335 3254 433 3342 πατὴρ
457 3257 490 3322 ἐν
507 3260 579 3345 υἱῷ,
610 3257 660 3321 ἐπὶ
681 3263 736 3341 γῆς
754 3256 806 3338 μέν
826 3254 884 3341 γόρ
902 3254 920 3322 ό
936 3255 1003 3334 υίδς
1026 3259 1078 3323 καί
1100 3254 1210 3335 όδεός
1225 3257 1313 3345 λόγος
1328 3259 1462 3343 βεβήκει,

298 3357 431 3443 οόρανοῦ
449 3358 481 3422 δέ
500 3359 624 3440 ἥπτετο,
646 3359 697 3422 καί
720 3356 830 3434 πάντες
850 3360 954 3445 ἐχθροί
975 3362 1155 3446 ἐπληροῦντο
1172 3367 1228 3444 τῆς
1245 3359 1340 3428 αότοῦ
1361 3362 1461 3447 δόξης.

299 3464 361 3527 Καὶ
377 3464 409 3528 ἐν
425 3465 533 3550 Μαρίρι
551 3458 699 3544 έτόγχανε,
721 3463 772 3526 καί
789 3459 953 3548 ἅνθρωπος
969 3465 1096 3548 ἐγένετο,
1120 3461 1192 3528 όλλδ
1210 3471 1246 3553 τῇ
1263 3459 1388 3547 δυνάμει
1407 3463 1463 3530 αδ-

189 3567 193 3577 ’
298 3572 354 3630 τοῦ
369 3564 500 3646 ἐπλήρου
518 3561 556 3628 τό
573 3561 738 3646 σύμπαντα.
785 3571 859 3640 Πῶς
873 3556 928 3630 οὖν
945 3561 1112 3643 ότοιοῦτος
1129 3568 1180 3632 καί
1198 3574 1370 3650 τηλικοῦτος
1386 3567 1463 3634 κιττῶ

297 3666 353 3751 τὴν
371 3665 465 3732 αότοῦ
480 3663 611 3748 θεότητα
626 3669 752 3751 οἰκτρῶς
768 3667 879 3753 ἔλεγεν,
900 3663 979 3746 Ἠλὶ,
1002 3664 1051 3750 ἠλί
1073 3675 1175 3752 8λημῶ
1187 3673 1373 3753 σαβαχθανί,
1394 3697 1464 3737 του-

298 3773 376 3837 τέστι
393 3772 449 3836 Θεέ
466 3793 541 3853 μου,
562 3770 616 3833 θεέ
631 3795 707 3852 μου,
730 3771 780 3833 ἵνα
794 3774 822 3834 τί
838 3771 1021 3855 ἐγκατέλιπές
1036 3795 1088 3853 μες
1117 3774 1169 3836 καί
1185 3797 1231 3838 τοι
1253 3769 1348 3838 αότοῦ
1360 3775 1463 3859 λέγον·

297 3900 364 3954 τος,
398 3873 495 3939 Πόλιν
513 3869 693 3956 όπέργομοι,
724 3873 776 3936 καί
790 3868 847 3937 οόκ
862 3870 943 3953 όφία
960 3869 1039 3955 ὑμᾶς
1057 3873 1228 3959 όρφανοός,
1258 3871 1317 3940 ἄλλ’
1338 3878 1464 3960 ἔρχομαι

283 3974 374 4062 πρός
388 3974 475 4058 όμῶς.
521 3976 583 4040 Καὶ
601 3973 689 4039 πόλιν
706 3975 795 4063 ἐτέρρο
814 3971 896 4064 τόπρτ
913 3977 1004 4060 λέγει,
1031 3972 1124 4059 Ἀμην
1144 3978 1219 4063 λέγω
1236 3974 1322 4061 όμῖν,
1352 3977 1465 4057 πάντες

304 4211 306 4214 -
330 4183 354 4235 7.
373 4178 444 4236 αότῶ
463 4185 531 4235 coda
548 4197 603 4234 οιιι.
638 4180 722 4251 ἐαυτῷ
740 4183 804 4234 ταῦτ’.
929 4182 954 4234 2.
974 4179 1078 4248 μαγείας
1095 4186 1163 4237 coda
1177 4187 1316 4236 πικαιιλ
1332 4189 1409 4249 μήτε.

332 4250 390 4300 θεν.
409 4235 501 4301 mn.
520 4279 553 4290 -
591 4253 610 4302 1.
629 4251 714 4316 λημᾶς
734 4245 862 4372 ἄβαρθανὶ
929 4249 951 4302 3.
972 4251 1057 4318 λημᾶς
1087 4246 1216 4322 ἅβιιγὸανλ
1247 4248 1385 4323 (ῶναγδανί
1407 4259 1463 4307 οοδ.

298 4313 433 4386 (ῶναχὶἰανλ
448 4321 498 4370 τοδἲ
508 4319 762 4385 Βδεδίρ.)εσδδ.ιιιεε.
803 4318 860 4386 ημᾶ
894 4321 1164 4386 111ει11ο.)οοι1σ.κια.

297 4383 441 4454 σαβαχδάνι
456 4389 493 4438 εδ.
510 4390 593 4440 Ρτίσν.
