3176 4930
359 243 495 298 smanu
511 245 620 297 amn.
637 243 752 298 auam.
765 243 975 296 mannam.
1185 229 1248 294 tet
1386 221 1389 232 ’

94 363 327 452 peeaasmcitrn
342 363 577 451 eorpussnimss
590 365 809 442 concessisses,
832 385 869 430 ac
882 363 1047 428 mandatum
1066 381 1134 426 esse
1152 371 1248 428 truns-

94 488 236 552 gressss,
260 477 347 551 atque
366 466 403 530 nb
424 467 453 530 id
475 479 623 552 peccatum
640 478 773 532 scorteae
790 465 848 530 iilis
868 465 981 530 tunicas
999 464 1141 528 obtulisse
1163 465 1248 528 deum

94 582 125 634 ut
141 591 178 634 ea
195 580 376 633 mortuorum
393 569 560 652 gestatione
580 589 690 654 poenas
709 569 927 654 persolverent,
951 567 1063 630 tunicas
1083 563 1159 630 euim
1175 567 1248 631 istas

94 674 129 736 de
151 671 327 757 corporibus
351 671 572 756 interpretaris,
596 693 661 736 eum
681 671 772 750 isaeo,
795 671 929 756 iuquam,
953 669 1151 746 asseruissss,
1181 687 1247 754 pro·

95 773 253 857 prodiente
275 773 413 858 deinceps
438 773 592 852 oratioue,
621 773 702 836 reiut
724 793 826 838 eorum
848 793 921 857 quae
946 783 1031 836 antes
1054 791 1249 858 proposueras

94 876 223 953 obiitus,
249 897 308 940 uon
325 896 412 962 posse
429 896 481 960 per
497 897 564 940 sese
581 875 705 940 animam
722 895 845 961 peccare
864 874 1036 952 condumam
1060 893 1154 957 neque
1170 873 1248 936 eni·

93 979 128 1043 ad
145 978 175 1042 id
198 999 217 1040 a
235 987 340 1042 nutura
359 998 427 1042 esse
444 989 658 1064 comparatum,
681 980 733 1040 sed
751 979 892 1041 malornm
916 977 1044 1040 omnium
1066 996 1199 1040 caussa·
1219 974 1248 1038 ei

92 1101 202 1166 corpus
217 1079 364 1144 attulisse.
398 1077 500 1162 Quare
517 1101 553 1144 ne
568 1081 604 1143 sd
621 1080 834 1165 improbitatem
852 1079 957 1144 iterum
972 1077 1123 1157 incitetur,
1147 1098 1247 1162 quem·

92 1183 250 1248 admodum
272 1192 360 1246 srrtea
382 1199 423 1246 ex
444 1183 618 1266 contagione
640 1182 772 1266 corporis
797 1181 962 1260 acciderat,
989 1181 1032 1244 sic
1054 1181 1131 1246 iiiam
1153 1180 1189 1244 ab
1211 1199 1246 1243 eu

91 1295 258 1370 separatam
277 1294 419 1370 perpetuu
435 1285 572 1348 suturam.
618 1285 708 1369 nrqnt
723 1285 890 1369 paniosate
905 1283 1026 1348 dixeras
1040 1283 1165 1346 unimam
1178 1292 1247 1346 ante

91 1405 202 1472 eorpus
217 1385 248 1450 in
261 1382 418 1464 paradiso,
442 1387 508 1452 dum
524 1387 618 1450 adbuc
635 1386 707 1450 felix
721 1396 751 1448 et
765 1407 782 1448 a
798 1385 899 1449 dolore
913 1384 1050 1450 immunis
1064 1395 1155 1464 esset,
1178 1403 1247 1448 sese

91 1486 293 1554 obstrinxisse
310 1498 443 1572 peceato.
489 1485 604 1574 Quippe
621 1488 731 1554 viciato
748 1487 794 1551 dei
811 1489 963 1565 mandato,
986 1509 1052 1550 eum
1067 1488 1124 1550 iarn
1146 1507 1248 1572 pecus·

92 1603 164 1670 turn,
190 1611 245 1675 pru
259 1609 297 1653 eu
315 1591 395 1673 qnod·
407 1590 536 1674 serpenti
554 1601 702 1676 paruerat,
726 1590 910 1668 incaluisset,
934 1610 1042 1675 corpus
1057 1589 1098 1653 ilii
1115 1588 1248 1674 supplicii

92 1694 158 1757 ioeo
172 1692 285 1756 rincuii
301 1692 397 1758 instar
412 1691 634 1757 circumdatum.
670 1690 764 1776 igitur
776 1691 824 1756 vei
839 1691 930 1777 prius,
955 1691 1001 1755 rei
1018 1690 1164 1776 posterius
1181 1711 1247 1774 per·

91 1815 194 1882 peram
210 1815 229 1858 a
247 1805 275 1858 te
291 1794 417 1880 positum
433 1806 490 1860 est.
534 1793 614 1858 Nam
630 1803 681 1860 aut
696 1805 766 1858 ante
783 1813 889 1879 eorpus
905 1793 1036 1878 deliquit,
1058 1793 1106 1872 ac,
1130 1790 1248 1856 temetsi

91 1918 205 1984 eorpus
223 1897 349 1960 minime·
359 1908 507 1976 resumat,
531 1896 719 1962 nibilominus
736 1897 884 1982 peccabit,
908 1907 938 1959 et
955 1895 1051 1960 inanis
1072 1895 1130 1960 erit
1153 1893 1248 1960 omnus

90 2001 139 2064 itta
164 2011 271 2064 eontra
292 1999 425 2082 corporis
442 1999 689 2062 resurrectionem
709 2019 744 2062 ac
762 2018 981 2084 supervacanea
1000 1999 1174 2086 disputatioa
1198 2007 1250 2060 aot

90 2123 158 2166 eum
176 2121 303 2186 corpure
321 2100 470 2186 peccavit,
493 2113 581 2185 atque
597 2099 638 2164 ite
652 2114 788 2165 scorteae
807 2102 874 2166 illae
890 2101 1006 2165 tunicae
1023 2103 1058 2165 ad
1081 2121 1186 2186 corpus
1202 2120 1250 2164 re·

91 2204 166 2268 ferri
185 2224 247 2266 nun
268 2213 423 2288 poterunt,
447 2203 589 2287 siqnidem
604 2214 757 2288 antequam
778 2203 845 2267 iliae
865 2215 1097 2283 enumerentur,
1118 2203 1249 2266 diuisum

91 2306 129 2368 ab
148 2304 269 2370 bomine
286 2305 427 2370 violatum
444 2324 511 2369 esse
533 2315 718 2390 praeceptum
736 2303 1006 2370 animadvertimus.
1053 2302 1146 2369 Cuius
1168 2305 1250 2370 insu·

93 2428 148 2494 per
165 2427 275 2472 caussa
291 2415 477 2491 comparatae
493 2407 561 2474 iliae
582 2409 699 2472 tunicae
718 2417 803 2486 sunt,
827 2406 930 2490 quibus
950 2417 1100 2471 contracta
1122 2427 1163 2470 ex
1183 2426 1250 2490 pee-

93 2521 162 2576 cato
187 2507 308 2573 nuditas
331 2509 533 2592 obtegeretur.
578 2507 657 2573 Num
675 2509 790 2572 tandem
809 2508 860 2572 tibi
877 2507 934 2572 ista
959 2509 1140 2590 persuadeo,
1164 2508 1250 2592 idque

91 2613 170 2676 adeo
185 2610 293 2691 sentis,
317 2611 557 2695 qrreuuadmodnm
573 2621 668 2676 tecum
683 2611 747 2696 ipse
761 2611 876 2674 ratione
888 2621 936 2673 tua
951 2609 1140 2689 dissenseris,
1164 2619 1251 2694 atque

92 2715 150 2778 buo
173 2735 192 2778 a
216 2733 263 2778 me
288 2713 338 2776 tibi
363 2724 412 2778 est
432 2713 586 2799 perspicue
609 2714 822 2778 monstratum?
865 2713 914 2776 Aa
938 2713 1064 2776 noudum
1087 2714 1163 2797 quod
1185 2713 1251 2777 dico

92 2813 245 2902 persipis,
270 2815 466 2900 Aglaophon?
508 2814 575 2900 Ego
598 2835 671 2879 vore
694 2815 842 2900 percipio,
871 2814 981 2898 inquit,
1005 2835 1060 2877 nec
1080 2815 1182 2879 audire
1203 2835 1252 2880 se·

93 2919 191 2982 eundo
208 2929 409 2982 necesseest.
455 2908 516 2981 de
536 2918 710 3001 nescio-quo
728 2917 814 2980 modo
835 2917 1002 3004 imprudens
1022 2937 1173 3002 perperam
1195 2918 1251 2982 ists

91 3020 215 3084 iactari.
261 3017 398 3084 Necesse
413 3019 490 3082 enirn
508 3041 572 3088 curn
591 3019 729 3106 pelliceas
746 3018 811 3082 illas
827 3019 941 3082 tunicas
958 3039 1080 3104 corpora
1097 3040 1164 3084 esse
1181 3041 1252 3084 con·

93 3123 259 3200 cesserim,
283 3122 407 3186 auinnam
428 3141 561 3206 quoque,
590 3121 756 3207 prinsquam
775 3121 805 3184 in
825 3141 931 3207 cerpus
952 3122 1081 3201 subiret,
1112 3143 1251 3207 peccasse

92 3223 250 3302 conditori,
273 3235 428 3309 propterea
450 3224 526 3307 quod
548 3223 702 3302 delictum,
725 3233 879 3308 antequam
902 3223 1109 3302 iiiaedercnt,
1133 3235 1181 3288 est
1201 3224 1253 3287 ad-

92 3328 232 3392 missum.
268 3324 346 3390 Neon
367 3325 404 3389 ob
417 3327 511 3410 legem
526 3324 664 3389 viciatam
682 3326 798 3390 tunicae
812 3325 871 3390 iilis
887 3325 1002 3390 oblatae
1017 3337 1096 3405 sunt,
1120 3327 1157 3391 ub
1172 3347 1252 3390 eam·

93 3449 151 3514 quc
168 3437 326 3507 consutae,
350 3447 446 3511 neque
465 3437 585 3513 propter
598 3427 712 3492 tunicas
727 3428 776 3492 itta
793 3439 840 3492 cst
855 3431 930 3492 iacta
950 3429 1129 3494 commissio.
1167 3426 1252 3511 Quae

92 3551 160 3598 euna
182 3529 311 3617 professi
329 3530 483 3608 fuerimus,
507 3529 645 3594 assentiri
663 3551 723 3594 una
742 3542 773 3594 et
789 3530 859 3595 ittun
875 3531 1027 3610 debemus,
1051 3551 1089 3595 ue
1108 3530 1174 3596 buie
1190 3531 1253 3614 qni·

91 3635 160 3698 dens
187 3631 307 3717 corpori
329 3643 466 3716 tanquam
487 3651 609 3696 caussae
632 3632 697 3696 maii
723 3645 835 3718 partem
858 3634 943 3698 ullam
967 3653 1035 3698 esse
1057 3633 1251 3710 tribuendam,

91 3736 147 3800 sed
170 3735 267 3822 ipsam
286 3756 339 3820 per
360 3755 429 3800 sese
446 3734 572 3799 animam
594 3745 683 3798 totam
706 3735 784 3799 iiiam
808 3737 967 3800 sustinere.
1013 3733 1115 3818 Quare
1137 3735 1254 3799 tametsi

91 3859 206 3924 eorpus
229 3857 289 3900 nou
307 3847 455 3915 resumat,
477 3837 663 3901 nihilominus
679 3837 828 3924 peccabit,
853 3861 917 3902 cum
937 3848 967 3901 et
988 3847 1074 3902 antea
1097 3838 1169 3901 citra
1188 3859 1254 3901 eor·

91 3961 152 4026 pus
172 3939 355 4026 peccauerit.
401 3935 587 4024 Omninoque
606 3939 741 4004 stolidum
766 3949 812 4002 cst
834 3960 943 4024 negare
965 3940 1002 4003 ob
1024 3939 1052 4003 id
1075 3960 1182 4025 corpus
1205 3950 1254 4004 aut

90 4062 217 4106 carnem
236 4061 325 4127 posse
350 4061 526 4126 resurgere,
550 4063 586 4106 ne
604 4042 719 4125 corpori
736 4051 892 4126 utcumque
915 4041 955 4106 sit
975 4061 1080 4105 caussa
1102 4043 1252 4126 peccandi.

89 4143 240 4208 Peceabit
254 4143 333 4208 enim
351 4142 450 4228 utique
470 4143 564 4228 posito
584 4163 726 4228 corpore,
751 4153 784 4206 ut
801 4155 832 4206 et
850 4155 920 4206 autc
938 4163 1044 4227 corpus
1067 4155 1252 4228 peceaverat,

90 4247 153 4311 etsi
177 4267 286 4332 eorpns
310 4268 368 4311 nen
393 4245 516 4310 subinde
541 4245 675 4331 recipiat.
720 4243 772 4312 Ex
795 4267 853 4329 quo
875 4265 998 4309 necesse
1023 4255 1186 4331 estusque
1208 4269 1253 4312 me

90 4349 211 4436 ipsum,
244 4369 338 4436 oeque
363 4349 489 4413 alterum
508 4369 525 4414 a
546 4369 592 4414 me
621 4348 736 4435 probari
761 4347 809 4434 qui
835 4358 967 4414 scorteae
993 4349 1108 4416 tunicas
1130 4371 1254 4438 corpora
