3168 4942
339 207 477 260 eunoun
493 207 558 260 nm.
571 207 605 262 11.
620 207 703 260 uon.
718 207 752 258 11.
769 205 869 258 unna.
886 205 983 258 uxrx.
1194 197 1256 260 657

107 331 221 396 bunone
235 338 340 394 notiora
355 328 508 409 videatur,
540 329 592 394 sed
609 347 674 392 oum
699 327 803 392 eodem
826 326 995 391 coniuncta.
1041 321 1088 392 Ob
1112 327 1140 392 id
1164 327 1257 392 dorni·-

107 453 166 496 uum
183 427 391 518 Christumque
411 431 481 496 lecit
495 431 568 496 deus
584 432 614 496 id
631 430 707 515 quod
724 451 765 494 en
779 426 878 494 Maria
894 429 1024 514 genitum
1040 441 1117 509 erat,
1142 441 1173 494 et
1190 453 1257 496 cum

107 535 250 600 divinitate
275 535 454 620 copulatum.
499 531 666 598 Nenenim
680 530 778 598 Maria
796 530 1001 611 deusextititq
1034 533 1111 596 unde
1134 535 1258 598 verbum

106 637 183 717 illud,
205 641 297 712 Fecit,
322 657 394 700 mox
409 636 530 702 addidit.
577 632 638 702 Sed
656 647 686 699 et
701 636 824 719 angelus
840 632 963 698 Gabriel
978 633 1174 719 interroganti
1190 633 1258 700 Ma·

106 739 177 818 tiae,
211 742 352 819 Quomodo
364 741 427 820 piet
445 743 539 814 reond,
564 744 695 820 quonium
717 743 807 800 nomon
829 760 885 802 non
909 744 1070 818 cognosco?
1091 741 1399 824 respondil,1.u0,1‚sq,

107 845 227 926 Spiritus
247 846 357 906 domeni
373 847 551 924 superveniet
572 847 602 904 in
626 854 669 916 te,
699 854 727 904 et
748 847 840 904 uri-tom
861 845 996 904 uicesimi
1014 843 1193 904 oburndnubr't
1213 855 1256 906 tec

104 948 215 1026 elisoque
230 949 306 1026 quod
317 950 457 1026 gignetur
472 957 618 1022 sunctum,
643 947 790 1008 uocabitur
810 947 859 1006 dci
867 946 966 1025 fidite.
1013 941 1075 1008 lom
1093 966 1158 1008 eum
1176 945 1258 1026 dicit,

107 1050 181 1126 Quod
198 1051 356 1129 gr'gnetor,
389 1059 476 1112 extra
494 1067 612 1112 omnem
628 1047 861 1114 controversiam
885 1047 922 1110 de
938 1046 986 1110 dei
1000 1047 1093 1112 verbo
1112 1046 1261 1133 significe-

106 1150 145 1213 rit
159 1149 232 1213 baud
249 1151 336 1214 dubie
363 1151 452 1214 lilium
474 1171 559 1230 esse,
591 1151 640 1235 qui
666 1171 721 1214 nec
740 1149 890 1214 creatione
908 1169 963 1212 nee
981 1150 1138 1215 effectione
1153 1151 1261 1237 produ-

106 1253 286 1317 emoluerit.
330 1251 378 1316 De
392 1263 529 1338 suscepta
544 1263 641 1318 autom
659 1274 676 1316 e
693 1249 790 1316 Maria
810 1251 936 1316 bominis
962 1263 1067 1316 nutura
1088 1275 1154 1318 cum
1179 1255 1261 1318 addi-

106 1365 232 1420 tantento
255 1355 326 1434 illo,
358 1359 418 1436 Quo
439 1378 457 1418 o
475 1362 633 1437 gignetur,
658 1355 727 1419 illud
752 1354 844 1440 accipi
863 1353 965 1434 debet,
999 1360 1142 1420 Cdrmtuur
1163 1370 1192 1421 et
1212 1362 1263 1421 do-

104 1461 307 1542 conusens,
343 1458 463 1544 periodo
485 1469 573 1542 atque
595 1458 625 1522 iu
652 1458 718 1522 aliis
742 1455 816 1520 loeis
842 1457 997 1522 manifeste
1022 1458 1140 1545 impleto
1164 1461 1263 1526 omnin

105 1573 185 1639 sunt,
208 1581 263 1626 uec
280 1559 456 1625 difficultatis
473 1561 629 1645 quicquam
648 1559 812 1624 continent.
859 1555 922 1636 lta,
947 1560 1081 1644 inquom,
1106 1564 1182 1646 quod
1206 1563 1261 1628 boc

106 1662 169 1726 loeo
184 1661 306 1742 dicitur,
340 1663 371 1728 iu
393 1663 597 1728 incarnatione
622 1665 782 1749 perlectum
805 1673 862 1726 est.
910 1659 1011 1746 Quare
1031 1664 1102 1728 nihil
1117 1677 1164 1730 est
1186 1667 1264 1751 quod

105 1763 152 1843 bi,
182 1764 229 1850 qni
251 1766 330 1830 vitae
353 1787 426 1830 suae
444 1788 544 1832 curam
568 1776 693 1852 gerunt,
726 1765 819 1850 abripi
843 1785 876 1829 se
893 1765 923 1830 iu
942 1786 1076 1830 errorem
1100 1767 1262 1834 ullomodo

103 1866 262 1953 patiantur.
300 1866 436 1953 Denique
456 1869 556 1932 vivum
576 1869 698 1934 verbum
715 1889 731 1932 a
750 1868 820 1932 vivo
837 1877 920 1953 patre
936 1869 1094 1952 processit,
1120 1871 1194 1934 lilius
1213 1894 1264 1957 pa·

104 1968 170 2047 trio,
193 1991 252 2032 uon
271 1969 307 2035 ab
323 1991 360 2035 eo
376 1983 506 2036 oreatus.
538 1969 635 2035 Porro
654 1971 752 2035 omnia
769 1971 798 2035 iu
813 1971 1020 2036 incarnatione
1036 1973 1167 2058 perlecta
1182 1985 1261 2056 suot,

103 2093 143 2136 ne
166 2081 217 2135 aut
241 2071 338 2136 inanis
362 2075 504 2158 quaedam
531 2075 647 2159 speeies
672 2084 721 2138 aut
744 2075 888 2139 divinitati
914 2074 1173 2140 consubstantialis
1196 2099 1266 2142 coro

103 2176 296 2254 crederetur,
328 2179 380 2240 sed
404 2176 435 2240 iu
455 2198 543 2240 unam
571 2176 719 2262 passionis
742 2187 895 2262 expertem
920 2190 1042 2242 naturae
1067 2179 1266 2246 conditionem

102 2278 277 2342 eonsociato
293 2290 398 2343 natura
414 2278 539 2344 bominis
561 2279 795 2362 intelligeretur,
819 2278 848 2341 id
863 2281 938 2363 quod
955 2279 1113 2365 praecipue
1129 2293 1197 2367 post
1218 2303 1266 2348 rc-

101 2381 320 2446 surrectionem
339 2380 475 2464 contigit.
518 2385 586 2444 Noa
603 2387 676 2444 enr'rn
694 2385 815 2464 ampliter
833 2386 970 2455 moro'tur,
996 2381 1101 2466 inquit,
1126 2407 1202 2448 mors
1220 2391 1375 2460 illinunt,
1387 2405 1407 2452 s.

99 2487 183 2548 alon
203 2507 259 2548 noa
282 2486 483 2547 domrnodr'tnr.
542 2481 597 2547 Est
624 2485 702 2549 euim
730 2505 806 2547 uirus
829 2483 981 2562 dominus,
1014 2507 1089 2549 urrus
1115 2483 1265 2570 Christus,

99 2609 182 2654 unus
199 2609 274 2668 rex,
306 2587 341 2650 ad
361 2588 515 2650 dexteram
536 2586 627 2672 patris
646 2586 824 2664 considens,
850 2608 937 2650 uuum
958 2587 1111 2670 quiddam,
1136 2590 1268 2674 spiritale

99 2690 217 2777 pariter
230 2700 261 2752 et
275 2709 464 2774 corporeum,
478 2689 636 2774 singularis
650 2690 760 2769 unitas,
778 2709 834 2751 nno
850 2689 990 2774 spiritalis
1002 2690 1152 2772 diuinitas,
1169 2694 1267 2779 splen-

98 2793 187 2856 doris
209 2793 296 2856 ambo
319 2791 491 2877 gloriaeque
516 2791 697 2877 plenissima.
745 2789 854 2856 Verum
883 2791 919 2854 de
936 2791 991 2854 boe
1016 2792 1083 2856 loco
1107 2795 1266 2878 hactenns,

96 2895 222 2960 abunde
240 2895 317 2960 enirn
336 2916 353 2958 a
372 2895 456 2958 nobis
471 2895 651 2981 explicatum
670 2894 810 2958 arbitror.
844 2891 933 2958 Nunc
949 2895 985 2958 ad
1003 2895 1061 2958 clia
1075 2897 1266 2978 veniendum,

97 3018 183 3082 quae
205 2998 241 3062 ad
262 2998 444 3062 audientium
467 2997 628 3082 perniciem
651 2997 687 3060 ab
711 2997 768 3062 illis
790 2997 958 3082 excogitata
981 3011 1061 3062 sunt.

194 3097 260 3164 lloc
277 3098 354 3163 enirn
370 3099 530 3164 obiiciuutc
555 3098 589 3165 st
606 3121 646 3165 ex
664 3099 793 3164 essentia
808 3099 898 3185 patris
915 3110 977 3179 est,
1002 3101 1148 3184 quomodo
1165 3101 1267 3166 boram
1321 3105 1382 3174 cap.

96 3223 140 3269 ac
160 3201 237 3266 diem
256 3201 392 3287 ignorat,
415 3223 506 3288 seque
522 3205 597 3287 quod
614 3214 698 3288 pater
713 3203 797 3266 novit
814 3202 929 3266 nescire
947 3201 1098 3288 discipulis
1115 3204 1177 3269 suls
1195 3207 1269 3270 lote-
1302 3175 1399 3228 '‘¹⁴¹¹‘'

96 3305 177 3368 tur?
218 3311 262 3368 oe
282 3309 328 3367 die
342 3308 411 3380 illu,
436 3305 544 3390 iuquit,
569 3309 685 3368 elbora
701 3329 781 3368 nemo
797 3311 891 3380 couri,
915 3327 1004 3387 neque
1021 3309 1118 3386 angelo
1131 3312 1162 3369 in
1177 3312 1265 3384 coelo,
1289 3305 1379 3404 2¹¹2}

93 3430 199 3490 neque
210 3411 315 3490 filius,
348 3413 408 3470 nesi
425 3411 504 3470 colus
521 3421 617 3490 poter.
665 3406 698 3472 Si
724 3408 813 3492 igitur
837 3419 921 3492 pater
946 3408 1028 3472 novit
1053 3409 1129 3492 qood
1153 3409 1271 3496 ignorat
1287 3391 1362 3506 M’u‘o‘

94 3511 191 3596 ipse,
214 3511 262 3594 qui
284 3520 380 3596 potest
398 3512 488 3595 patris
506 3532 541 3574 ac
561 3510 610 3574 lilii
629 3512 733 3574 eadem
751 3529 819 3574 esse
838 3510 995 3590 diviuitas,
1020 3533 1085 3574 eum
1105 3511 1181 3575 filius
1196 3534 1272 3597 quae
1300 3493 1381 3570 13ιή

94 3610 187 3700 patri
203 3613 322 3696 cognita
338 3625 408 3676 sunt
427 3613 558 3678 nesciat?
602 3611 714 3676 Verum
737 3632 810 3696 quoe
834 3611 959 3696 mystice
974 3633 1010 3675 oc
1027 3633 1081 3696 pro
1096 3613 1197 3678 divina
1218 3635 1272 3680 sun

93 3715 255 3800 sapientia
279 3715 315 3778 ad
347 3715 532 3780 certissimae
559 3716 702 3780 scientiae
732 3715 897 3780 firmitatem
926 3733 962 3778 ac
988 3715 1199 3779 munimentum
1225 3716 1272 3779 dei

92 3817 189 3882 filius
206 3817 338 3880 docendo
355 3819 524 3903 proposuit,
550 3839 682 3904 quaeque
705 3819 740 3882 ad
763 3816 916 3881 humanam
939 3816 1137 3881 conditionem
1156 3839 1275 3882 oceum-

91 3920 228 3984 modata
243 3929 331 3998 suut,
356 3921 450 4004 ignari
472 3921 520 3984 isti
538 3943 621 3986 suam
642 3921 677 3984 ad
694 3930 805 4005 pestem
822 3941 857 3984 ac
877 3918 1036 4005 perniciem
1055 3919 1184 3998 trabunt,
1210 3930 1273 3984 tan-

91 4043 198 4108 quam
219 4033 376 4108 serpentes
398 4023 512 4107 quidam
532 4023 717 4101 exitiabiles,
749 4033 836 4106 atque
853 4022 890 4085 ab
908 4022 1014 4086 callido
1032 4032 1184 4106 captatore
1204 4042 1274 4087 esca

89 4125 239 4211 quedam
257 4138 288 4188 et
302 4125 440 4189 illecebra
459 4125 592 4211 pellecti,
617 4145 672 4188 nee
688 4124 757 4188 illud
773 4125 921 4202 sentiunt,
946 4123 1021 4188 banc
1042 4144 1110 4186 esse
1129 4123 1275 4188 mendacii

90 4239 267 4308 natirram,
301 4237 334 4290 ut
350 4227 515 4292 consistere
535 4227 668 4313 nuspiam
692 4227 802 4312 possit,
836 4237 939 4290 contm
961 4225 1116 4289 veritatem
1140 4247 1198 4289 nou
1221 4245 1275 4290 cos

87 4376 147 4436 ὑπ’
167 4376 268 4442 αὐτῶν,
284 4385 321 4432 oct
336 4385 389 4440 τοῖς
403 4377 498 4442 αὐτοῖς,
516 4385 680 4445 complectetur
712 4381 744 4432 ob
761 4379 820 4448 ipsis
837 4379 870 4430 cd
885 4378 1067 4430 subvertendos
1085 4378 1217 4432 audientes
1230 4395 1277 4430 ex-

84 4453 232 4506 Pcicoc'us.
266 4452 439 4502 Etcornortus
453 4453 562 4502 sortiter
577 4448 610 4502 de
625 4449 679 4502 aliis
713 4447 829 4517 cogitotis
843 4447 928 4500 dicere
943 4446 1082 4516 aggrediar.

156 4531 256 4590 (lorpes
270 4530 407 4576 macecol.
422 4530 484 4578 lbi.
1029 4539 1071 4601 42
