3116 4934
325 265 463 322 amaon
479 267 544 321 nra.
554 269 586 321 rr.
603 268 684 322 ron.
700 269 720 318 r.
737 267 837 324 nasa.
848 267 925 321 narr.
1143 253 1202 322 163

131 387 211 476 Quid
229 391 265 454 ud
286 389 359 454 bueo
380 385 498 454 Nobtus
516 411 582 453 oum
603 409 656 453 sua
675 381 836 454 stoliditate
853 397 939 473 atque
962 387 1089 453 amentia
1105 398 1205 474 potest
1221 385 1280 455 ⁰²9·
1291 385 1357 439 Vffl·

59 493 199 557 obiioerei
241 489 322 556 Num
344 491 375 556 in
398 491 482 556 ooelo
500 511 569 555 euro
587 501 655 556 ante
673 489 867 554 versabatur?
908 487 1033 556 Minime
1058 493 1202 577 proiecto.

59 594 205 680 Quomodo
227 594 316 680 igitur
339 593 389 679 qui
408 595 561 658 descondit
582 595 619 658 de
641 593 742 672 ooeio,
766 595 829 681 ipse
845 593 955 680 estqui
974 595 1124 674 aseenditq
1147 593 1204 657 nisi

59 699 115 762 ittuu
137 697 308 782 significare
325 697 435 776 voluit,
459 696 582 760 verbum
607 697 718 781 ipsum,
747 697 822 780 quod
845 697 1054 777 desnenderut,
1084 717 1144 760 nou
1166 717 1206 760 ex

60 801 182 865 interiori
200 820 269 864 esse
289 800 374 878 loeo,
398 799 451 863 sed
471 820 487 864 e
506 800 589 863 ooolo
613 819 681 862 esse
704 797 873 884 delapsum?
914 795 1111 884 Posteaquam
1134 819 1206 863 vero

60 923 168 968 earnem
191 902 320 968 bominis
342 902 519 987 assumpsit,
543 923 602 966 non
626 901 705 965 illam
729 901 844 986 quidem
862 921 880 965 e
896 901 953 966 viri
972 902 1085 966 semine
1106 921 1208 967 susee-

60 1015 144 1090 ptam‚
171 1025 188 1069 e
210 1004 316 1090 spiritu
335 1003 499 1091 pariterue
518 1025 609 1068 earne
627 1013 717 1068 totum
740 1004 1001 1070 administrationis
1023 1023 1095 1068 suae
1117 1024 1209 1088 nego·

60 1109 117 1172 tium
137 1108 277 1194 pertenit.
311 1103 510 1190 Quamobrem
526 1117 559 1170 nt
575 1106 665 1170 divini
683 1105 766 1171 verbi
783 1107 985 1193 humanaeque
1001 1118 1124 1172 naturae
1138 1127 1210 1170 oou·

59 1209 231 1276 inuetiouem
254 1219 285 1274 et
307 1209 336 1272 in
355 1231 443 1274 uuam
461 1211 642 1295 eandemque
665 1229 729 1273 rena
747 1209 996 1274 oonsooiutionem
1018 1218 1207 1288 monstraret,
1226 1249 1229 1256 .

58 1312 128 1378 dum
146 1314 245 1399 ipsum
268 1313 344 1376 dixit
359 1313 407 1397 qui
424 1333 442 1377 e
459 1313 544 1378 coeio
559 1323 685 1378 venerat
702 1312 804 1376 eodem
821 1334 886 1378 oum
904 1312 1037 1378 absoluta
1058 1311 1210 1377 divinitate

60 1417 188 1480 rediisse.
234 1413 324 1480 Nono
341 1416 437 1495 enim,
461 1416 490 1478 id
509 1417 584 1501 quod
604 1426 672 1480 ante
692 1437 749 1479 uon
766 1426 849 1494 erat,
873 1436 943 1480 euro
965 1425 1029 1495 est,
1053 1414 1089 1478 de
1107 1413 1211 1499 spiritu

59 1529 207 1603 suseeptus
229 1537 263 1582 an
281 1515 414 1602 virgine,
444 1521 606 1602 perieulum
625 1539 730 1604 nempe
748 1517 870 1584 verbum
895 1519 1021 1582 oblatum
1044 1519 1119 1603 patri
1142 1516 1210 1596 deo,

60 1623 125 1704 quod
143 1631 233 1684 antea
250 1641 321 1684 earo
339 1620 370 1684 iu
385 1621 470 1685 ooeio
488 1642 546 1684 uon
564 1621 669 1685 iuerat.
715 1618 793 1704 Quid
809 1620 898 1704 igitur
911 1621 940 1684 iu
959 1620 1043 1684 ooelo
1060 1619 1113 1683 init
1133 1617 1211 1682 aliud
1254 1611 1256 1617 ⁴

61 1733 171 1806 praeter
196 1721 319 1787 verbum
339 1743 355 1787 e
376 1723 461 1787 ooeio
484 1723 663 1788 demissum?
705 1719 762 1788 Cui
784 1722 814 1786 iu
831 1744 918 1788 unam
937 1723 1119 1787 divinitatem
1142 1741 1212 1784 oon-

60 1824 163 1888 iuuutio
178 1824 387 1905 conveniebat,
407 1825 566 1891 seeundum
582 1837 733 1911 paternam
750 1826 807 1889 vim
821 1825 956 1912 copulata
970 1834 1058 1911 atque
1072 1823 1210 1888 enudata.

60 1924 121 2009 Quo
140 1938 171 1992 et
195 1927 265 1991 iilud
290 1949 347 1992 una
367 1928 547 2008 declararet,
577 1926 607 1991 in
629 1939 708 1992 terra
729 1927 871 2013 ooeioque
891 1929 1015 1996 eundem
1037 1948 1105 1994 esse
1126 1929 1213 1991 deum

60 2031 196 2109 uerbum,
221 2028 427 2095 conversionis
443 2031 538 2094 omnis
560 2053 594 2094 se
613 2029 783 2094 mutationis
799 2041 964 2116 expertem.
1010 2029 1085 2094 Erat
1106 2029 1213 2115 quippe

59 2133 195 2210 verbum,
220 2135 293 2196 deus
319 2143 385 2196 erat
404 2153 538 2218 semper,
563 2145 629 2197 erat
650 2132 788 2219 spiritus,
812 2134 860 2198 vis
881 2145 947 2198 erat
967 2134 1105 2218 denique.
1151 2130 1211 2216 Qui

60 2255 210 2300 commuue
224 2235 294 2297 iiiud
310 2252 435 2313 nomen,
459 2234 593 2320 qnodque
608 2235 740 2300 homines
757 2256 864 2322 capere
876 2247 1012 2322 possent,
1036 2235 1067 2300 in
1083 2235 1213 2320 seipsum

59 2339 202 2424 suaeepit‚
227 2357 294 2400 oum
309 2335 434 2401 bominis
451 2337 526 2402 iilius
543 2338 704 2423 appellatus
723 2349 786 2418 est,
810 2339 944 2424 quamvis
959 2339 1005 2402 dei
1024 2338 1100 2402 [iiius
1119 2347 1212 2404 esset.

61 2436 115 2520 Qui
133 2440 289 2524 insupera
309 2439 458 2525 prophetis
477 2440 505 2503 id
526 2439 620 2524 ipsum
647 2441 722 2525 quod
744 2441 775 2504 iu
798 2462 887 2505 oarne
910 2441 1038 2504 nondum
1060 2450 1125 2510 erut
1146 2459 1214 2504 esse

60 2551 124 2604 ante
141 2540 397 2626 pronuntiabatur,
418 2553 539 2628 propter
553 2543 581 2606 id
597 2545 673 2628 quod
689 2543 797 2608 eratin
814 2564 851 2607 eo
866 2542 1086 2629 perficiendum.
1110 2541 1213 2627 Quare

61 2640 101 2706 ita
117 2639 225 2708 Daniel
243 2643 391 2730 loquitur=
417 2648 483 2706 Vidi
500 2651 586 2727 panai
595 2649 695 2728 fidium
715 2650 835 2709 domabas
855 2651 1006 2708 uenientem
1029 2651 1059 2708 a'n
1079 2647 1210 2708 nubibus.
1229 2653 1287 2701 ne..
1300 2655 1322 2712 t,
1335 2653 1367 2704 ts

61 2741 143 2809 Unde
162 2747 271 2810 merito
292 2747 322 2810 in
347 2746 432 2812 ooelo
456 2745 511 2811 boo
533 2748 670 2812 edentum
694 2749 812 2813 nornine
833 2749 955 2814 verbum
978 2743 1073 2812 suuoti
1094 2748 1215 2834 spiritus

62 2847 154 2912 auam
177 2849 319 2934 propbeta
343 2850 496 2935 perspexit
524 2849 572 2934 qui
597 2853 701 2913 Filium
724 2855 860 2915 attusr'mt
885 2852 1014 2916 voravit.
1065 2847 1216 2934 Quooiroa

62 2971 134 3032 quae
157 2951 251 3036 prima
274 2963 343 3018 sunt
364 2951 522 3036 posteriori
548 2954 650 3017 ordine
678 2953 830 3018 declarans
856 2954 1024 3039 unigenitus
1051 2954 1098 3017 dei
1126 2953 1214 3033 tilius,

63 3055 163 3128 Nemo,
188 3054 300 3139 iuquit,
323 3045 452 3117 aseendit
469 3059 498 3116 in
521 3058 628 3116 walum
648 3061 708 3117 οἱοί
726 3063 779 3138 qud
793 3060 828 3118 du
849 3061 926 3119 unedo
947 3061 1107 3133 deseendit,
1129 3059 1368 3138 ιΙίἱίοοοῐοοηιῐῦ

63 3159 187 3220 dommo
236 3155 306 3221 Nou
323 3158 400 3242 quod
418 3178 488 3220 oaro
505 3168 586 3222 esset
602 3157 632 3221 in
651 3160 752 3238 eonio,
775 3161 827 3224 sed
851 3161 925 3244 quod
946 3181 963 3224 e
986 3160 1069 3224 ooeio
1093 3159 1216 3225 deseen-

64 3259 158 3340 deret‚
183 3261 232 3345 qui
255 3259 398 3323 eiusmodi
421 3271 501 3324 esset
522 3259 665 3324 vocabulo
688 3260 894 3326 nominandus.

133 3361 245 3428 Verum
263 3361 331 3447 quid
347 3362 476 3442 tandem,
496 3363 534 3426 mi
552 3363 655 3427 borno!
681 3365 832 3448 proderes?
859 3362 1083 3450 scriptumest,
1106 3363 1212 3450 iuquit,
1232 3371 1293 3438 cap.
1309 3369 1356 3421 tx

63 3467 120 3528 Iste
132 3471 202 3529 deus
216 3477 378 3539 estunam,
397 3477 428 3526 et
440 3487 495 3527 non
511 3469 706 3530 assumuntur
720 3469 805 3529 aldus.
834 3463 993 3532 Praestare
1010 3489 1095 3548 vero,
1115 3487 1215 3552 qnem·
1229 3467 1329 3567 ⁸3³3*-

64 3568 212 3632 admodum
230 3579 259 3632 et
278 3567 428 3654 apostolus
450 3569 588 3634 affirmat:
621 3573 761 3649 Quorsum,
786 3569 895 3655 inquit,
915 3583 1031 3652 pones,
1057 3593 1095 3632 aa
1115 3571 1215 3652 pan'bua
1228 3552 1361 3646 tombs

65 3673 193 3732 Cba'atus
207 3675 359 3734 sewardum
375 3691 499 3748 omem,
524 3677 576 3753 pna'
588 3684 730 3754 estsuper
743 3677 846 3747 omniu,
870 3677 949 3735 deus.
996 3670 1082 3756 Quae
1100 3673 1215 3757 quidum

65 3771 272 3838 admirabiliter
291 3772 328 3836 ab
346 3793 382 3836 eo
402 3771 478 3836 diota
494 3786 574 3837 sunt.
621 3771 677 3838 flio
693 3776 772 3839 enim
788 3777 836 3862 qui
855 3786 901 3842 est
918 3775 1120 3862 superomnia
1144 3773 1216 3838 dous

65 3886 120 3939 est.
164 3873 242 3940 Nam
261 3895 326 3940 euru
346 3876 383 3939 iis
402 3875 465 3961 ipse
481 3895 535 3940 uos
553 3875 651 3942 verbis
669 3877 788 3944 donent:
819 3883 918 3942 oman
938 3883 1009 3942 ma’di
1026 3880 1132 3940 trudito
1150 3887 1219 3938 suat
1233 3879 1317 3926 uasat

66 3998 86 4038 u
107 3991 188 4058 pun-e
211 4001 288 4053 meo,
319 3989 471 4063 propterea
494 3999 580 4060 suaper
602 3986 695 4042 omneis
716 3985 785 4044 deus
808 3994 861 4043 est.
907 3981 1007 4066 Atque
1034 3981 1074 4043 ita
1102 3998 1216 4064 quoque
1225 3933 1368 4095 1:2⁰2:AE

68 4076 191 4146 ioannes
212 4091 357 4145 testatur:
391 4081 561 4162 obpalluit,
586 4081 696 4166 iuquit,
724 4083 761 4145 nd
779 4087 875 4158 obdab,
899 4087 975 4165 quod
990 4085 1162 4159 uudmbnua,
1187 4093 1216 4144 et
1224 4104 1313 4151 ruam
1321 4106 1362 4161 tt.

68 4187 156 4246 oculu
170 4189 298 4260 uidimus,
323 4196 466 4246 statuaras
481 4197 596 4248 nosnos
610 4195 862 4248 contrectaverunt.
910 4185 957 4249 Ao
973 4205 1076 4251 rursus
1090 4186 1120 4250 iu
1136 4185 1217 4273 Apo·

69 4285 193 4372 oaiypsia
219 4291 276 4366 Qui
294 4298 339 4349 eat
354 4289 392 4349 ab
408 4291 506 4364 mutuo,
530 4300 561 4350 et
580 4293 633 4370 pau·
646 4299 780 4352 maturus
797 4301 842 4352 est
859 4293 1039 4370 omnpotens.
1085 4287 1216 4377 Egregie
1229 4303 1355 4364 umus

106 4503 129 4560 d.
147 4503 199 4564 aiat
214 4510 443 4564 minoratum.
481 4515 556 4565 teron
570 4511 609 4581 aqi
625 4505 729 4581 ὀνόματι
744 4513 863 4579 wopands
879 4517 933 4568 suut
948 4529 1002 4568 oum
1017 4505 1158 4570 ἀποκαλῶν.

946 4607 981 4668 11
997 4601 1015 4644 *
