3186 4928
358 215 494 269 ιιιιιιιι
512 217 576 269 ιιι.
591 217 623 269 ιι.
639 217 722 269 nou.
735 219 754 269 ι.
773 215 872 268 unna.
887 217 981 268 cxiv.
1187 207 1250 272 869

93 339 256 415 iustorum,
280 337 437 401 iolldelinm
456 338 577 423 perinde
596 358 631 400 ao
648 335 794 415 fidelium,
819 357 941 420 quorum
964 341 1003 398 od
1020 342 1105 400 citum
1121 341 1189 412 old,
1214 343 1253 402 od
1276 329 1363 443 ml·

92 453 238 502 aeternum
260 443 314 502 atu
332 443 465 502 ιἰιιιιιίιιιιι
487 453 653 520 resurgunt.

179 539 243 606 Sile
266 542 356 626 igitur
372 539 525 628 Babylon,
556 555 641 606 vetus
664 543 713 606 illa
737 542 821 606 nobis
842 543 1002 607 instaurate
1023 543 1175 606 conlusioe
1207 555 1251 608 ta·
1287 553 1347 619 cap.
1399 535 1403 544 ’

1195 622 1355 672 ,ω’
1473 625 1476 628 ,

94 657 179 723 ιιιι,
203 644 339 730 inquam,
364 641 512 725 Sodoma,
537 645 777 730 horribiliomque
793 655 959 708 antrorum
978 645 1122 710 scelernm
1143 645 1254 710 clamor

95 747 232 813 addeum
249 766 341 832 usqne
359 759 528 832 provectus.
566 753 665 811 Veniet
677 752 749 812 enim
765 771 803 809 ee
818 751 887 810 Secu
905 749 1042 810 tides-otor
1055 753 1108 829 qui
1117 750 1154 810 od
1168 749 1253 811 luced
1264 737 1407 834 ξ’ὃξξῗιξξ

94 856 251 930 rinpietutcr
268 862 394 926 munt,
420 861 507 934 atquc
525 851 551 914 is
571 853 638 912 tudo
657 852 839 932 personabit,
864 863 894 914 ιι
907 863 1062 931 mergent
1079 856 1199 925 mortui,
1224 863 1253 913 et
1265 822 1381 948 ¹·4‚'¹',¹}“l·

94 975 147 1014 nor
170 957 314 1034 rope'emur
332 959 361 1015 in
379 973 526 1016 occursum
548 957 628 1016 illuns
648 958 677 1015 in
700 959 778 1016 ot‘ro.
827 951 859 1017 ld
879 953 956 1037 quod
977 952 1065 1037 longo
1088 973 1173 1038 quam
1197 974 1253 1038 ego

95 1047 276 1139 praeclarius
300 1055 404 1119 beatos
427 1053 596 1120 Methodius
621 1055 828 1141 pertractavit,
861 1067 890 1120 et
916 1079 971 1119 nos
995 1056 1034 1120 iis
1058 1075 1133 1141 quae
1159 1056 1195 1120 ab
1218 1077 1254 1120 eo

96 1157 243 1242 disputata
261 1168 331 1222 sont
349 1157 427 1220 istud
442 1159 655 1224 adstruximus.
702 1157 863 1225 Enimvero
880 1179 927 1247 on¹
942 1159 987 1223 his
1007 1180 1082 1243 quac
1099 1158 1257 1226 coniuncta

94 1269 165 1323 sunt
182 1260 412 1344 uniuscuiusque
426 1261 562 1326 dictionis
577 1281 696 1326 sensum
713 1261 782 1326 licet
800 1261 975 1344 intelligere.
1021 1262 1120 1345 Atque
1137 1270 1255 1346 aposto·

96 1364 143 1426 lus
160 1361 283 1448 duplicis
301 1363 377 1427 nodi
393 1363 522 1448 speciem
545 1363 729 1448 distinguens
744 1364 774 1427 in
797 1385 883 1429 uuam
902 1385 983 1450 spem
1002 1364 1140 1442 contulit,
1164 1365 1201 1426 ab
1218 1361 1255 1427 ils

95 1465 214 1530 verbis:
245 1470 307 1528 Nor
326 1471 471 1547 ropmmcr
493 1473 522 1528 in
541 1460 661 1530 nodedun
683 1472 712 1528 in
732 1489 880 1529 occursum
901 1470 996 1542 illias,
1029 1477 1060 1531 ut
1083 1467 1139 1530 hoo
1160 1467 1254 1550 ipsum

95 1590 206 1653 corpus
224 1589 296 1633 rere
317 1589 403 1648 csse,
428 1591 486 1632 non
511 1580 629 1654 praeter
647 1571 739 1654 ipsum
760 1570 854 1650 aliud,
880 1569 1060 1634 ostenderet.
1104 1566 1184 1632 Nam
1207 1567 1255 1652 qui

95 1674 228 1755 rapitur,
245 1671 382 1741 ¹nondum
395 1683 442 1735 est
460 1683 603 1736 mortuus.
648 1669 709 1736 Sed
729 1683 759 1736 et
771 1672 841 1736 illud
858 1674 1050 1749 demonstrat,
1073 1681 1256 1734 mortuorum

97 1795 153 1838 uos
170 1774 418 1838 resurrectionem
441 1773 560 1838 minime
581 1784 792 1838 anteversuros
814 1795 901 1854 esse,
922 1784 955 1837 ιιι
970 1775 1046 1858 quod
1064 1772 1197 1857 expediri
1220 1772 1256 1836 eb

97 1877 266 1940 hominibus
284 1899 340 1942 non
356 1887 465 1962 potest,
490 1899 506 1940 a
523 1878 579 1940 deo
593 1877 734 1962 explicari
750 1878 836 1941 facile
851 1899 886 1940 ac
903 1878 965 1941 ieri
981 1897 1068 1962 posse
1081 1876 1255 1941 declararet.

99 1983 270 2054 Neretum,
296 1979 405 2064 iuquit,
429 1985 481 2061 qui
495 1985 628 2054 aiminus,
653 2002 708 2042 eron
726 1985 940 2061 praeconemur
960 2003 1008 2042 eor
1028 1984 1081 2061 qui
1097 1983 1257 2054 dormiunt,-

98 2103 224 2166 quorum
245 2083 492 2146 resurrectionem
507 2083 629 2147 indicat.
674 2080 715 2146 lit
738 2085 790 2146 has
809 2104 916 2161 uoces,
940 2087 1089 2146 or'centium
1108 2103 1143 2146 ac
1163 2093 1257 2163 rupto·

97 2207 180 2258 rum,
207 2183 333 2263 addidit,
365 2196 398 2247 ut
414 2184 504 2269 priori
523 2207 646 2269 corpora
666 2184 781 2249 illorum
804 2187 924 2249 doceret
947 2187 1063 2268 integro
1086 2205 1257 2268 resurgere,

99 2298 190 2372 atque
206 2309 245 2350 ιιι
262 2307 298 2350 eo
317 2287 392 2371 quod
409 2288 542 2351 viventes
558 2287 688 2372 reliquos
703 2289 853 2352 anteirent
866 2290 913 2352 dci
928 2288 1087 2372 potentiam
1101 2286 1256 2350 indicaret.

101 2389 210 2454 Videte
233 2409 344 2473 quaeso
364 2400 506 2474 quotquot
523 2390 601 2454 vitae
621 2401 740 2455 vestrae
758 2411 858 2454 curam
880 2390 1001 2475 geritis,
1026 2409 1129 2454 omnes
1150 2390 1199 2472 qui
1222 2389 1259 2452 ad

100 2494 325 2579 oppugnandam
343 2491 498 2556 veritatem
517 2493 745 2558 insurrexerunt
759 2492 815 2557 sibi
833 2493 905 2578 ipsis
922 2493 1081 2556 iniustitiae
1093 2492 1190 2555 lulium
1211 2513 1260 2554 nc·
1316 2565 1320 2572 ι

99 2594 273 2681 quisiuisse.
319 2593 407 2678 Quod
422 2595 459 2659 iis
476 2594 576 2660 veritis
591 2593 688 2660 liavid
705 2596 844 2681 propheta
861 2607 1003 2660 testatore
1029 2599 1162 2676 Concepit
1184 2595 1261 2656 tubo·
1273 2609 1341 2666 eur,
1354 2611 1389 2656 ιι

98 2721 178 2773 rent,
202 2710 231 2760 et
242 2703 356 2780 peperit
369 2703 554 2780 r'rriqmtntem.
601 2696 679 2763 Nam
695 2699 743 2783 qui
760 2699 920 2762 alienarum
937 2697 1188 2782 absurdaromque
1210 2719 1260 2762 oo·

99 2800 275 2886 gitatiooem
300 2799 431 2864 laborum
450 2799 506 2862 sibi
531 2800 660 2886 colligit,
691 2812 748 2864 tam
772 2799 932 2886 siliquam
954 2801 1059 2885 quibus
1082 2801 1261 2886 persuadere

99 2902 248 2989 potuerit,
272 2902 443 2967 iniustitiam
463 2903 550 2987 parit.
595 2909 702 2967 Locum
721 2909 847 2986 operuit,
873 2917 901 2966 et
920 2907 1023 2990 qffodit
1046 2907 1142 2979 ellum,
1167 2915 1196 2966 et
1217 2909 1307 2966 ιιι-ιι.
1321 2919 1343 2972 ι.
1356 2919 1389 2968 ts.

99 3011 179 3068 elidet
199 3010 230 3067 in
247 3007 365 3088 [ιυιαιι
384 3027 467 3086 quom
482 3008 568 3088 fecit.
616 3008 662 3071 Ac
688 3005 712 3070 si
741 3007 808 3091 quis
832 3006 876 3070 his
894 3007 1036 3070 ‘omuibus
1058 3006 1262 3070 contradicere

100 3119 219 3194 potest,
243 3111 367 3192 prodeat
381 3108 411 3172 in
431 3108 574 3186 medium,
599 3129 632 3174 ac
649 3110 723 3187 deo,
747 3110 771 3172 si
790 3119 905 3195 polest,
929 3110 1029 3173 labore
1052 3131 1106 3174 suo
1129 3108 1260 3173 resistat.

99 3217 182 3274 Deus
200 3215 274 3272 entire
295 3215 398 3293 fortis,
423 3233 479 3274 non
495 3213 651 3285 laborabit,
675 3235 764 3294 neque
787 3217 880 3286 sitiet,
912 3235 1000 3294 neque
1023 3224 1067 3274 est
1082 3216 1415 3292 supersparsimus

95 3318 271 3396 prudmttirc
289 3319 388 3394 ipsius.
436 3311 504 3396 Qua
524 3315 616 3376 frctus
638 3314 780 3378 dissoluta
798 3335 922 3399 corpora
946 3315 1074 3395 crocitat,
1098 3315 1173 3399 quod
1196 3335 1261 3401 per·

100 3417 197 3480 ditum
215 3426 262 3480 est
284 3427 403 3493 servat,
433 3417 509 3500 quod
533 3427 677 3480 mortuum
699 3430 746 3481 ιιι
765 3419 801 3482 ad
821 3418 911 3482 vitam
930 3429 1070 3498 revocat,
1095 3427 1262 3501 corruptum

102 3519 328 3604 incorruptione
345 3519 451 3597 vestit,
475 3539 598 3603 granum
616 3521 692 3603 quod
714 3520 821 3584 cecidit
840 3521 877 3583 ad
898 3520 1147 3586 resurrectionem
1163 3517 1261 3602 erigit,

103 3621 314 3705 hominemque
332 3620 379 3704 qoi
403 3631 485 3684 satus
504 3641 539 3685 ac
556 3629 687 3686 mortuus
704 3634 759 3687 ιιι
771 3623 939 3686 uberiorem
957 3624 992 3685 ed
1010 3623 1196 3708 splendorem
1218 3621 1263 3682 in·

103 3722 270 3788 staurando
290 3723 439 3808 perducit,
464 3723 505 3787 uti
525 3723 654 3809 plurilus
676 3727 706 3789 in
728 3725 892 3812 scripturae
910 3725 984 3788 locis
1006 3743 1182 3808 expressum
1203 3729 1261 3799 est,

101 3829 136 3890 io
160 3825 266 3910 quibus
289 3827 469 3889 resurrectio
492 3837 592 3892 nostra
614 3828 806 3912 significatur.

196 3925 248 3992 Sic
272 3929 346 4012 opud
364 3925 508 3993 Davidem
533 3929 564 3992 in
584 3929 635 4000 illo
655 3928 774 3994 Psalmo
797 3932 844 4015 qui
863 3937 905 3994 lie
926 3933 1005 3994 oedr's
1027 3931 1200 3990 dedecotione
1221 3926 1266 3988 in·
1309 3927 1369 3992 ⁰⁸1³·

102 4031 237 4116 scriptus
253 4041 316 4110 est,
341 4029 372 4093 iu
388 4053 445 4115 quo
460 4032 542 4096 velut
561 4033 778 4118 expectationis
796 4053 958 4118 suspensos
979 4043 1008 4094 et
1031 4033 1126 4094 lotura
1145 4028 1266 4114 spiritus
1283 3996 1377 4048 Lm

102 4135 204 4217 sancti
222 4153 277 4219 ope
290 4133 339 4198 diu
353 4145 422 4197 ιιιιι
437 4133 576 4218 propheta
589 4135 770 4220 prospiciens
785 4145 983 4198 consentanee
999 4134 1034 4196 de
1047 4131 1267 4196 resurrectione

103 4239 148 4302 ita
168 4235 358 4322 pronuntiat:
382 4239 583 4313 tentatore,
609 4241 733 4312 domine,
759 4241 888 4319 quonium
904 4241 1056 4317 suscepisti
1070 4258 1131 4312 ιιι,Ι
1155 4235 1267 4300 lustau·
1282 4245 1318 4292 1¹⁸.
1331 4245 1365 4299 tl,
1378 4245 1399 4288 ¹·

141 4463 166 4514 2.
185 4458 291 4526 καμέτω
307 4474 356 4523 epo.
382 4462 447 4510 litui
462 4475 540 4512 omnes
554 4457 670 4530 καμάτῳ.
707 4464 804 4513 Paculo
819 4463 909 4524 nloeutt
924 4453 1059 4526 ἀκαμάτῳ,

165 4543 257 4599 Corpus
270 4540 403 4586 llaereueol.
418 4540 446 4585 ll.
460 4543 480 4587 l.
1023 4550 1062 4610 24
