3176 4930
355 231 490 284 rinnau
507 231 573 282 cra.
586 231 618 284 n.
632 199 716 286 rurs.
729 231 750 282 1.
768 229 866 284 uana.
882 229 975 284 nxrv.
1184 221 1246 282 245

87 355 121 418 iia
138 364 241 418 umen
259 351 297 418 ad
317 351 398 418 ibam
416 349 606 416 refellendum
631 369 684 414 ero
701 359 859 416 contentus
878 370 954 434 quae
974 348 1005 413 in
1028 349 1248 419 commentariis

87 459 113 520 io
128 457 260 542 priore·
273 451 422 519 Psalmum
439 455 585 518 adversus
599 452 667 517 illos
682 451 822 518 disseruit
836 451 884 537 qui
900 452 1148 518 resurrectionem
1166 463 1248 516 certa

86 557 170 622 nobis
195 575 248 641 spo
271 556 435 641 bdaciaque
459 554 636 641 propositam
659 575 729 620 esse
749 554 804 619 sibi
827 554 1016 639 persuadent.

169 658 342 724 Errantem
362 659 409 722 bio
429 659 528 737 butue,
557 663 712 738 Propterea
730 680 786 720 noa
807 670 961 738 resurgent
978 663 1060 738 rinpr'a'
1077 663 1107 720 rie
1128 661 1243 720 abdrbrb.
1265 659 1325 724 cnp.
1343 659 1378 708 Χ·

86 759 203 828 Deinde
226 761 469 846 quemadmodum
496 759 610 824 collatis
631 759 808 824 editionibus
828 760 923 823 facum
949 760 1048 824 tacere
1070 759 1162 838 solet,
1189 758 1245 838 ita,
1260 723 1344 768 Μ’
1357 725 1376 768 ι’

85 865 191 950 iuquit,
218 863 400 941 Tbeodotio,
424 863 545 947 Aquila,
570 873 601 924 et
618 859 826 947 Symmachus.
873 861 953 926 Turn
969 862 1087 928 demum
1102 863 1246 928 adversus

84 965 220 1032 veritatis
243 967 319 1030 filios
340 965 507 1030 revidendo
528 966 586 1028 ista
608 964 737 1029 subiicit.

166 1067 279 1147 fluios,
302 1067 409 1153 iuquit,
433 1067 489 1130 buci
504 1068 680 1133 auctoritate
696 1067 761 1130 freti
777 1066 971 1152 simpliciores
988 1066 1102 1151 quidem
1117 1087 1158 1136 ex
1175 1063 1401 1162 fide-gggssffl

84 1173 160 1236 libus
183 1179 296 1254 negant
312 1171 405 1234 malos
428 1169 656 1234 resurrectionis
673 1179 825 1254 conopotes
841 1171 972 1246 tuturos,
997 1180 1048 1233 aut
1069 1167 1116 1234 dei
1138 1167 1247 1233 iudicio
1305 1167 1349 1212 ¹¹⁰·

85 1275 261 1358 dignandos,
285 1293 380 1357 neque
399 1271 561 1336 cuiusmodi
581 1272 842 1350 resurrectionem,
865 1283 915 1340 eut
933 1273 1018 1356 quate
1035 1270 1091 1336 sibi
1109 1271 1247 1336 iudicium

84 1379 214 1460 burgast,
239 1388 341 1461 aperto
365 1374 437 1438 satis
456 1375 637 1460 exprimunt.
685 1375 731 1437 Ac
753 1373 822 1437 lieet
841 1395 923 1438 suam
943 1375 979 1438 de
1002 1373 1047 1438 bis
1070 1375 1246 1437 sententiam

84 1479 201 1564 aperire
228 1479 400 1556 rideantur,
432 1477 495 1563 ipsa
519 1476 586 1540 ilius
611 1476 760 1562 inquisitio
788 1475 946 1541 convincet
972 1476 1164 1561 ostendatque
1192 1495 1247 1539 nec

84 1582 158 1665 qnod
178 1601 366 1667 consequeus
384 1589 430 1643 est
449 1601 484 1644 ac
500 1579 664 1644 cohaerens
681 1578 795 1644 servari
812 1578 847 1641 ab
865 1579 923 1644 illis
941 1601 1046 1664 posse,
1071 1599 1127 1642 nce
1145 1598 1245 1642 resur-

84 1683 226 1748 rectionis
243 1703 279 1746 ac
300 1681 399 1746 iudicii
420 1682 536 1745 modurn
555 1692 587 1746 et
609 1681 752 1745 rationem
770 1681 916 1764 inteiligit.
963 1678 1058 1765 Igitur
1074 1681 1099 1743 si
1117 1681 1245 1744 interro·

83 1807 186 1870 goinus
204 1785 357 1848 cuiusnam
374 1784 414 1846 sit
431 1785 526 1847 tuturo
544 1784 740 1862 resurrectio,
766 1780 950 1869 Corporum,
975 1783 1145 1870 respondet,
1169 1803 1245 1868 quae

82 1910 133 1952 nos
152 1890 242 1952 modo
261 1887 453 1951 circumdant.
499 1884 680 1951 instantibus
699 1885 801 1965 nobis,
826 1885 915 1950 totius
929 1885 1045 1950 illoram
1063 1885 1245 1950 substantiae
1358 1926 1360 1936 ·

81 2012 175 2056 acano
196 1993 295 2054 tutore
311 1992 368 2067 sit,
392 2000 547 2074 antequam
566 1990 723 2072 diligenter
739 1989 816 2052 istud
835 1989 1047 2073 expenderint,
1071 1989 1162 2054 totius
1181 1993 1244 2052 tore

79 2092 288 2180 pronuntiant.
334 2090 460 2174 Quodsi
480 2113 535 2156 nos
553 2093 587 2155 ad
605 2092 721 2156 illorum
736 2089 951 2176 simplicitatem
974 2094 1244 2172 accommodantes,

79 2217 176 2281 aeque
196 2196 351 2281 quicquam
376 2196 411 2258 de
435 2194 515 2258 iluna
537 2215 572 2260 ac
596 2194 725 2258 mutabili
748 2215 902 2278 corporum
921 2205 1026 2258 natura
1048 2196 1242 2280 disputantes,

80 2299 242 2364 dubitando
264 2318 381 2362 rursum
400 2296 634 2382 interrogemus,
658 2319 726 2360 uum
745 2317 802 2360 una
823 2295 945 2378 sanguis
963 2296 1012 2361 iile
1029 2298 1124 2360 omnis
1144 2318 1244 2360 resur·

79 2412 143 2485 get,
170 2401 221 2486 qui
239 2409 320 2464 secta
335 2399 492 2465 identidem
510 2420 585 2464 vena
602 2399 775 2478 deduxerit,
798 2419 833 2464 ac
852 2399 988 2482 quicquid
1008 2410 1163 2484 praeterea
1177 2420 1243 2462 car·

81 2505 124 2567 nis
150 2503 323 2568 morborum
341 2503 386 2568 vis
406 2502 621 2587 absumpserit,
651 2523 767 2566 necnon
790 2512 821 2565 et
842 2500 892 2586 pili
918 2522 1021 2566 unancs
1044 2501 1092 2585 qui
1115 2521 1241 2586 unquam

80 2607 158 2671 enati
177 2617 266 2684 sont,
291 2627 328 2668 en
344 2604 365 2668 ii
384 2605 526 2670 duntaxat
541 2603 589 2689 qui
605 2604 659 2670 sub
678 2603 787 2668 obitum
803 2615 935 2668 nostrum
952 2603 1145 2683 effloruerint,
1168 2625 1243 2668 nou·

80 2729 230 2796 uunquam
248 2710 284 2774 ad
303 2727 368 2772 eam
390 2707 594 2792 quaestionem
614 2707 768 2774 offendunt
791 2727 826 2772 ac
849 2707 904 2770 deo
926 2707 1152 2793 permittendum
1173 2727 1242 2772 esso

81 2812 199 2890 dicunt,
225 2820 257 2874 ut
275 2809 411 2895 quicquid
428 2809 555 2874 voluerit
576 2809 613 2873 de
635 2829 670 2873 ea
692 2809 867 2888 constituat,
897 2809 1043 2874 interdurn
1066 2829 1140 2874 vero
1161 2809 1244 2874 velut

79 2912 275 2978 assentiendo
295 2912 375 2978 scios
400 2912 466 2977 ittos
489 2911 641 2977 nobiscum
664 2924 886 2977 resurrecturos
912 2932 979 2976 esse
1007 2910 1081 2998 pibus
1104 2921 1244 2976 asserunt

79 3039 153 3102 quos
170 3015 228 3081 snb
246 3015 325 3079 ritae
341 3015 454 3080 exitum
473 3014 672 3080 babuerimus.
718 3017 759 3079 At
774 3015 822 3100 qui
841 3015 935 3099 magis
953 3015 1111 3081 interillos
1128 3014 1243 3080 strenui

77 3133 164 3198 suut,
198 3139 236 3182 ue
260 3118 415 3202 sanguinis
437 3116 550 3203 copiam
574 3137 689 3182 ornnem
714 3118 761 3202 qui
786 3139 825 3182 ex
851 3115 1024 3203 corporibus
1046 3117 1157 3182 uostris
1181 3117 1242 3203 pba-

77 3242 205 3307 romquc
226 3231 360 3284 secretus
383 3229 447 3300 est,
476 3219 635 3306 itidemque
658 3239 777 3284 carneas
805 3241 921 3286 ornnem
947 3240 1021 3304 quae
1046 3241 1099 3305 per
1122 3221 1242 3284 morbos

76 3323 270 3388 insudarem
294 3333 345 3388 aut
366 3321 453 3387 aliam
475 3321 617 3387 eiusmodi
643 3323 795 3386 materiam
822 3322 911 3402 abiit,
941 3321 969 3386 iu
996 3344 1084 3388 unum
1106 3326 1244 3388 conterre

76 3447 129 3490 sua
147 3426 289 3490 oratione
304 3436 465 3510 cogantur,
490 3424 587 3510 qualia
606 3424 661 3488 sub
679 3435 803 3490 mortem
821 3425 975 3490 extiterint
995 3445 1155 3512 resurgere
1177 3447 1244 3490 eor-

76 3551 149 3614 pcra
175 3538 280 3592 nostra
302 3527 482 3613 praedicant.

164 3629 252 3696 Haec
271 3629 408 3715 opinione
430 3651 483 3696 sua
505 3628 647 3716 sopiemis
669 3629 747 3694 iliius
772 3629 897 3694 bominis
920 3629 1065 3695 aduersos
1087 3629 1242 3696 veritatem
1261 3639 1322 3708 esp.
1338 3639 1386 3691 xt.

75 3733 251 3820 propositae
274 3731 509 3798 obiectioaculnc
534 3746 620 3811 sunt3
653 3753 727 3818 quae
754 3732 825 3798 mihi
851 3733 1021 3798 necessario
1050 3733 1243 3818 proterendac

75 3836 210 3914 fuerint,
234 3845 269 3900 ut
283 3855 369 3919 qaam
388 3835 437 3899 ibe
454 3835 491 3899 de
506 3837 727 3901 resurrectione
743 3857 843 3922 perum
861 3857 933 3901 sane
948 3857 984 3900 ae
1001 3836 1126 3900 fideliter
1140 3855 1244 3900 sanse-

74 3943 132 4020 rit,
159 3939 228 4004 eins
245 3938 289 4001 roi
307 3937 516 4022 intelligendae
531 3937 642 4026 cupidis
659 3939 777 4025 planum
793 3938 913 4004 omuino
932 3941 1074 4004 iacerem.
1120 3934 1197 4003 Nam
1213 3949 1245 4002 et

73 4044 133 4107 alia
162 4041 204 4105 ad
230 4041 356 4105 eundem
379 4037 528 4106 Psalmnm
552 4041 691 4126 deinceps
712 4040 748 4103 ad
775 4040 850 4104 buno
874 4043 989 4106 modurn
1014 4039 1144 4104 disserit.
1191 4037 1244 4106 Sie

73 4146 155 4209 enim
183 4143 333 4228 loquitora
363 4147 516 4226 Propterea
533 4167 589 4208 non
608 4155 762 4224 resurgeat
782 4146 863 4224 impri'
877 4147 906 4205 r‘n
925 4137 1039 4205 abdr'or'o.
1088 4140 1167 4207 Tum
1190 4164 1243 4208 eos

73 4251 263 4333 redarguere
281 4245 377 4331 pergit
393 4247 442 4332 qui
457 4257 566 4312 certem
586 4268 653 4312 esse
672 4245 920 4312 resurrectionem
938 4245 1091 4325 definiunt,
1115 4255 1145 4310 et
1161 4245 1244 4310 exci-

74 4352 187 4415 tandos
214 4349 364 4412 advitam
387 4359 520 4414 mortuos
545 4349 691 4414 constanti
713 4370 766 4436 spe
790 4371 824 4412 ao
850 4349 904 4412 tide
928 4348 1111 4434 profitentur.
1157 4346 1243 4432 Quos
1299 4433 1305 4444 '
1408 4367 1415 4380 ¹

73 4456 198 4541 quidem
222 4451 341 4516 nimium
360 4450 409 4516 itte
428 4451 578 4540 simplices
595 4463 693 4539 putat,
718 4473 753 4517 oc
770 4451 858 4517 multa
875 4451 1020 4521 adversus
1039 4452 1106 4518 iilos
1128 4450 1242 4518 nefaria
