3154 4930
335 223 473 278 rausnu
490 219 963 278 ursu.rou.1uusuu.uxn.
1165 207 1227 276 stt

88 351 138 408 est.
176 341 281 430 Neque
295 343 373 410 enin
390 345 450 410 utta
466 343 605 410 estinter
625 343 675 408 itta
690 343 750 409 duo
764 341 933 421 disiunctio,
953 359 1018 406 eum
1034 342 1070 406 sd
1084 340 1228 426 meudun

88 458 175 512 mutus
195 449 392 514 consensione
418 469 454 512 ae
478 447 636 514 eoncordia
658 447 839 532 cnuspireut.
882 442 943 509 ian
964 444 1096 524 verosi,
1126 455 1159 508 ιιι
1179 441 1230 510 itta

87 544 183 628 scutit,
202 549 347 636 principes
368 550 515 630 animam,
538 571 627 637 quarn
641 549 875 627 devoraverant,
899 547 928 610 io
945 545 1002 612 bno
1017 567 1141 633 corpus,
1165 555 1230 612 tan·

86 652 208 737 quanin
228 651 376 718 vincutum
394 655 537 738 quoddam
564 651 782 739 compegeriut,
814 650 864 737 qni
887 648 950 716 beri
972 659 1070 735 potest
1090 658 1123 713 ut
1143 669 1229 733 quarn

85 754 298 834 devoraverint,
322 756 428 820 iterum
449 757 478 820 in
499 774 605 842 corpus
625 756 793 820 inciudant?
838 751 984 838 Quicquid
1004 751 1082 816 euim
1104 753 1229 815 devora·

84 869 143 935 tur,
164 857 358 938 consumitur,
383 859 458 944 quod
483 869 580 924 autern
608 857 808 936 consumitur,
832 856 985 922 evanescit
1006 865 1038 920 et
1056 855 1087 918 iu
1110 852 1228 918 uibitum

82 960 226 1044 redigitur.
283 960 370 1046 Quod
398 961 429 1026 in
457 960 577 1026 nibilum
603 960 663 1025 abit
691 971 722 1026 et
747 980 816 1024 esse
839 958 964 1039 desinit,
996 977 1052 1022 nec
1081 957 1141 1022 utto
1165 957 1230 1025 tom

82 1061 337 1142 circumscribitur,
361 1084 416 1128 uec
431 1075 477 1130 est
497 1082 636 1149 mquam,
669 1081 724 1128 nec
748 1061 807 1128 utto
826 1083 965 1141 carcere,
996 1083 1062 1128 cum
1084 1061 1156 1124 uibit
1177 1060 1228 1140 sit,

80 1166 204 1232 coerceri
226 1177 334 1254 petest.

163 1265 220 1334 Sed
245 1269 313 1333 ittud
338 1268 445 1334 bomini
474 1288 615 1355 persaepe
639 1269 762 1348 oceidit,
793 1279 825 1334 nt
853 1288 926 1336 sune
950 1266 1097 1353 opinionis
1122 1264 1230 1330 obiitus
1270 1287 1332 1355 cup.

79 1391 152 1460 quse
167 1383 252 1448 autea
267 1371 377 1437 dixerit
400 1393 460 1438 nou
476 1374 651 1436 recordetur
668 1370 810 1458 emptius,
835 1381 865 1436 et
879 1391 956 1455 quae
973 1369 1127 1454 aliquando
1149 1389 1230 1434 coru·
1248 1357 1342 1410 XMV·

78 1475 252 1560 probaverit,
276 1477 376 1540 ecdem
393 1495 497 1542 rursus
509 1474 680 1561 imprudens
696 1484 822 1538 euertat.
867 1472 1003 1536 Animam
1020 1471 1164 1537 interdum
1180 1471 1230 1536 de·

76 1588 224 1656 voratam,
250 1589 280 1642 et
298 1579 488 1664 corporibus,
520 1598 596 1663 quae
620 1579 650 1642 in
675 1577 730 1642 hoc
752 1575 860 1642 mundo
879 1583 966 1653 suut,
996 1575 1140 1642 ineiuroru
1162 1595 1230 1639 esse

76 1679 219 1758 tetendit,
250 1680 323 1744 atias
345 1701 363 1744 a
382 1677 570 1767 Principibus
588 1700 606 1744 e
621 1681 722 1761 coeto,
754 1691 841 1764 atque
857 1699 897 1743 ex
920 1677 988 1742 boni
1013 1677 1060 1741 dei
1083 1689 1232 1742 armatura

76 1780 231 1868 direptam,
264 1793 296 1848 ut
324 1804 385 1846 non
407 1783 531 1869 amptius
557 1784 715 1862 devorata,
748 1782 853 1846 sedin
882 1779 1081 1868 captivitatem
1107 1779 1232 1846 abducta

74 1886 130 1964 situ
154 1903 360 1970 nonnunquam
380 1895 410 1950 et
431 1887 576 1974 captivam
594 1885 716 1949 asserit.⁴
758 1881 865 1968 Neque
885 1883 1072 1948 cohaerentia
1091 1883 1230 1967 loquitur,
1259 1921 1261 1932 ·

72 1987 201 2052 sedatio
224 1989 310 2052 morio
327 1999 417 2052 totam
441 1988 584 2052 eiusmodi
607 1987 806 2052 narrationem
823 1988 967 2052 contenit.
1014 1982 1129 2071 Quippe
1151 1985 1232 2050 vetut

72 2111 172 2154 esosm
194 2091 338 2173 quendam
357 2091 394 2154 ab
411 2091 556 2176 superiori
575 2091 685 2154 virtute
702 2095 808 2176 sponte
830 2111 882 2154 suu
901 2089 1044 2154 obiectam
1068 2086 1231 2167 existimat,

71 2213 133 2256 non
151 2192 237 2257 aliter
253 2203 339 2278 etque
359 2192 483 2256 boedmn
500 2191 530 2256 iu
549 2192 683 2257 scrobem
706 2193 834 2257 abiicere
856 2193 955 2257 soient
972 2193 1129 2278 captandae
1153 2192 1232 2255 ieras

67 2294 197 2380 gratia,
214 2315 289 2380 quse
314 2295 368 2360 bae
386 2294 524 2361 illecebra
542 2296 577 2358 ad
599 2296 769 2379 capiendum
795 2296 930 2380 praedam
950 2295 1072 2358 invitata
1087 2293 1229 2378 capiatur.

67 2397 183 2462 Verum
200 2399 226 2462 si
245 2418 285 2461 ex
301 2397 411 2463 virtute
429 2397 544 2484 propria
563 2399 646 2462 uelut
664 2398 787 2462 hoedum
804 2398 881 2462 bunc
898 2397 1021 2482 aliquem
1038 2398 1083 2462 vis
1099 2396 1148 2460 iiis
1163 2415 1232 2460 coe·

65 2501 154 2566 iestis
179 2500 348 2578 immiserit,
382 2499 438 2566 boc
460 2511 507 2564 est
531 2501 627 2565 bouus
647 2501 735 2580 deus,
766 2500 831 2568 siue
853 2500 922 2578 iux,
955 2500 1064 2564 nutum
1088 2498 1230 2578 nominat,

68 2603 143 2669 iicet
166 2603 257 2666 ierem
276 2603 389 2689 cupiat,
423 2606 504 2692 prius
522 2615 619 2667 tamen
642 2602 764 2667 haedum
784 2603 899 2668 absumi
916 2611 1044 2666 neccsse
1057 2613 1122 2681 est,
1145 2611 1232 2688 atque

65 2705 112 2769 ita
132 2706 227 2770 rusius
246 2705 304 2792 ipsi
321 2706 376 2771 sibi
393 2705 597 2771 detrimentum
619 2705 758 2770 eoelestis
778 2705 827 2770 iito
842 2703 937 2769 uirtus
953 2704 1135 2785 consciseet,
1158 2725 1232 2790 quac
1278 2714 1287 2727 '

65 2809 242 2872 uoouuttam
258 2809 304 2872 sui
321 2819 432 2894 purtem
448 2810 484 2873 ud
499 2809 612 2874 bestiae
630 2809 765 2894 pabutum
784 2808 942 2888 obiecerit,
965 2817 1069 2893 utque
1087 2829 1121 2874 se
1140 2808 1231 2894 ipsnrs

62 2911 209 2997 portione
232 2911 411 2976 mutiisuerit
430 2913 522 2976 ieram
547 2922 682 2998 cuptasse
701 2909 856 2990 uideatur,
886 2931 942 2975 nec
966 2910 1165 2990 immusicus,
1195 2933 1230 2976 ae

60 3032 223 3098 suprema,
246 3025 298 3078 aut
315 3024 491 3098 praepetum
508 3013 581 3093 erit,
606 3024 638 3077 ut
654 3033 728 3079 uoce
749 3015 794 3078 uel
813 3011 964 3079 uoluntate
983 3015 1073 3079 ieram
1095 3015 1233 3100 potestati

58 3137 143 3182 suae
163 3116 318 3194 subiiciat,
342 3114 411 3201 quin
427 3115 541 3202 potius,
572 3116 682 3180 utrius
699 3137 819 3200 compos
836 3118 959 3196 evadat,
983 3117 1086 3182 cattide
1103 3138 1138 3182 ae
1155 3119 1232 3188 irau-

56 3219 208 3284 dulenter
223 3217 313 3284 muita
328 3219 457 3283 motitur.
503 3219 550 3283 rto
565 3217 682 3284 tametsi
701 3219 779 3284 ittius
796 3219 893 3305 utique
914 3230 997 3305 parte
1013 3220 1144 3285 inescata
1168 3222 1232 3286 tera

55 3323 114 3387 iiia
137 3333 256 3408 captata
281 3321 337 3400 sit,
368 3333 436 3386 aute
456 3332 553 3386 tamen
578 3323 750 3386 devoratum
768 3322 892 3387 hoedum
914 3323 1118 3407 disperdidit,
1140 3345 1234 3410 quen

53 3425 179 3492 tumvis
199 3426 336 3511 praedam
353 3422 471 3510 sesequi
489 3423 627 3510 potuerit.
673 3421 726 3489 Sic
751 3425 840 3510 igitur
860 3425 884 3488 si
903 3425 1027 3490 animam
1051 3427 1145 3492 virtus
1166 3447 1235 3492 coe·

52 3531 152 3596 iestis
168 3529 204 3592 in
220 3528 297 3592 buno
322 3527 423 3592 orbem
442 3527 592 3606 emiserit,
623 3536 655 3590 ut
672 3547 724 3610 per
738 3547 803 3591 earu
819 3525 1004 3614 Principatus
1023 3529 1156 3594 irretiret
1176 3527 1234 3594 Po·

52 3643 256 3716 testatesqne
280 3641 429 3717 captaret,
462 3649 521 3694 nou
548 3629 597 3694 uu
619 3649 740 3715 scopum
763 3651 848 3714 quum
869 3630 987 3694 volebat
1007 3642 1153 3696 assecuto·
1167 3631 1231 3696 tuit.

47 3734 142 3800 Nam
172 3755 240 3798 cnm
263 3734 388 3798 animam
409 3733 491 3798 vetut
512 3733 547 3796 ad
565 3734 730 3798 uenantum
746 3732 978 3819 capiendumque
994 3733 1124 3814 miserit,
1149 3745 1233 3822 capta

46 3841 125 3924 ipsa
153 3849 256 3900 temen
279 3835 376 3922 potius
398 3846 461 3916 est,
493 3846 604 3899 etcum
619 3836 654 3899 ud
671 3836 863 3902 irretiendum
879 3836 1011 3916 uenerit,
1035 3835 1096 3902 suis
1112 3847 1156 3900 est
1179 3838 1233 3901 im-

45 3941 173 4027 plicato
203 3939 332 4018 retibus3
363 3938 504 4024 siquidem
532 3937 687 4024 purissima
710 3959 749 4003 ex
774 3949 877 4006 natura
898 3939 1031 4004 derivata
1055 3939 1230 4024 primumin

45 4042 188 4107 uiuouiu
212 4042 342 4108 concreti
369 4063 434 4106 oum
458 4041 582 4106 materia
608 4041 742 4126 eorporis
758 4041 876 4119 incidit,
902 4053 963 4106 tum
979 4042 1078 4106 multis
1100 4053 1147 4106 est
1164 4061 1231 4126 pec·

42 4157 205 4210 catorum
229 4143 421 4208 incommodis
445 4143 598 4210 obstricta.
646 4139 844 4225 Quamobrem
874 4143 1014 4210 haeretiei
1044 4143 1122 4209 iilius
1144 4155 1230 4232 utque

39 4247 232 4314 execrandi
249 4246 373 4312 bominis
389 4258 447 4310 tum
464 4245 561 4310 oratio
579 4265 664 4331 quarn
681 4247 813 4311 doctriua
830 4247 907 4311 omui
920 4267 959 4311 ex
973 4258 1056 4332 parte
1073 4247 1228 4316 reieititur.

34 4473 208 4526 convestita
225 4468 295 4522 uelut
311 4468 394 4522 satida
412 4477 438 4521 et
453 4485 576 4540 suprema.
703 4466 728 4522 4.
745 4469 795 4538 τῆς
810 4483 857 4523 ont.
873 4473 926 4524 cod.
942 4471 1041 4536 uturp.
