3128 4930
342 264 401 330 130
762 273 1068 324 ειαυτιτνιεοιαα

340 400 447 457 τοῦτον
465 389 503 456 οῦ
519 389 612 472 μόνον
631 388 758 472 δύναμίν
775 417 856 467 τινα,
879 387 950 453 ἀλλά
967 391 1018 454 καὶ
1035 387 1199 472 μειζότερον
1215 395 1268 454 τοῦ
1287 397 1419 476 Χριστοῦ
1436 390 1488 472 φό-

343 515 456 560 σκουσι.
496 490 626 578 Χριστόν
641 493 673 558 δὲ
687 489 829 576 ῆγοῦνται
846 488 946 566 άπλῶς
963 488 1124 573 ἐληλυθότα
1139 493 1190 556 καὶ
1206 495 1429 569 καταξιωθέντα
1442 499 1491 572 τῆς

343 599 457 662 ἐκείνου
472 594 599 672 τάξεως,
622 599 717 677 δῆθεν
739 596 771 660 ἐκ
791 601 844 660 τοῦ
862 597 954 677 ῥητοῦ
969 600 1024 658 τοῦ
1039 595 1209 676 εἰρημένου,
1232 592 1280 658 Σύ
1298 591 1435 678 εἰίερεῦς
1454 597 1493 669 εἰς

341 697 394 764 τόν
418 701 511 764 αἰῶνα
533 697 607 764 κατά
627 695 680 780 τῆν
701 694 781 773 τάξιν
802 696 995 777 Μελχισεδέκ·
1023 691 1064 770 τός
1086 692 1177 773 εἰναι,
1206 699 1314 778 φησίν,
1341 695 1433 762 αάτόν
1454 699 1493 761 ἔτι

343 798 553 885 όποδεέστερον
573 807 628 866 τοῦ
646 800 807 881 Μελχισεδέ
828 847 833 857 .
878 800 921 860 Εἰ
936 795 977 880 μῆ
996 795 1051 881 γάρ
1069 791 1107 879 ἦν
1123 799 1156 863 έν
1177 799 1300 886 δευτέρη
1319 800 1376 863 τινλ
1398 797 1493 887 ἀγωγή

342 909 488 986 κείμενος,
511 900 566 968 οῦκ
589 901 699 984 ἀυτῆς
721 903 836 966 ἐκείνου
860 899 969 977 τάξεως
989 901 1131 964 ἰπεδίετο.
1178 902 1254 984 Περί
1277 897 1370 965 αύτοῦ
1391 902 1424 966 δέ
1444 908 1494 966 τοῦ

344 1007 523 1088 Μελχισεδέκ
539 1027 630 1084 φασιν
646 1002 691 1068 ότι
712 1001 850 1086 ἀμήτωρ,
873 1000 1011 1088 ἀπάτωρ,
1035 998 1276 1086 ἀγενεαλόγητος,
1299 1005 1331 1068 ἐκ
1349 1009 1402 1084 τῆς
1422 1002 1495 1086 πρός

341 1105 499 1193 Ἑβραίους
523 1113 577 1172 τοῦ
601 1104 724 1170 Παύλου
751 1107 906 1186 ἐπιστολῆς
929 1111 1074 1189 παριστάν
1100 1103 1283 1186 βουλόμενοι.
1329 1103 1495 1169 Πλάττουσι

343 1210 376 1276 δὲ
393 1213 509 1285 ἑαυτοῖς
523 1209 574 1274 καὶ
591 1211 712 1290 βίβλους
729 1205 940 1285 ἐπιπλάστους,
964 1203 1088 1282 ἑαυτούς
1105 1203 1280 1283 ἀπατῶντες.
1323 1204 1377 1284 Ἐξ
1399 1203 1495 1271 αῦτῶν

344 1313 376 1376 δέ
393 1319 454 1377 τῶν
472 1315 570 1394 ῥητῶν
586 1307 607 1392 ῆ
622 1307 720 1375 αύτῶν
737 1307 890 1393 ἀνατροπή
904 1314 1021 1394 γίνεται.
1063 1306 1115 1383 Ὡς
1131 1307 1187 1392 γάρ
1202 1311 1277 1393 λέγει
1295 1309 1431 1394 περὶτοῦ
1446 1335 1495 1372 και

342 1419 409 1499 ρίου
435 1411 452 1479 ό
476 1415 578 1495 Δαβίδ
602 1411 799 1498 προφητεύων
822 1409 898 1476 κατά
923 1412 976 1493 τήν
999 1411 1081 1488 τάξιν
1103 1411 1283 1494 Μελχισεδέκ
1306 1411 1384 1494 ίερέα
1406 1408 1496 1475 αῦτόν

343 1521 561 1592 καθίστασθαι,
590 1517 620 1580 ἰν
643 1512 739 1601 τούτῷ
757 1517 877 1578 ἔσεσθαι
899 1512 950 1579 τόν
971 1511 1101 1598 Χριστόν
1123 1515 1201 1598 ἰερὲα
1223 1517 1365 1598 διηγεῖται
1386 1511 1408 1594 ή
1428 1519 1496 1578 θεία

344 1616 455 1706 γραφή.
499 1613 677 1701 Εόρίσκεται
700 1617 731 1681 δὲ
751 1613 844 1691 εύθός
871 1617 1003 1700 3λέγων,
1024 1613 1284 1698 Ἀφομοωιίμενος
1303 1623 1344 1704 τῷ
1366 1619 1423 1702 υἱῷ
1444 1623 1496 1681 τοῦ

344 1727 420 1786 θεοῦ
444 1721 524 1803 μένει
545 1716 639 1804 ίερεῦς
661 1720 702 1793 εἰς
722 1717 755 1784 τό
778 1720 917 1800 διηνεκές.
963 1721 1004 1782 Εἰ
1024 1718 1057 1782 δὲ
1078 1716 1278 1799 ἀφομοιοῦται
1302 1722 1343 1805 τῷ
1365 1721 1421 1804 υἰρι
1442 1723 1496 1782 τοῦ

344 1829 431 1902 θεοῦ,
453 1819 510 1888 οῦκ
523 1825 586 1896 ίσος
601 1818 736 1905 τυγγάνει
753 1829 792 1908 τῷ
810 1824 866 1908 υἰρῐ
882 1828 935 1886 τοῦ
951 1828 1035 1885 θεοῦ.
1074 1825 1147 1896 Πῶς
1164 1817 1219 1904 γάρ
1236 1817 1359 1886 δύναται
1375 1818 1410 1884 τό
1428 1824 1495 1885 δοῦ-

345 1933 397 1992 λον
418 1921 493 1989 εἰναι
509 1927 573 1988 λ’σον
590 1929 631 2010 τῷ
649 1921 793 2012 δεσπότης
822 1920 854 1985 Ὁ
872 1923 924 2004 μέν
942 1921 997 2007 γάρ
1015 1923 1194 2004 Μελχισεδὲκ
1211 1921 1374 2007 ἄνθρωπος
1390 1914 1442 2004 ἦν·
1464 1921 1496 1987 τό

346 2027 379 2090 δέ
396 2023 529 2110 ἀπάτωρ,
551 2023 683 2110 ἀμήτωρ,
706 2022 742 2090 ού
757 2024 806 2089 διά
822 2023 855 2090 τό
869 2024 910 2106 μή
928 2027 1001 2108 ἔχειν
1018 2023 1110 2090 αύτόν
1124 2027 1236 2107 πατέρα
1249 2024 1269 2106 ῆ
1286 2026 1406 2108 μητέρα,
1428 2022 1496 2088 ἀλλά

346 2126 396 2194 διά
412 2126 445 2194 τό
462 2125 503 2210 μή
519 2129 551 2192 ίν
563 2131 598 2216 τῆ
612 2131 682 2214 θείρι
698 2133 798 2217 γραφῆ
812 2126 886 2192 κατά
899 2125 931 2192 τό
946 2126 1155 2212 φανερώτατον
1168 2125 1389 2210 ἐπωνομάσθαι.
1420 2131 1496 2192 Πολ-

226 2261 278 2306 ρας.
290 2249 334 2292 εον.
348 2228 418 2306 λούς
435 2228 491 2316 γάρ
505 2231 700 2311 έφαντασίασε
714 2227 749 2294 τά
763 2228 919 2311 βαθύτατα
933 2238 987 2311 τῆς
1001 2233 1088 2305 θείας
1103 2236 1220 2314 γραφῆς
1235 2232 1286 2294 ιιοίι
1306 2231 1426 2307 ἔνδοξα,
1447 2231 1498 2292 καὶ

345 2329 542 2420 ῦπεραίροντα
559 2331 693 2398 διάνοιαν
708 2329 900 2416 ἀνθρωπίνης
916 2330 1042 2412 φύσεως.
1090 2335 1129 2396 Oi
1142 2333 1195 2414 μέν
1209 2329 1265 2416 γάρ
1280 2333 1312 2396 ἐν
1326 2337 1362 2419 τῆ
1376 2328 1499 2418 Ἀραβίη

346 2443 382 2526 τῆ
401 2439 554 2521 Πετραίου
572 2432 713 2516 4Ῥωκῶμ
735 2436 829 2498 τεκαὶ
849 2431 945 2516 Ἐδῶμ
961 2435 1144 2523 καλουμένη,
1166 2433 1217 2500 τόν
1235 2435 1369 2498 Μωύσέα
1392 2430 1444 2497 διά
1466 2459 1500 2496 τα

347 2538 509 2620 θεοσήμεια
527 2536 602 2604 θεόν
619 2541 785 2618 νομίζουσι,
808 2543 1006 2620 προςκυνοῦσί
1021 2562 1051 2601 τε
1066 2535 1121 2617 τήν
1134 2533 1227 2602 αότοῦ
1242 2533 1351 2612 εἰκόνα,
1375 2534 1415 2616 ῆν
1430 2532 1498 2598 ἀνα-

349 2638 555 2722 τυπωσάμενοι
574 2637 841 2721 ἀπεπλανήθησαν,
870 2636 907 2704 ού
930 2643 983 2704 τοῦ
1003 2643 1121 2705 δικαίου
1144 2635 1246 2712 αύιοῖς
1269 2640 1366 2702 αἰτίου
1383 2639 1498 2722 γενομέ-

349 2767 419 2820 νου,
442 2741 512 2807 ἀλλά
529 2748 581 2824 τῆς
595 2741 707 2824 πλάνης
725 2738 825 2816 αὐτοῖς
846 2738 894 2805 διά
911 2748 964 2806 τοῦ
978 2745 1099 2806 δικαίου
1117 2743 1149 2806 έν
1164 2745 1199 2827 τῆ
1216 2737 1321 2827 ἀγνοίμ
1336 2745 1502 2820 φαντασίαν

348 2843 521 2928 πράγματος
543 2840 644 2918 αύτοῖς
665 2841 863 2928 συναγούσης·
893 2845 924 2908 έν
944 2845 976 2908 δέ
993 2851 1029 2933 τῆ
1047 2846 1183 2930 Σεβαστῇ
1202 2848 1238 2929 τῆ
1259 2865 1331 2906 ποτε
1345 2845 1502 2929 Σαμαρείᾳ

348 2946 515 3034 καλουμένη
537 2943 593 3027 τήν
609 2946 760 3029 θυγατέρα
778 2942 901 3026 Ἰεφθάε
923 2945 1154 3027 θεοποιήσαντες
1171 2946 1213 3009 έει
1231 2941 1368 3025 λκαύτην
1388 2942 1504 3024 τελετήν

349 3043 410 3110 κατ’
428 3048 493 3122 έιος
508 3043 641 3132 άγουσιν.
689 3045 791 3122 Οῦτως
812 3049 860 3112 καί
881 3039 965 3112 οῦτοι
983 3046 1141 3124 ἀκούοντες
1158 3045 1194 3111 τά
1216 3043 1296 3126 σοφά
1321 3049 1372 3112 καί
1394 3049 1502 3122 ἔνδοξα

349 3155 402 3230 τῆς
423 3155 542 3235 γραφῆς
560 3149 676 3232 βήματα
698 3151 740 3224 εἰς
759 3147 901 3230 ἀνοησίαν
917 3151 1089 3232 ἐξέτρεφαν,
1117 3152 1168 3214 καί
1189 3151 1231 3223 εἰς
1247 3143 1417 3232 ὑπέρογκον
1440 3147 1502 3214 διά-

349 3276 432 3316 νοιαν
451 3247 591 3334 ἀρθέντες
604 3249 657 3332 τήν
674 3248 747 3317 όδόν
761 3257 813 3332 τῆς
829 3249 968 3332 ἀληθείας
985 3253 1156 3329 κατέλιπον,
1178 3254 1228 3316 καί
1246 3249 1369 3330 μύθους
1385 3252 1505 3324 ἑαυτοῖς

348 3351 528 3434 πλασάμενοι
549 3351 623 3418 κατά
645 3351 740 3418 πάντα
762 3351 991 3437 ἐλεγχθήσονται.

277 3811 280 3820 .
315 3771 333 3821 ’.
437 3761 498 3824 Καί
514 3759 569 3846 γάρ
587 3761 668 3846 παρά
684 3783 740 3825 τισι
759 3768 812 3826 τοῦ
828 3762 1007 3844 Μελχισεδέκ
1022 3759 1042 3826 ό
1059 3762 1156 3847 πατήρ
1178 3789 1207 3828 τε
1226 3762 1312 3846 καλή
1333 3765 1431 3852 μήτηρ
1452 3719 1505 3848 ἐγό-

348 3861 480 3945 φέρεται·
504 3859 559 3926 ούκ
574 3863 628 3945 έγει
647 3865 680 3926 δέ
699 3859 773 3926 κατά
789 3860 842 3937 τάς
858 3862 950 3946 βητάς
967 3863 1084 3949 γραφάς
1099 3866 1149 3929 καί
1168 3867 1367 3942 ένδιαθέτους.
1401 3865 1509 3933 Εἶπον

348 3963 382 4026 δέ
394 3987 469 4039 τινες
482 3960 633 4047 Ἡρακλάν
650 3973 805 4030 καλεῖσθαι
820 3963 912 4030 αύτοῦ
929 3969 1056 4046 πατέρα,
1078 3969 1189 4050 μητέρα
1205 3969 1238 4032 δέ
1250 3965 1424 4054 Ἀσταρῶθ,
1445 3969 1507 4050 τήν

347 4066 399 4128 καί
413 4062 574 4150 Ἀστερίαν.
613 4057 668 4131 Ἦν
684 4068 716 4132 δέ
735 4059 823 4142 οὗτος
839 4065 906 4142 υίός
921 4073 979 4134 τῶν
998 4071 1176 4153 ἐπιχωρίων,
1196 4069 1260 4134 κατ’
1279 4073 1372 4137 έκεῖνο
1391 4079 1505 4154 καιροῦ

349 4167 381 4231 ἓν
398 4173 434 4254 τῆ
452 4175 505 4251 τῆς
517 4174 621 4251 Σαβῆς
640 4172 759 4236 πεδιάδι
775 4168 999 4235 κατοικούντων.
1043 4171 1148 4256 Σαλήμ
1165 4173 1202 4238 δέ
1215 4169 1236 4254 ῆ
1249 4172 1337 4247 πόλις
1357 4177 1510 4238 ίκαλὲτο·

347 4269 415 4350 περὶ
432 4259 469 4349 ής
486 4267 569 4347 ἀλλος
586 4269 679 4346 άλλως
694 4273 833 4350 ἐξέδωκε,
853 4274 904 4338 καί
921 4269 1121 4350 ἀλλοςίίλλως.
1168 4278 1207 4340 Οί
1222 4277 1276 4357 μέν
1292 4274 1348 4360 γάρ
1362 4278 1511 4360 λέγουσιν

381 4421 404 4470 3.
429 4425 531 4486 λαίελίίρι
549 4419 563 4477 ό
581 4421 728 4484 ἀπόστολος.
764 4429 812 4476 διδ
834 4431 905 4478 οοτιί·
973 4427 996 4480 4.
1014 4431 1044 4478 H.
1059 4445 1078 4478 τ.
1094 4425 1196 4496 Ῥεκέμ.

346 4491 462 4552 gendum,
479 4495 504 4540 ια’
519 4493 606 4552 salar,
628 4494 744 4575 λέγρυοα.
973 4499 997 4546 εἰ.
1014 4499 1122 4550 fartam
1139 4495 1226 4566 ταύτῃ.
1337 4533 1341 4540 -
