3116 4934
357 265 414 332 164
777 279 899 332 ειυοτι
917 279 1089 332 τοιευκαιι

354 394 576 482 παντοκράτωρ.
621 402 728 471 Καλῶς
752 394 827 460 κατά
850 399 948 460 πάντα
972 392 1042 460 ελπε.
1087 400 1195 470 Καλῦς
1217 394 1272 480 γάρ
1296 393 1376 474 εἷπε,
1408 397 1503 462 Πάντα

355 523 407 580 μοι
424 497 582 583 παρεδόθη
607 494 666 562 όπό
689 505 743 562 τοῦ
764 497 877 583 πατρός
898 523 971 579 μου,
1000 499 1052 561 καλ
1070 495 1202 581 άκριβιῦς
1224 495 1390 563 ῦπετίθετο.
1436 497 1502 564 Ἐπί

354 599 471 677 πάντας
488 601 540 682 μέν
557 593 612 665 οῦν
634 597 676 665 τόν
693 598 781 678 θεός,
804 603 875 682 έχων
890 601 922 664 δὲ
936 601 1015 664 λ’διον
1031 595 1125 663 αῦτοῦ
1143 601 1269 685 πατέρα,
1291 603 1323 664 έν
1345 608 1386 688 τῷ
1409 603 1503 686 λέγειν,

355 701 537 786 Ἀπέρχομαι
560 701 637 787 πρός
657 701 708 767 τόν
727 705 846 786 ποτέρα.
891 703 934 764 Et
956 701 987 766 δέ
1014 693 1050 782 ἦν
1073 698 1166 775 αότός
1186 701 1299 786 πατὴρ,
1327 702 1405 787 πρός
1426 713 1504 769 ποῖον

354 806 465 889 πατέρα
488 802 545 887 άρα
571 803 676 894 α’πῄει,
699 795 723 870 ά
746 803 867 886 άνόητες
900 802 997 867 Πάλιν
1017 800 1074 888 γάρ
1096 805 1186 888 λέγει,
1208 803 1280 869 Ἵνα
1300 797 1375 870 οἷσιν
1396 810 1448 885 ἓν,
1472 803 1504 881 άς

353 905 409 993 έγοί
431 908 481 972 καλ
503 905 541 971 σῦ
563 909 594 972 έν
617 909 708 988 έσμεν.

437 1007 502 1074 'Asi
522 1006 578 1094 γάρ
598 1006 737 1095 ἦγραφή
754 1007 972 1090 άσφαλιζομένη
992 1006 1045 1083 τάς
1061 1006 1135 1072 κατά
1152 1006 1186 1072 τό
1203 1006 1295 1093 άκρον
1312 1008 1438 1086 πτοίσεις
1455 1018 1505 1075 τάν

352 1109 524 1196 άνθροίπαν
542 1114 574 1177 έκ
596 1109 783 1194 πανταχόθεν
803 1110 855 1176 τόν
876 1117 949 1176 νοῦν
969 1108 1086 1195 συνάγει
1107 1111 1156 1174 έπλ
1176 1109 1231 1192 τὴν
1252 1113 1344 1194 μέσην
1365 1119 1419 1194 τῆς
1441 1110 1504 1194 άλη·

352 1219 438 1291 θείας
461 1211 542 1280 όδόν.
588 1216 646 1277 Καί
669 1212 745 1298 πρός
766 1212 891 1290 τούτους
912 1213 965 1294 μέν
981 1211 1051 1288 τοῦς
1073 1217 1242 1294 νομίζοντας
1261 1211 1415 1299 άλλότριον
1436 1212 1505 1280 είναι

351 1316 404 1381 τόν
421 1313 489 1380 υίόν
510 1323 563 1381 τοῦ
581 1314 708 1400 πατρδς,
730 1317 808 1397 φημί
826 1317 858 1380 δέ
876 1313 917 1391 τίς
933 1313 1051 1399 ’Ἄρειος
1068 1319 1179 1396 νομίζει
1197 1318 1249 1380 καλ
1269 1313 1348 1380 άλλαι
1371 1318 1503 1400 αἱρέσεις,

351 1422 442 1505 λέγει,
464 1416 545 1504 Ἐγοί
562 1421 614 1482 καὶ
631 1415 648 1482 ό
663 1415 760 1502 πατὴρ
778 1420 809 1482 έν
827 1420 926 1499 έσμεν,
946 1415 1023 1502 πρός
1038 1417 1070 1481 δὲ
1086 1415 1156 1493 τοῦς
1170 1421 1341 1500 νομίζοντας
1360 1416 1454 1484 αῦτδν
1473 1416 1505 1483 εί-

352 1547 402 1588 ναι
418 1518 470 1586 τόν
488 1523 601 1605 πατέρα
615 1522 666 1585 καί
685 1519 735 1586 τόν
751 1517 843 1584 αότόν
859 1517 933 1584 εἶναι
950 1518 1033 1598 υἱόν,
1056 1517 1106 1583 διά
1125 1517 1157 1584 τό
1174 1521 1335 1604 εἰρηκέναι,
1356 1518 1441 1606 Ἐγοδ
1460 1525 1504 1586 καί

353 1621 485 1708 όπατὴρ
508 1625 538 1688 έν
556 1625 658 1704 έσμεν,
679 1624 772 1708 λέγει,
803 1627 939 1704 Ποίησον
956 1619 1067 1696 αῦτοῦς
1082 1624 1132 1686 ἵνα
1154 1614 1226 1686 ὦσιν
1247 1627 1296 1700 ἓν,
1323 1621 1431 1700 καθείς
1453 1617 1504 1708 έγοί

351 1727 402 1791 καί
419 1723 456 1790 σά
475 1725 505 1790 έν
518 1728 620 1807 έσμεν·
647 1727 708 1796 ἰ’να,
719 1722 897 1813 καταισχύνῃ
917 1721 1038 1806 Νοητόν
1059 1725 1110 1788 καὶ
1126 1720 1181 1806 τὴν
1198 1721 1293 1788 αὐτοῦ
1309 1723 1431 1808 σχολὴν,
1455 1755 1503 1791 πα-

352 1825 489 1914 ραγαγεδν
505 1831 547 1904 εἰς
569 1825 601 1892 τό
619 1828 709 1909 μέσον
731 1825 859 1910 τὴντῶν
880 1833 1025 1908 μαθητῶν
1047 1829 1159 1891 ἕνωσιν.
1206 1831 1280 1902 Ποῦς
1299 1825 1355 1912 γάρ
1377 1825 1504 1909 ἠδύνατο

354 1932 470 2012 Πέτρος
484 1932 536 1994 καλ
548 1927 701 2010 Ἰωάννης,
724 1931 775 1994 καί
790 1932 820 1994 οἰ
833 1931 972 2010 καθεξῆς,
995 1926 1069 1994 εἶναι
1080 1931 1117 1993 ἓν
1131 1924 1172 2005 άς
1187 1927 1263 1993 κατά
1286 1931 1503 2013 1συναλοιςιήνς

352 2030 423 2096 άλλά
448 2030 497 2096 διά
519 2031 552 2097 τό
576 2027 649 2096 εἶναι
674 2035 706 2096 έν
727 2039 781 2120 μιᾷ
803 2029 918 2112 ἕνότητι
934 2029 1093 2112 θεότητος,
1120 2033 1171 2095 καὶ
1190 2033 1223 2095 έν
1241 2038 1295 2118 μιᾷ
1309 2029 1429 2121 γνώμη,
1457 2035 1505 2098 καί

351 2131 491 2216 δυνάμει,
522 2137 563 2209 εἰς
586 2131 619 2199 τά
646 2131 896 2218 άποκροόσασθαι
917 2141 1016 2198 πᾶσαν
1038 2130 1183 2199 ὑπόνοιαν
1207 2132 1282 2198 κατά
1302 2132 1435 2218 θάτερον
1456 2143 1505 2216 τῆς

351 2233 495 2319 άληθείας
523 2237 762 2319 έπανιοταμένην.
810 2239 958 2310 Φίλιππος
986 2235 1018 2300 δὲ
1043 2231 1061 2300 ό
1089 2233 1171 2320 άγιος
1197 2233 1361 2312 ἀπόστολος
1386 2235 1504 2316 φάσκει,

351 2342 459 2418 Δεῖξον
481 2335 553 2422 ἡμῖν
571 2336 623 2404 τόν
643 2339 755 2422 πατέρα
776 2357 839 2403 σου.
882 2334 915 2402 Ὁ
936 2337 968 2402 δέ
989 2333 1087 2415 εἶπεν,
1116 2334 1149 2401 Ὁ
1167 2335 1305 2421 ἕωρακοδς
1323 2338 1374 2420 έμέ
1395 2337 1506 2421 έάρακι

349 2439 401 2509 τόν
417 2443 544 2524 πατέρα·
567 2443 618 2506 καί
638 2439 694 2506 οῦκ
712 2437 809 2518 εἶπεν,
830 2437 911 2523 Ἐγοί
929 2442 987 2521 εἰμι
1003 2436 1022 2504 ό
1037 2436 1150 2522 πατῦρ,
1173 2436 1245 2504 άλλά
1260 2437 1293 2504 τό
1309 2436 1386 2522 Ἐμέ
1401 2449 1505 2522 σημαῖ-

348 2570 402 2610 νον
421 2542 478 2609 διό
496 2540 626 2608 Ἑαυτόν
641 2545 749 2628 λέγων,
770 2541 803 2607 τό
823 2541 854 2606 δὲ
869 2540 1008 2626 Ἕάρακε
1026 2539 1078 2606 τόν
1095 2543 1223 2626 πατέρα,
1246 2540 1299 2624 οάχ
1314 2538 1448 2607 Ἑαυτόν
1464 2546 1504 2608 λε’·

349 2673 418 2732 γιον.
454 2643 543 2710 ’Ἁλλο
560 2643 665 2730 γάρτό
685 2644 744 2710 Τόν
758 2647 810 2710 καὶ
826 2643 894 2710 άλλο
908 2641 942 2710 τό
959 2641 1048 2727 Ἐμέ,
1071 2646 1121 2710 καί
1137 2641 1204 2710 άλλο
1221 2640 1318 2729 Ἐμοί,
1340 2647 1392 2709 καλ
1408 2647 1505 2729 ἕτερον

349 2745 382 2811 τό
398 2744 481 2830 Ἐμέ.
526 2749 569 2810 Et
591 2747 646 2832 γάρ
666 2740 741 2829 ἦνό
763 2743 853 2822 αάτός
874 2745 987 2830 πατὴρ,
1010 2749 1119 2831 ἔλεγεν,
1145 2743 1226 2831 Ἐγεό
1246 2748 1319 2828 εἰμι·
1348 2747 1453 2830 ἐπειδὴ
1473 2749 1505 2812 δέ

349 2846 407 2914 οῦκ
425 2847 516 2925 αῦτός
537 2851 615 2914 έστιν
637 2847 782 2933 όπατήρ,
810 2847 881 2913 άλλά
903 2845 920 2915 ό
940 2847 1021 2928 υἷάς,
1049 2847 1170 2930 άληθῶς
1192 2850 1282 2933 λέγει,
1309 2845 1343 2912 ‘0
1366 2847 1505 2934 έωρακάς

350 2951 401 3031 έμέ
417 2950 528 3036 ίεόρακε
546 2949 597 3016 τόν
616 2952 740 3035 πατέρα·
768 2953 818 3016 ἵνα
842 2948 1063 3035 άποκροόσηται
1085 2949 1140 3033 τήν
1157 2958 1209 3014 τοῦ
1230 2949 1350 3036 Ἀρείου
1373 2956 1505 3035 βλασφη-

350 3057 434 3135 μίαν,
457 3051 511 3136 τῆν
531 3051 583 3120 τόν
605 3051 671 3118 υἱόν
685 3051 751 3119 -άπό
775 3060 828 3120 τοῦ
851 3051 963 3138 πατρός
983 3050 1201 3136 άλλοιριοῦσαν.

435 3358 492 3426 Διό
507 3367 560 3444 τῆς
576 3360 672 3443 πάσης
687 3365 806 3446 γραφῆς
821 3367 925 3442 σαφῶς
943 3362 1011 3446 περί
1027 3358 1169 3444 ἀληθείας
1184 3358 1256 3442 ἡμῖν
1271 3359 1326 3444 τάν
1340 3358 1417 3427 όδόν
1431 3358 1505 3426 ῦπο-

208 3543 210 3551 χ
349 3464 515 3546 τιθεμένης,
538 3465 588 3526 καὶ
606 3471 711 3528 τοῦτον
726 3461 776 3542 τόν
793 3461 914 3545 Νοητόν
932 3465 979 3528 καλ
998 3462 1053 3546 τὴν
1070 3461 1161 3529 αῦτοῦ
1178 3467 1301 3549 αἵρεσιν,
1325 3469 1505 3547 Νοητιοτοῦν

229 3591 280 3636 μς.
291 3578 337 3626 ιον.
351 3589 444 3647 φημι,
466 3561 522 3628 σόν
538 3575 601 3640 τοῖς
619 3563 718 3642 άλλαις
733 3568 860 3648 αίρέσεσι
875 3565 1098 3650 παρωσάμενοι,
1122 3563 1218 3650 όίςπερ
1239 3563 1440 3649 θάστρακίτην
1453 3562 1506 3629 τόν

349 3665 531 3749 καλούμενον
548 3666 709 3752 δράκοντα,
732 3667 784 3734 τόν
801 3667 841 3750 μὴ
858 3666 1023 3750 δυνάμενον
1044 3667 1232 3752 κάμπτεσθαι
1252 3669 1284 3734 έν
1299 3674 1341 3756 τῷ
1358 3667 1504 3734 καταδουλ-

348 3794 410 3836 κειν
426 3766 591 3856 άν-θροιπον
609 3768 681 3852 μήτε
701 3769 797 3849 δεξιά,
820 3768 891 3852 μήτε
909 3768 1063 3854 εὐώνυμα,
1087 3773 1266 3846 ἐκκλίναντες
1283 3767 1344 3835 άπό
1363 3768 1455 3836 αάτοῦ
1473 3795 1507 3833 τε

349 3873 469 3956 καὶτῆς
485 3873 593 3938 ἑαυτοῦ
611 3880 715 3956 σχολῆς
731 3874 783 3938 καί
800 3876 964 3958 μοχθηρίας
985 3875 1035 3938 έπλ
1054 3871 1106 3949 τάς
1128 3873 1195 3956 ἑξῆς
1211 3875 1335 3958 δυνάμει
1352 3881 1431 3940 θεοῦ
1451 3871 1507 3938 τόν

346 3981 421 4042 νοῦν
437 3973 644 4058 άκοντίσωμεν,
666 3973 742 4062 πρός
756 3974 891 4060 διήγησιν
906 3977 956 4040 καί
976 3978 1091 4061 έλεγχον
1106 3982 1166 4042 νῦν
1182 3978 1214 4040 έν
1233 3973 1338 4051 αῦταῖς
1353 3979 1508 4057 ἐπινενοη-

350 4079 444 4157 μέναν
464 4078 539 4144 κατά
560 4085 614 4160 τῆς
635 4076 776 4162 άληθείας
798 4081 971 4156 ξενολεξιοῦν.

384 4229 443 4281 cn.
453 4233 488 4282 X.
502 4260 536 4271 -
565 4233 584 4283 1.
605 4229 741 4300 ουναλιφάν
758 4235 908 4286 λίοτίοιιιτιιε.
975 4233 1083 4286 zum
1097 4238 1168 4299 υολρο
1184 4232 1216 4289 τά
1233 4233 1328 4289 ἑαυτόν.

314 4349 316 4352 .
347 4299 394 4354 Nec
410 4299 453 4348 λιοο
469 4306 558 4352 tantum
573 4303 632 4354 λοοο.
944 4366 947 4372 Ι
975 4300 1000 4354 θ.
1021 4304 1057 4365 Cf.
1074 4317 1148 4366 ιυρτο
1165 4303 1229 4356 Mer.
1242 4301 1293 4366 λθ,
1310 4301 1336 4355 8.
