3116 4934
361 235 498 288 rauseu
514 235 579 288 nte.
591 237 623 288 ιι.
640 235 723 288 uun.
735 236 754 287 ι.
772 234 872 288 naun.
884 236 975 290 nvrrt.
1186 225 1244 290 trt

93 357 242 440 obtinent,
265 357 344 444 qnod
366 355 535 420 certaminis
557 353 650 439 ipsius
673 375 711 418 ne
734 355 922 420 meminerint
940 354 1067 440 quidem.
1114 353 1249 440 Quodsi

92 463 280 548 cupiditatum
298 458 561 542 illecebrarumqne
579 457 792 538 recordentur,
815 479 880 522 cnm
896 459 974 542 quud
996 459 1074 534 lactu
1097 468 1143 522 est
1164 461 1248 524 netas

93 565 206 628 efficere
224 563 306 628 nullo
324 562 411 626 modo
428 559 555 646 possint,
578 559 609 624 in
626 580 662 623 eo
678 561 754 643 qnod
769 560 918 624 abstineut
934 561 1005 626 nibil
1020 561 1164 628 mercedis
1181 581 1249 646 pro·

93 676 256 730 narentur.
299 661 407 748 Neque
422 661 501 726 eninr
519 682 559 726 ex
577 683 616 726 eo
636 665 711 747 qnod
732 661 887 727 admittere
909 661 1074 741 noluerint,
1098 664 1150 730 sed
1172 664 1247 748 quod

94 789 147 832 nun
164 766 329 853 potuerint,
353 785 411 830 non
427 775 475 828 est
490 763 527 828 ab
542 763 600 828 illis
616 763 730 828 lacinus
745 764 814 828 illud
832 765 927 849 reipsa
945 767 1117 850 proiectum.
1150 765 1248 850 Atque

94 870 144 934 boo
162 871 289 956 primum
309 879 356 934 est
374 869 536 953 spadonum
559 885 653 951 genus
672 865 780 932 donnini
802 867 936 932 oratione
952 867 1148 946 declaratum,
1172 868 1248 952 quod

91 972 146 1036 iam
162 983 224 1036 tn·
241 971 345 1036 matris
363 989 404 1034 nx
421 982 506 1034 utero
524 969 641 1054 prodiit.
686 965 770 1033 luter
784 989 858 1054 quos
876 989 962 1034 nemu
978 969 1046 1034 iilos
1061 969 1209 1034 retulerit.

172 1079 304 1137 Errant
325 1075 463 1146 ammai,
488 1071 529 1136 ait
550 1072 699 1149 salvatur,
728 1077 781 1153 qui
798 1073 834 1134 ub
856 1074 1014 1134 lemmatum
1037 1075 1161 1135 eunardi
1169 1073 1253 1154 sueti
1268 1079 1326 1147 cnp.
1342 1079 1383 1130 tv.

90 1187 172 1252 reat,-
203 1197 222 1240 a
243 1174 349 1260 unibus
372 1173 487 1259 priores
508 1172 618 1238 diversi
639 1183 719 1238 aunt.
766 1171 805 1236 lli
829 1173 906 1238 euim
930 1195 996 1238 com
1016 1175 1070 1239 hac
1093 1175 1176 1240 clade
1196 1195 1249 1238 na·

91 1288 234 1355 mentor,
259 1277 440 1363 posteriores
456 1287 553 1339 autem
574 1277 609 1338 ud
632 1275 757 1360 aliquem
783 1295 885 1360 regum
909 1288 959 1340 aut
981 1275 1140 1363 principum
1164 1297 1249 1342 ιινιιιιι

92 1382 226 1444 rostrati.
271 1375 388 1465 Quippe
402 1377 522 1444 barbari
538 1377 654 1462 quidam
671 1397 760 1461 reges
778 1388 830 1441 aut
845 1379 974 1464 tyrensi,
998 1377 1145 1464 zelotypia
1162 1389 1249 1463 atque

90 1484 118 1546 in
135 1501 252 1546 uxoren
269 1501 341 1544 suae
354 1480 521 1567 suspicione
537 1479 675 1544 commoti
691 1480 845 1544 admodum
865 1500 972 1565 pueros
993 1492 1152 1560 exsecant,
1176 1501 1250 1566 quos

90 1584 135 1648 nbi
155 1584 356 1662 adoleverint,
380 1583 456 1662 suis,
479 1592 512 1646 ut
530 1582 638 1647 dictum
657 1591 715 1661 est,
738 1580 912 1666 coningibus
929 1583 1066 1646 custodes
1082 1583 1248 1648 adhibeant.

91 1687 191 1770 Atque
206 1684 263 1748 boo
278 1684 365 1749 modo
379 1683 554 1749 calamitatis
568 1683 645 1748 illins
661 1704 769 1749 caussa
782 1683 860 1748 inter
877 1684 1010 1754 homines
1025 1686 1141 1749 accidit.
1173 1685 1251 1750 lliuc

92 1789 228 1853 lortassis
242 1799 272 1851 et
287 1786 486 1851 eunuchorum
505 1785 660 1872 appellatio
676 1786 838 1866 derivatur,
861 1809 878 1850 a
894 1787 987 1850 verbo
1000 1787 1114 1852 scilicet
1126 1781 1250 1864 εὐνοεῖν,

92 1890 169 1976 quod
187 1889 345 1974 amputatis
362 1887 444 1952 bisce
460 1889 594 1974 corporis
611 1888 742 1974 partibus
758 1887 894 1955 benevoli
911 1909 978 1954 esse
993 1888 1117 1976 possint,
1141 1911 1249 1974 neque,

93 2003 194 2078 utpote
220 1990 359 2056 membris
385 1990 442 2056 illis
466 1989 605 2070 mutilati,
635 1991 671 2054 ad
695 2010 850 2076 corporum
876 1993 1061 2078 complexum
1084 1991 1251 2078 coitumque

92 2096 149 2158 sint
177 2094 278 2160 utiles.
324 2093 381 2158 llic
402 2092 493 2177 igitur
516 2093 592 2156 alter
616 2092 815 2158 eunuchorum
844 2096 917 2158 ordo
943 2105 1005 2173 est,
1035 2095 1083 2180 qui
1106 2117 1124 2159 a
1147 2095 1252 2181 puerili

93 2206 191 2262 aetate
208 2197 358 2260 hominnm
376 2195 453 2260 istud
471 2216 558 2260 maun
574 2217 633 2260 non
650 2195 790 2260 coelestis
807 2198 892 2280 regui
910 2217 1014 2262 caussa
1034 2198 1194 2283 patiuntur.

162 2397 307 2486 Seqttilnr
322 2400 440 2479 deinde,
464 2404 503 2462 Et
519 2398 586 2464 dunt
601 2403 725 2464 eumuclli
738 2407 906 2482 qur'aer‘peoa
923 2414 1121 2466 coenaverunt
1132 2413 1252 2484 proper
1270 2416 1328 2484 Cap.
1344 2417 1374 2466 v,

96 2527 225 2586 regnum.
264 2501 393 2587 Quinam
409 2501 450 2566 illi
468 2523 536 2567 esse
554 2513 687 2588 possunt,
713 2504 767 2566 uisi
786 2505 897 2586 egregii
915 2504 954 2567 illi
974 2504 1095 2589 primum
1113 2503 1250 2590 apostoli,

98 2617 155 2670 tum
174 2606 325 2684 monachi,
346 2627 380 2670 ac
395 2603 500 2690 reliqui
515 2605 693 2690 virginitatis
707 2606 847 2669 cultores.
879 2601 1050 2670 Cuiusmodi
1066 2609 1149 2672 luere
1166 2603 1252 2670 luun-

97 2729 147 2773 nes
170 2720 201 2772 et
217 2705 364 2788 lacobus,
382 2706 532 2772 Zebedaei
548 2707 616 2790 tilii,
640 2708 688 2792 qui
706 2706 737 2770 in
755 2707 924 2792 virginitate
941 2709 1133 2794 persistentes
1149 2730 1185 2772 ae
1200 2730 1253 2773 ne·

97 2831 151 2895 que
169 2810 302 2876 nebra
325 2831 379 2874 sua
401 2809 526 2896 propriis
547 2819 733 2896 amputantes
758 2810 908 2891 manibus,
933 2832 1028 2896 neque
1050 2812 1176 2898 copulati
1199 2833 1253 2876 nu·

97 2914 180 2998 pliis,
205 2914 259 2976 sed
275 2913 373 2976 animo
391 2933 426 2978 ac
443 2923 561 2997 pectore
579 2913 749 2976 dimicantes
764 2913 934 2978 certaminis
955 2912 1034 2978 illius
1056 2935 1194 2978 cerotum
1218 2935 1253 2978 ac

96 3016 217 3098 gloriam
239 3035 354 3080 summa
374 3037 440 3079 cum
458 3014 651 3078 admiratione
668 3026 867 3100 reportarunt.
913 3018 1080 3082 &eundum
1098 3039 1172 3102 quoe
1189 3017 1255 3080 inb·

96 3119 155 3184 nita
172 3117 324 3183 bominum
342 3117 444 3196 millia,
468 3137 543 3202 quae
561 3117 589 3180 in
606 3117 662 3180 hoc
677 3119 785 3182 mundo
802 3119 993 3185 monasticam
1011 3119 1101 3186 vitam
1118 3120 1255 3206 amplexa

94 3233 173 3302 runt,
198 3221 229 3285 iu
246 3219 435 3285 monasteriis
450 3219 654 3303 virginumque
671 3221 822 3286 coenobiis
835 3223 965 3287 eiusdem
980 3219 1149 3286 certaminis
1163 3223 1253 3288 decus

94 3327 198 3410 adepta
221 3333 303 3388 sunt.
348 3320 434 3406 Quae
455 3321 715 3388 videlieetnullam
738 3345 803 3388 cnm
820 3324 989 3390 mulieribus
1012 3324 1253 3390 consuetudinem

95 3427 278 3502 babuerunt,
300 3425 355 3488 sed
373 3424 509 3490 omnibus
524 3425 587 3488 suis
605 3424 734 3490 numeris
751 3426 915 3491 absolutum
934 3437 1084 3492 certamen
1104 3427 1251 3492 obierunt.

96 3527 222 3612 Qualem
237 3527 269 3592 iu
286 3538 388 3592 vetere
405 3537 581 3592 testamento
597 3525 692 3592 Elian
709 3529 799 3594 luisse
816 3529 954 3613 legimus,
976 3550 1010 3593 ac
1026 3529 1164 3614 deinceps
1175 3526 1253 3593 Pau·

96 3631 170 3710 lum,
202 3631 252 3716 qui
279 3631 370 3708 tirio,
399 3635 470 3694 Ilien
494 3643 587 3694 autern
609 3637 775 3714 nonauptr's‚
799 3638 930 3713 pneumon
953 3634 1054 3695 bonurn
1078 3645 1120 3694 est
1136 3635 1204 3712 ipris
1225 3636 1404 3702 nitescet

97 3739 319 3797 annotarent
333 3755 404 3816 ego:
427 3738 457 3795 σι’
470 3745 561 3796 ouran
576 3757 632 3798 non
646 3739 805 3810 renonent,
829 3737 946 3798 nubunt.
994 3733 1149 3819 Quomodo
1164 3733 1254 3818 igitur

98 3835 158 3921 ipse
184 3837 366 3918 permansit?
411 3833 445 3900 Si
468 3835 545 3900 enim
570 3848 709 3901 exsectus
731 3843 794 3916 est,
819 3839 901 3901 etad
920 3837 998 3901 illius
1017 3837 1181 3923 exemplum
1204 3859 1254 3902 ac·

100 3941 272 4004 commodati
290 3952 462 4004 manserunt
479 3937 526 4022 qui
550 3939 577 4002 ei
595 3939 705 4002 similes
721 3951 839 4018 essent,
864 3951 896 4003 ut
916 3961 980 4004 eam
1003 3941 1117 4004 consilii
1141 3952 1251 4025 partem

132 4125 156 4180 ἵ.
172 4129 224 4182 τῶν
241 4143 289 4180 one
305 4131 356 4180 aod.
372 4131 446 4180 Venti.
728 4121 753 4177 4.
771 4125 797 4180 dv
812 4129 845 4194 τῇ
860 4127 982 4194 παρθενίᾳ
998 4128 1050 4178 eod.
1066 4131 1142 4180 Vrnrl.

134 4195 192 4246 cu.
210 4197 243 4247 v.
261 4225 297 4235 -
332 4195 355 4246 l.
373 4193 452 4262 φησὶν
469 4209 516 4246 om.
535 4194 586 4247 cod.
604 4195 658 4246 Van.
726 4196 750 4245 5.
767 4195 811 4248 τοῦ
828 4191 953 4263 στεφάνου
970 4211 1016 4246 non
1032 4203 1151 4260 comperet
1164 4201 1189 4249 ln
1202 4201 1253 4249 eod.

132 4263 157 4314 ‘t
174 4264 224 4318 raia
240 4261 361 4332 οὐρανῶν,
377 4266 441 4326 pund
455 4265 526 4328 roton
539 4265 659 4316 desiduu-
694 4265 749 4314 Van.

102 4335 147 4392 tur,
161 4347 189 4384 ex
207 4335 257 4385 red
276 4337 329 4384 Vera
348 4335 431 4382 udtrcr'.
726 4329 753 4384 6.
776 4325 832 4386 ὅσοι
853 4329 879 4386 iv
900 4329 1029 4399 μυριάδων
1051 4327 1153 4405 ἀριθμῷ
1173 4332 1198 4387 dv
1214 4335 1252 4403 tui

125 4401 158 4480 ‚³
174 4399 217 4453 aul
233 4402 256 4454 ol
272 4399 389 4467 κύιξῆς
410 4399 529 4470 nundinet
549 4399 593 4456 atel
614 4417 659 4468 μο-
692 4397 785 4470 νόσρνιρ
801 4403 852 4454 ced.
871 4403 947 4454 Venet

103 4469 213 4530 νιζννιις
228 4473 280 4523 end,
299 4473 375 4522 Vaut.
