3168 4942
369 203 506 257 PANARH
523 204 587 257 ute.
601 205 632 257 tt
650 205 732 258 ΤΟΜ.
745 205 778 256 tt.
794 203 895 256 ΗΔΕΒ.
909 203 1006 256 LXiX.
1210 193 1273 256 669

118 346 151 390 ae
165 323 299 390 veritatis
319 345 410 389 voces
426 324 506 410 ipsas
529 324 663 390 adiniao
680 326 772 389 verbo
791 324 995 410 pronuntiatas
1013 321 1178 408 rationique
1203 345 1275 388 con·

118 439 272 494 secuneas
294 427 482 512 relinqueret

197 528 331 614 Pergnot
345 530 375 594 in
390 529 568 615 aucupandis
583 529 719 608 vocibus,
742 547 819 612 quae
835 539 917 593 recte
934 550 969 594 ac
985 529 1137 616 praeclare
1152 530 1182 594 io
1199 549 1272 594 unc
1292 545 1352 616 esp.
1366 545 1395 598 ι.

118 653 228 718 quoque
247 633 411 716 scripturae
436 631 511 695 libro
535 641 696 716 conceptae
718 639 800 694 sunt.
847 628 880 694 in
900 651 959 715 quc
980 631 1091 716 piratas
1108 630 1271 710 imitantur,

117 735 162 820 qui
185 755 256 800 sana
283 755 407 820 corpora
431 733 575 798 mutilant.
623 731 667 797 ita
690 733 731 796 iiii
758 731 926 796 testimonio
952 733 1075 818 quodam
1100 732 1272 814 abutuntur,

117 857 150 901 ae
168 837 304 922 loquendi
323 837 553 914 cousuetudine,
586 857 671 922 quam
689 833 802 921 tropice
823 834 941 921 saepius
963 855 1106 920 usurpare
1130 834 1274 922 scriptura

116 940 280 1004 consuevit.
318 937 359 1003 Et
376 939 492 1024 quidem
507 937 583 1022 quod
600 938 635 1001 ad
655 959 721 1002 enm
737 939 853 1002 modum
871 937 982 1024 tropice
1002 937 1184 1016 dictumest,
1210 949 1273 1002 ιιι-

117 1063 200 1127 mam
218 1062 290 1106 vere
313 1041 489 1127 proprieque
511 1041 620 1105 dictum
639 1042 746 1106 afferre
770 1040 878 1104 solent.
925 1037 1012 1122 Quod
1030 1051 1127 1104 nutem
1148 1061 1221 1104 vere
1243 1050 1274 1104 et

115 1143 285 1230 simpliciter
301 1144 522 1230 pronuntiatum
538 1152 600 1222 est,
627 1143 713 1206 eiiam
730 1143 764 1206 ad
781 1163 939 1228 personam
956 1141 1196 1228 perallegoriam
1213 1153 1274 1206 tra·

116 1245 197 1311 hunt.
244 1244 301 1310 Hic
315 1243 393 1310 enim
411 1255 571 1310 accurrunt
586 1245 697 1326 statim,
721 1255 752 1309 et
770 1265 809 1310 ex
827 1243 918 1308 Esaia
934 1244 1111 1308 sententiaro
1130 1244 1272 1309 eiusmodi

115 1349 280 1435 proterunt,
302 1346 332 1412 in
349 1370 404 1433 qua
423 1349 467 1412 sic
482 1359 567 1431 pater
581 1348 711 1432 loquens
721 1347 934 1412 introducitorc
957 1351 1033 1410 Ecce
1049 1351 1192 1428 rnteltc'get
1201 1369 1275 1430 puer·
1286 1361 1340 1409 tut
1353 1363 1393 1422 ιι,
1407 1362 1429 1408 ι.

115 1471 191 1512 auena
212 1454 350 1526 dilectata,
386 1455 415 1512 in
438 1473 493 1532 pao
514 1454 586 1513 ma'dr'
601 1453 715 1533 placui,
751 1471 831 1532 quem
852 1454 952 1531 diligit
970 1455 1065 1514 animo
1087 1472 1165 1526 mea,
1198 1470 1274 1534 qttae

115 1553 229 1636 quidem
252 1573 290 1616 es
317 1553 408 1638 patris
432 1573 558 1636 persona
573 1553 725 1632 dicuntum
757 1573 812 1616 uec
837 1553 873 1616 de
899 1573 933 1617 ea
953 1573 986 1616 re
1003 1554 1191 1618 dubitandum
1214 1564 1272 1618 est.

116 1653 193 1738 Quid
212 1656 321 1742 igitur?
357 1652 437 1718 Num
456 1655 545 1718 etiam
569 1666 654 1741 pater
676 1655 802 1719 unimam
825 1653 968 1740 suscepit.
1015 1654 1274 1741 Respondentibus

115 1757 218 1839 nobis,
241 1755 366 1822 Minime
386 1757 414 1821 id
432 1758 565 1842 quidem,
591 1755 703 1841 Ecquid
724 1757 832 1841 igitur,
857 1757 1010 1842 inquiunt,
1033 1759 1110 1822 aliud
1130 1771 1192 1838 eat,
1217 1759 1275 1824 uisi

115 1861 191 1946 quod
219 1861 331 1946 tropice
356 1859 412 1924 ista
431 1859 588 1924 dicunturt
632 1857 761 1925 Perinde
787 1859 886 1944 itaque
910 1869 941 1923 et
958 1881 975 1923 a
992 1860 1051 1924 iilic
1076 1862 1187 1948 tropice
1207 1871 1277 1926 suot

114 1963 165 2028 itta
185 1963 273 2028 dicta.
320 1960 365 2026 lta
381 1983 421 2027 ex
439 1962 525 2027 huius
542 1961 700 2027 occasione
724 1961 781 2026 ioci
796 1983 931 2048 maguum
949 1983 984 2028 se
1001 1976 1103 2030 contra
1118 1964 1274 2030 veritatem

114 2076 319 2151 argumentum
338 2076 441 2129 nactos
454 2064 655 2145 ·arbitrantur;
688 2066 765 2149 qnod
788 2065 859 2148 ipsis
879 2075 976 2130 tamen
995 2087 1180 2152 nequaquam·
1195 2065 1275 2130 dabi-

113 2189 191 2234 mus.
238 2165 354 2253 Quippe
375 2168 487 2232 veritas
513 2167 628 2230 inciae
656 2166 793 2231 lenocinii
820 2168 915 2232 omnis
939 2187 1049 2252 expers
1074 2168 1278 2254 perseipsum

111 2281 188 2350 stat,
214 2291 310 2355 tneque
333 2280 384 2334 aut
404 2269 539 2355 superari
557 2278 670 2352 potest,
701 2279 749 2332 ant
774 2269 952 2354 exqcrisitum
973 2271 1117 2356 quendam
1140 2281 1274 2335 ornatum

113 2373 275 2438 desiderat.
307 2370 470 2439 Videamus
487 2392 575 2458 porro
593 2391 667 2456 quae
686 2371 724 2436 ait
738 2371 890 2436 amborum
908 2371 954 2436 vis
969 2395 1005 2438 ao
1021 2383 1164 2458 potestas.
1197 2369 1276 2436 Naar

114 2475 142 2540 si
160 2485 243 2560 pater
261 2475 297 2538 ad
315 2497 422 2561 corpus
442 2473 645 2552 descenderit,
670 2485 700 2536 et
714 2493 833 2538 carnem
851 2474 996 2554 induerit,
1029 2483 1115 2560 atque
1135 2473 1277 2538 eiusmodi

114 2598 285 2642 sermenem
303 2576 463 2663 usurparit,
480 2598 587 2642 revera
602 2575 690 2641 etiam
706 2577 831 2640 animam
849 2576 961 2641 habuit.
992 2574 1047 2642 Sin
1064 2598 1182 2642 carnem
1201 2576 1277 2640 haud

114 2681 301 2766 susceperit,
326 2690 357 2743 et
370 2679 559 2746 nihilominus
577 2679 632 2743 hcc
654 2678 782 2756 dixerit,
806 2684 913 2742 Antioc
929 2701 990 2741 mea
1010 2691 1084 2754 etc,
1110 2678 1223 2766 tropice
1240 2679 1276 2742 de

114 2780 245 2846 deuicta
264 2780 427 2868 praedicari
444 2781 602 2867 putandum
619 2791 677 2860 est,
702 2791 734 2844 nt
747 2782 985 2865 germanitatem,
1010 2803 1084 2866 quae
1101 2781 1179 2845 inter
1196 2801 1229 2844 se
1243 2800 1279 2844 ac

114 2883 207 2948 fliium
235 2883 455 2964 intercedebat,
487 2883 660 2948 curatione
685 2885 825 2948 firmaret.
871 2884 919 2947 Ad
937 2883 1026 2947 tilium
1054 2894 1152 2948 autem
1176 2883 1279 2947 eadem

112 2985 167 3050 iila
183 2986 343 3052 convenire
362 2996 523 3071 nequeunt.
554 2982 671 3072 Quippe
686 2995 770 3071 pater
783 2983 901 3049 minime
918 3005 1037 3050 monem
1052 2989 1178 3072 accepit,
1191 3007 1278 3070 qoam

113 3087 194 3152 iilius
209 3087 314 3153 induit.
360 3088 412 3154 ttto
434 3111 492 3154 ncn
512 3099 559 3153 est
576 3091 670 3154 tactus
684 3089 789 3152 homos
814 3087 890 3153 tilius
910 3087 997 3151 horna
1018 3089 1113 3152 iactus
1131 3098 1188 3152 est.
1232 3087 1279 3152 ao

112 3187 206 3254 simiii
226 3191 312 3276 piane
330 3191 445 3256 ratione
463 3191 597 3278 quiddam
623 3191 682 3256 alio
700 3191 765 3255 loco
786 3189 860 3276 patri
883 3189 1031 3254 tribuitur.
1075 3187 1153 3255 Nam
1179 3200 1210 3254 ut
1232 3191 1280 3254 hic

112 3293 159 3356 ita
176 3293 321 3378 loquitor,
345 3298 456 3358 Dilesr't
477 3297 557 3357 citam
579 3299 673 3357 naimo
695 3316 772 3368 maa,
797 3291 841 3358 sie
856 3291 943 3372 aiibi,
967 3297 1068 3356 Inueni
1079 3297 1276 3376 Domitfldirm
1290 3299 1386 3398 ¹3³&st

112 3398 212 3472 Iesse,
237 3402 329 3459 orium
350 3401 501 3460 secundnm
524 3420 575 3459 ror
596 3419 702 3460 meum:
734 3396 823 3475 item,
849 3399 906 3458 Cor
926 3417 1016 3458 meam
1037 3399 1122 3478 longa
1142 3399 1222 3460 odeat
1240 3385 1434 3462 ablui-³2¹¹·

112 3499 190 3559 edlu.
225 3496 327 3582 Quare
343 3500 367 3564 si
382 3510 537 3585 propterea
557 3500 632 3583 qrtod
653 3499 765 3584 tropice
784 3498 975 3578 dictumest,
1001 3503 1086 3578 Quem
1103 3503 1280 3562 ditandam·-

112 3621 164 3662 mo
180 3622 256 3676 mea,
281 3601 308 3664 id
326 3602 362 3664 de
378 3601 474 3665 anima
495 3622 597 3667 verum
618 3621 685 3664 esse
704 3601 889 3677 confitemur,
914 3621 1101 3685 consequens
1118 3611 1164 3665 est
1182 3611 1214 3664 nt
1230 3621 1280 3664 eo·

114 3701 187 3766 dem
207 3703 293 3767 modo
316 3705 392 3789 quod
417 3704 453 3767 do
473 3705 562 3768 corde
588 3701 695 3768 dicitnr
716 3703 827 3788 tropice
853 3702 959 3766 dictum
980 3703 1126 3766 videatur.
1173 3701 1281 3788 Neque

112 3815 219 3892 potest
241 3806 277 3870 ab
299 3806 417 3870 homine
437 3808 581 3892 prudente
601 3827 637 3870 ea
657 3806 692 3870 de
715 3827 748 3870 re
772 3805 819 3870 vei
841 3805 990 3869 levissime
1015 3804 1152 3869 dubitari.
1198 3804 1280 3891 Ergo

112 3907 144 3972 si
162 3908 199 3972 de
216 3908 313 3972 anima
331 3909 442 3993 tropice
458 3919 542 3994 pater
558 3908 703 3994 loquitur,
727 3909 884 3986 ducende,
909 3908 984 3992 quod
1000 3905 1120 3972 minime
1137 3909 1278 3995 suscepit,

113 4031 217 4095 neque
234 4013 311 4075 enirn
328 4033 447 4076 carnem
468 4012 644 4095 assumpsit,
669 4031 792 4076 necesse
810 4020 856 4074 est
874 4010 1016 4074 eiusmodi
1036 4011 1133 4076 omnia
1151 4033 1204 4097 per
1221 4022 1282 4076 tro·

112 4135 189 4200 pum
206 4117 349 4197 quendam
368 4115 403 4179 ad
424 4125 535 4200 patrem
553 4112 783 4178 accommodari.
828 4109 899 4176 Non
915 4111 990 4177 idem
1009 4124 1106 4178 tamen
1125 4126 1152 4178 et
1172 4115 1208 4177 de
1224 4115 1282 4178 fiiio

112 4215 307 4282 sentiendum
328 4229 391 4294 est,
417 4217 598 4301 quiquidem
618 4237 737 4280 carnem
761 4235 825 4279 corn
844 4215 924 4278 omni
943 4215 1132 4281 humanarum
1156 4216 1282 4303 partium

113 4319 314 4406 dispositione
337 4319 478 4403 suscepit.

190 4435 214 4492 a
232 4441 341 4490 Fortasse
358 4433 406 4492 oda
424 4436 487 4491 dero,
