3154 4930
368 212 505 266 rinnau
521 213 585 266 orn.
598 213 630 266 ιι.
647 212 730 266 rou.
745 214 778 266 n.
795 210 895 267 unsa.
911 211 1004 265 cxrr.
1205 199 1267 262 tto

106 335 259 402 aevulaam
274 333 353 398 illarn
370 333 488 398 virtutis
505 354 577 398 suae
598 332 766 419 particulam
788 332 950 396 clanculum
970 351 987 394 a
1010 327 1188 398 coelestibus
1210 330 1267 394 illis

106 438 218 504 ineolis
240 437 362 522 eripiat,
394 437 633 521 quemadmodum
662 436 805 520 impostor
831 433 880 498 ille
904 445 1046 518 nugatur,
1080 434 1267 498 nullomodo

106 561 233 606 terrare
256 561 311 604 nos
333 539 438 625 possit.

198 639 379 727 Quamquam
407 641 474 725 qnid
496 641 525 704 in
549 640 757 726 percensendis
785 639 861 704 illins
880 637 991 702 delitiis
1016 639 1124 702 irustra
1145 659 1264 724 opernm
1299 601 1378 723 gli„

107 756 284 830 tempusque
302 745 462 808 consumo?
506 737 601 806 Cuius
626 753 706 808 tanta
731 752 777 806 est
800 740 976 826 impudentia
1002 761 1037 805 oc
1058 740 1215 825 petulantis
1237 741 1267 805 in

4 925 6 940 Ι
107 849 198 912 deum
213 847 330 932 linguae
349 846 467 910 licentia
488 856 519 909 ut
539 845 725 910 tenebrarum
742 841 908 928 Principem
924 841 1004 906 illum
1021 843 1114 928 ipsum
1133 862 1199 907 esse
1217 844 1267 908 de·

108 952 229 1030 leudat,
252 949 300 1036 qui
317 949 347 1012 in
366 950 431 1032 loge
449 969 483 1012 ao
502 947 651 1033 prophetis
669 947 783 1011 loeutus
801 957 858 1010 est.
904 941 932 1010 0
955 944 1055 1010 felices
1078 967 1113 1008 ao
1136 945 1267 1030 praeola-

4 1049 5 1056 '
107 1073 163 1116 ras
179 1073 248 1138 spes
265 1051 400 1118 nostras!
425 1071 491 1116 com
509 1049 693 1114 tenebrarum
708 1046 838 1133 Principi
854 1044 992 1112 Christos
1009 1069 1130 1112 mouera
1152 1049 1266 1118 deleme

108 1155 255 1238 coegerit.
300 1151 495 1238 Posteaquam
517 1153 593 1216 enim
620 1151 850 1238 elephantiosum
872 1149 952 1214 illum
977 1151 1130 1236 purgavit,
1160 1150 1266 1214 donum

3 1235 5 1268 ³
109 1257 182 1322 illud
199 1257 275 1341 qood
295 1256 359 1341 lege
375 1255 584 1340 praescriptum
601 1265 649 1320 est
663 1255 771 1318 afferre
788 1251 884 1318 statim
907 1251 1003 1318 iussit.
1050 1257 1135 1328 Vade,
1159 1252 1407 1336 inquietassent

109 1361 189 1444 offer
212 1380 312 1422 munus
328 1369 423 1433 taum,
446 1363 524 1420 rr'ont
534 1362 683 1438 proecepit
695 1361 819 1437 Mogses.
866 1353 1021 1420 Eiusmodi
1038 1377 1127 1441 porro
1149 1375 1266 1434 munros,

3 1447 5 1534 ᾗ
108 1460 190 1546 qnod
208 1460 245 1525 oh
263 1461 373 1546 lepram
390 1459 586 1538 offerebatur,
618 1459 733 1524 anicula
757 1469 822 1550 erat
845 1457 875 1522 in
894 1457 1088 1538 sacrificinm,
1120 1469 1150 1522 et
1174 1457 1268 1522 simila

2 1559 3 1578 ³
109 1564 143 1628 iu
162 1563 375 1628 holocaustum.
420 1562 512 1646 Atqui
528 1561 554 1626 si
573 1561 759 1626 tenebrarum
777 1560 827 1624 ille
842 1558 985 1644 Princeps
1004 1561 1095 1638 ieret,
1120 1580 1266 1644 nunqnam

2 1754 4 1764 y
111 1664 235 1729 verbum
251 1686 268 1728 e
284 1666 368 1728 coelo
387 1664 553 1750 delapsum,
578 1664 682 1748 deique
706 1662 801 1742 lilius,
824 1664 890 1747 qui,
921 1672 953 1726 nt
971 1659 1164 1726 Manichacus
1190 1661 1266 1726 arhi-

2 1855 5 1876 μ
109 1777 220 1846 tratur,
241 1765 351 1832 ideirco
368 1766 449 1830 venit
464 1777 495 1830 nt
511 1766 656 1830 hominem
673 1762 869 1850 aPrincipnm
885 1785 988 1828 errore
1003 1764 1154 1845 liberaret,
1170 1763 1266 1848 lepro-

109 1869 295 1946 sensilium,
319 1867 366 1932 oui
389 1868 544 1934 sanitatem
562 1869 750 1946 restituerat,
781 1867 885 1932 iisdem
909 1867 1055 1945 subditum
1078 1887 1145 1934 esse
1162 1865 1266 1932 iussis-

1 1965 4 1992 ¹
109 1984 178 2052 set,
201 1973 251 2036 sed
275 1971 402 2055 lugiendi
418 1972 514 2056 potins
534 1982 637 2034 auctor
658 1969 779 2050 fuisset,
804 1991 839 2034 ac
860 1972 986 2055 nequod
1008 1973 1180 2058 imperatum
1202 1979 1267 2034 erat

1 2064 4 2096 ¹
108 2085 278 2162 praestaret
294 2083 375 2138 esset
389 2072 533 2138 hortatus.
580 2069 640 2136 Sed
661 2073 795 2136 nimirum
817 2072 884 2138 ideo
908 2073 948 2138 ita
973 2094 1006 2138 sc
1028 2073 1123 2158 gessit
1139 2072 1215 2160 qnod
1230 2071 1266 2136 ad

109 2177 303 2244 evertendam
328 2176 423 2260 legero
450 2196 631 2260 nequaquam
649 2186 791 2255 venerat,
821 2197 906 2259 quam
924 2177 1045 2241 dederat
1062 2175 1142 2262 ipse,
1170 2193 1267 2256 neque

1 2291 2 2298 ’
108 2278 288 2366 prophetas,
312 2278 364 2342 sed
382 2287 413 2341 ut
427 2277 525 2362 potius
542 2278 694 2364 impleretq
725 2288 758 2343 ut
773 2279 828 2342 hoc
851 2279 943 2363 ipsum
962 2278 1037 2362 legis
1059 2299 1094 2342 ae
1112 2275 1267 2364 propheta-

1 2377 2 2408 Τ
108 2403 178 2446 rum
194 2382 436 2466 complementum
456 2380 485 2444 in
501 2380 645 2466 evangelii
661 2381 758 2465 quiete
782 2401 817 2444 ac
833 2380 1041 2464 tranquillitate
1057 2379 1181 2464 positum
1200 2398 1267 2442 esse

1 2482 3 2510 ¹
108 2495 303 2549 monstraret.
348 2481 426 2548 Nam
448 2482 519 2547 licet
539 2483 614 2547 idem
635 2504 652 2547 a
675 2483 824 2569 prophetis
840 2486 978 2548 adoratus
1001 2482 1041 2546 sit
1056 2484 1146 2560 deus,
1177 2490 1208 2543 et
1229 2479 1265 2544 ab

106 2587 177 2672 ipso
193 2587 243 2652 lex
261 2585 386 2664 tradita,
410 2607 470 2650 noo
489 2585 592 2650 eodem
610 2596 707 2650 tameo
722 2584 807 2651 hodie
824 2585 965 2650 donorum
979 2604 1111 2668 genere,
1134 2584 1185 2648 sed
1200 2603 1266 2668 pre-

106 2688 195 2754 cibus
212 2699 241 2752 et
257 2687 459 2766 eucharistiis,
483 2697 513 2752 et
529 2688 595 2752 aliis
613 2687 773 2753 honoribus
789 2688 888 2752 divino
904 2686 1014 2753 numini
1033 2686 1164 2752 adoratio
1182 2704 1267 2770 prae·

105 2803 218 2858 statur.
264 2787 383 2856 Etenim
407 2789 544 2874 graviora
569 2790 628 2857 illis
651 2801 786 2876 tanquam
811 2790 908 2856 servis
932 2790 1100 2874 imperarit,
1133 2790 1209 2872 qnod
1232 2809 1267 2852 ea

107 2893 229 2958 ratione
251 2895 286 2957 ad
311 2893 483 2977 obsequium
510 2892 588 2975 adigi
617 2913 704 2978 posse
724 2904 934 2977 cognosceret.
985 2889 1267 2976 Contra-evangelii

106 2995 262 3080 discipulis
282 2995 410 3073 leviora,
434 3005 533 3080 utpote
549 2995 666 3075 liberis,
690 3017 743 3082 pro
759 2995 906 3081 exquisita
921 3017 975 3060 sua
987 2994 1167 3080 benignitate
1185 3016 1267 3059 mau-

107 3096 206 3160 darit.
253 3093 354 3180 Quare
375 3119 440 3160 cnm
467 3118 542 3160 nnus
562 3097 676 3182 sibique
698 3099 887 3164 consentiens
911 3097 985 3182 legis
1004 3098 1207 3182 evangeliique
1228 3096 1268 3161 sit

107 3201 204 3278 deos,
236 3219 292 3263 neo
315 3199 456 3264 alterutra
480 3198 663 3265 diuersorum
689 3210 850 3286 temporum
872 3200 986 3266 sublata
1010 3201 1207 3284 dissolutaque
1229 3200 1269 3264 sit

108 3300 242 3380 iunctio,
266 3301 342 3366 idem
359 3313 406 3365 est
425 3321 558 3384 unusque
577 3301 665 3381 deus,
690 3303 738 3387 qui
757 3303 864 3368 seculis
884 3302 1050 3368 dominatur
1062 3304 1214 3382 omuibus,
1236 3311 1268 3366 et

107 3426 127 3468 a
145 3403 245 3468 servis
260 3403 322 3468 suis
339 3404 378 3468 ita
395 3404 501 3468 colitur
524 3414 555 3466 nt
570 3407 623 3489 pr'o
640 3425 675 3468 eo
689 3425 724 3469 ao
739 3405 833 3470 cuivis
847 3406 937 3472 aetati
953 3407 1093 3472 convenit
1110 3427 1222 3472 summa
1238 3405 1266 3471 id

107 3507 291 3570 humanitate
308 3507 457 3592 deposcat.
504 3503 648 3591 Superest
664 3505 754 3591 igitur
772 3508 850 3572 illins
867 3518 898 3572 nt
916 3530 1001 3574 error
1018 3529 1060 3575 ex
1083 3510 1160 3574 omni
1184 3519 1266 3594 parte

107 3607 322 3687 convineatur,
354 3609 584 3694 quandoquidem
610 3629 645 3674 ea
674 3629 750 3693 quae
774 3610 839 3696 lege
863 3611 1043 3697 praescripta
1068 3623 1138 3676 sunt
1158 3611 1266 3696 exequi

107 3712 246 3776 salvatur
267 3712 329 3797 ipse
353 3711 484 3777 iusserit.
531 3709 616 3794 erae
633 3712 747 3796 quidem
766 3724 918 3799 postquam
941 3713 1018 3779 illins
1042 3716 1178 3780 mandato
1200 3736 1265 3801 per·

107 3815 188 3880 fecto
208 3825 293 3893 suut,
317 3813 473 3878 abeodem
493 3813 630 3899 deinceps
649 3836 707 3880 uon
724 3816 838 3897 soluta,
863 3839 921 3882 ooo
942 3816 973 3884 iu
991 3817 1110 3883 nibilum
1134 3820 1264 3899 redacta,

107 3917 165 3982 sed
181 3915 301 4000 impleta
323 3927 410 3980 sunta
442 3937 507 3981 cum
531 3916 647 3982 scilicet
664 3939 717 4003 pro
736 3918 872 4003 hisquae
893 3920 923 3984 iu
938 3920 1005 4004 lege
1019 3932 1175 4006 praecepta
1197 3932 1267 4008 suot

108 4039 207 4083 noras
223 4021 361 4102 quasdam
381 4020 436 4082 deo
453 4019 515 4083 heri
536 4019 701 4084 oblationes
717 4020 861 4100 institnit,
885 4023 1020 4108 pietatis,
1045 4023 1195 4105 honitatis,
1217 4046 1266 4090 ca·

107 4119 240 4200 stitatis,
266 4119 458 4186 accuratioris
480 4121 605 4205 denique
627 4121 705 4187 ritae
727 4122 850 4188 rationis
872 4145 907 4188 ae
924 4126 1054 4210 generis.
1301 4183 1334 4238 c·

196 4219 301 4308 Pergit
317 4243 390 4287 vero
407 4220 601 4288 Manichacus
620 4245 655 4288 ac
677 4235 832 4290 venturum
849 4227 974 4311 denique
991 4225 1100 4293 Senem
1118 4229 1197 4295 illum
1221 4241 1264 4298 at·
1286 4203 1375 4308 wilt

145 4343 170 4394 5.
189 4335 267 4402 adele
282 4339 356 4426 hell-p
372 4335 492 4403 adoleri
507 4346 558 4396 eod
576 4347 672 4410 Rhodie.
739 4345 763 4400 8.
782 4349 889 4398 Fortasse
904 4344 947 4416 δὴ.

144 4411 170 4466 6·
190 4413 302 4474 suanam
318 4405 522 4474 omnimo·
739 4413 764 4468 ⁹·
781 4415 1148 4487 commessatorum

145 4479 169 4534 7.
188 4477 284 4546 γίνεται
299 4481 351 4532 eod.
367 4481 465 4543 amara.
