3186 4928
108 1243 362 1322 lnnlctmus
383 1242 671 1322 HAERESEON
691 1246 816 1340 QUAE
836 1244 1264 1323 neminemnam.

109 1363 464 1456 ΟΟΝΤΙΝΕΝΤΙΙΒ,
501 1364 581 1460 Qut
613 1364 706 1439 EST
739 1365 800 1443 EO
836 1366 965 1460 Quum
999 1365 1155 1442 SUPRA
1187 1365 1266 1442 1²0-

196 1483 368 1560 SUIhlUS
397 1483 575 1560 ORDINE
597 1485 658 1575 tt,
690 1484 738 1558 IN
766 1485 857 1581 QUO
885 1485 1191 1562 HAERESESV

385 1603 735 1697 CONTINENTUR‚
763 1604 855 1681 auu
882 1603 1025 1682 MODO.

195 1821 221 1890 i.
267 1823 350 1890 Pauli
375 1822 575 1890 Samosateui.
628 1825 684 1890 ttic
708 1828 914 1913 propemodum
942 1849 1000 1891 nou
1025 1827 1155 1891 existere
1180 1822 1266 1890 Chri-

108 1940 186 1992 stum
207 1929 346 2010 affirmet,
371 1941 458 2013 atque
475 1929 617 1993 eiusmodi
636 1929 757 1993 verhum
777 1951 844 1994 esse
864 1930 945 2016 tingit
964 1931 1038 2015 quod
1057 1930 1086 1993 iu
1104 1929 1267 2015 prolatione

109 2029 262 2111 consistite
287 2033 410 2095 eundem
434 2053 523 2116 porro
543 2053 610 2096 esse
628 2054 644 2095 a
659 2029 757 2096 Maria
781 2031 927 2118 coepisse.
974 2033 1019 2098 Ac
1037 2053 1112 2118 quac
1129 2033 1223 2096 sacris
1238 2033 1267 2094 in

108 2133 204 2198 literis
226 2135 261 2196 de
284 2155 320 2198 eo
345 2135 531 2220 pronuntiata
555 2146 640 2211 sunt,
673 2135 868 2221 praedicentis
893 2157 961 2200 esse
981 2158 1063 2201 more
1084 2136 1179 2216 dicta,
1203 2155 1267 2198 curn

108 2237 172 2324 ipse
193 2238 319 2301 nondum
339 2239 495 2315 existeret,
520 2239 571 2301 sed
588 2235 731 2315 chinric,
757 2235 796 2300 uti
813 2238 952 2318 diximus,
977 2250 1006 2302 ct
1023 2239 1059 2302 ah
1074 2261 1110 2304 eo
1126 2239 1269 2303 duntaxat

111 2351 325 2426 temporeque
350 2361 439 2404 earne
462 2340 612 2426 praeditus
634 2340 754 2404 aduenit
776 2360 843 2404 esse
866 2343 1008 2426 coeperit.

198 2440 239 2506 ΙΙ.
284 2439 464 2520 Manichaei,
490 2464 562 2526 quos
579 2453 608 2506 et
622 2443 783 2506 Acuanitas
800 2455 918 2522 vocent,
942 2441 1041 2510 Manis
1055 2442 1166 2508 Persae
1183 2444 1269 2509 disci·

110 2545 183 2632 puli.
227 2541 381 2610 Christum
400 2546 520 2630 figuram
541 2547 684 2629 quandam
701 2565 767 2609 esse
786 2545 954 2624 detendunt,
981 2544 1081 2610 Solem
1094 2545 1268 2631 Lunamque

109 2658 305 2714 venerantur.
353 2645 455 2712 Steiiis
479 2669 512 2712 ac
530 2648 686 2712 virtutihus
704 2659 734 2710 ct
754 2647 943 2711 daemonibus
964 2649 1136 2734 supplicant.
1183 2646 1267 2714 Sem·

108 2752 226 2838 piterna
252 2750 309 2814 duo
334 2751 492 2836 principia,
523 2751 629 2815 honum
656 2773 692 2814 ac
718 2750 840 2830 maium,
872 2751 1065 2817 coristituuut.
1120 2749 1268 2818 Christum

109 2855 317 2940 specietenus
341 2855 529 2940 apparuisse,
554 2855 710 2939 specieque
734 2867 818 2916 tenus
843 2874 909 2917 esse
933 2875 1062 2939 passum.
1109 2852 1204 2919 Vetus
1227 2866 1269 2918 te-

110 2966 307 3035 stamentum,
340 2977 463 3041 eumque
490 2957 537 3042 qui
567 2957 596 3019 iu
625 2954 675 3019 illo
703 2957 818 3020 locutus
845 2967 908 3034 est,
940 2957 1103 3022 maledictis
1132 2968 1267 3021 onerant.
1360 2973 1365 2980 '

108 3056 256 3122 Mundum
286 3081 344 3122 non
371 3059 540 3123 uuiversum
568 3079 584 3122 a
610 3059 682 3140 dcc,
714 3060 766 3123 sed
789 3059 852 3123 eius
879 3069 989 3144 partem
1013 3059 1179 3123 fabricatam
1203 3081 1270 3124 esse

109 3171 258 3227 statuunt.
547 3245 550 3252 Ι

199 3260 256 3327 ΙΙΙ.
295 3262 450 3328 Hieraciae
467 3265 503 3328 ah
522 3264 649 3328 {hierace
666 3265 827 3350 interprete
843 3285 878 3327 ac
895 3265 1016 3327 doctore
1033 3264 1156 3348 quodam
1171 3262 1271 3328 Leon·

110 3367 222 3453 topnli,
252 3367 327 3451 qnod
350 3368 479 3453 Aegypti
505 3367 640 3453 oppidum
664 3379 728 3446 est,
760 3367 895 3430 omnnio.
942 3363 1001 3450 Qui
1024 3368 1270 3432 resurrectionem

109 3469 214 3533 caruis
238 3470 361 3555 respuit.
409 3469 536 3536 Utuntur
565 3469 605 3533 ihi
632 3468 727 3533 veteri
753 3490 786 3532 ac
813 3491 891 3532 novo
919 3479 1106 3532 testamento.
1153 3467 1272 3553 Nuptiis

111 3573 232 3658 penitus
261 3571 450 3636 interdicunt.
502 3571 667 3636 Monachus
695 3582 724 3634 et
749 3571 879 3655 virgines
905 3572 1090 3635 continentes
1112 3591 1146 3634 ac
1168 3570 1272 3633 viduos

110 3673 283 3738 admittunt.
329 3672 443 3739 Pueros
461 3687 575 3740 matura
591 3674 718 3738 nondum
737 3683 833 3737 aetate
853 3673 936 3757 regni
957 3674 1095 3737 coelestis
1116 3673 1272 3758 participes

111 3797 183 3842 esse
208 3787 333 3862 negant,
358 3779 435 3862 quod
458 3780 585 3843 nondum
609 3776 770 3841 certamine
793 3777 937 3860 perfuncti
960 3789 1040 3840 sunt.

201 3875 258 3943 lV.
304 3878 458 3946 Meletiani
476 3881 642 3946 schismatis
660 3881 689 3944 iu
706 3879 862 3964 Aegypto,
888 3900 945 3942 non
962 3879 1093 3942 haeresis
1109 3878 1205 3942 locum
1222 3877 1274 3941 oh-

110 3983 223 4046 tineut.
268 3981 328 4066 Qui
347 4005 411 4047 cum
428 3985 485 4047 ittis
502 4005 620 4069 precum
639 3981 845 4047 communione
867 3981 1005 4065 coniungi
1026 3981 1200 4061 noluerunt,
1226 3983 1274 4065 qui

109 4086 142 4149 iu
167 4087 375 4171 persecutione
398 4086 471 4172 lapsi
494 4097 573 4150 eunt.
619 4083 708 4149 Nurrc
731 4105 762 4146 ee
786 4085 821 4148 ad
845 4083 977 4149 Arianos
1001 4095 1211 4168 aggregarunt.

145 4308 174 4362 6.
191 4311 228 4361 no
250 4313 271 4358 et
287 4311 319 4360 to.
333 4313 444 4362 Domum.
480 4311 528 4361 Sed
543 4311 567 4362 tn
582 4314 678 4372 utroque
746 4311 771 4360 a.
789 4302 938 4369 ἀθετοῦντες
954 4310 989 4360 Ιο.
1004 4310 1117 4360 Demere.

111 4381 215 4440 sertam
229 4380 388 4440 reponendum
405 4373 495 4446 σχῆμά
511 4395 543 4432 τι.
747 4376 772 4428 9.
789 4373 871 4444 χήρας
887 4380 1041 4429 tuttcnmse.
1067 4379 1101 4440 Cf.
1117 4377 1275 4442 merone,

145 4445 171 4497 7.
191 4447 288 4506 thipsa
302 4449 583 4510 Epiphontopternmqne
598 4448 679 4508 uppet-
713 4449 754 4496 ubt
768 4447 838 4496 dmm
853 4451 916 4496 estut
947 4443 1009 4512 ἤρα.

111 4517 180 4566 tetur
193 4505 325 4580 Ἱέρακαςς
343 4515 384 4564 sert
398 4520 420 4565 et
432 4510 514 4582 Ἱέραξ
530 4516 594 4567 haer.
605 4513 678 4576 ὁδῶ.
751 4515 787 4568 10.
806 4463 959 4581 hocsemii,
976 4519 1070 4579 curque
1084 4517 1276 4580 manserimus.
