3176 4930
329 245 391 309 316
756 259 879 312 amen
896 259 1065 312 τειειειειιι

328 372 381 441 τόν
397 377 595 462 Παράδεισον.
644 375 683 442 Τό
706 375 776 462 γάρ,
802 373 880 442 Οέδιι
895 374 1065 463 άρπαγέντα
1080 375 1132 444 τόν
1148 383 1285 444 ταισῶτον
1305 379 1364 455 ἕως
1384 382 1486 464 τρίτου

329 477 480 562 ούρανοῦ,
502 482 585 554 ίδίως
605 479 798 560 ἀποκάλυψιν
819 479 902 567 αὐτῷ
924 479 999 546 κατά
1017 479 1070 545 τόν
1092 484 1190 564 τρίτον
1210 479 1413 564 ἇναληφθέντι
1433 505 1487 546 κε·

329 582 456 663 φηνέναι
473 583 637 664 συνίστησι·
658 581 692 648 τό
709 583 758 662 δέ,
783 584 843 648 Καὶ
859 579 944 662 οίδα,
966 581 1056 648 πάλιν
1069 580 1300 668 ἐπιφερόμενον,
1322 580 1374 649 τόν
1386 591 1488 649 τοιού-

329 709 381 748 τον
396 681 574 768 ἄνθρωπον,
597 687 653 749 είτε
672 687 703 751 έν
719 683 848 768 σάματι,
870 689 926 752 είτε
944 683 1029 761 ἐκτός
1046 692 1101 750 τού
1120 683 1270 768 σώματος,
1292 688 1335 762 είς
1349 685 1400 752 τόν
1419 691 1488 750 Πα-

329 784 481 868 ράδεισον,
511 788 611 870 έτέραν
637 780 730 863 αύθις
756 787 840 876 αύτῷ
862 795 1094 874 πεφανερῶσθαι
1120 786 1195 852 κατά
1219 785 1273 854 τόν
1296 787 1489 873 Παράδεισοκ

329 888 523 968 ἀποκάλυψιν
540 893 678 955 δείκνυσι.
726 888 899 976 Τερετισμός
916 883 972 956 σύν
987 893 1048 956 ἐστι
1062 892 1113 956 καί
1126 895 1330 976 τραγικολογία
1344 888 1378 956 τό
1393 917 1488 956 κατα.

328 990 490 1073 βάλλεσθαι
506 993 598 1076 λίγειν
612 989 667 1068 τάς
686 990 787 1076 ψυχάς
803 995 836 1058 ἐπ
852 999 912 1059 τῶν
927 992 1079 1078 ούρανῶν,
1101 994 1152 1058 καλ
1172 996 1338 1078 διαβαίνειν
1353 1001 1408 1058 τού
1425 1021 1487 1059 πυ·

207 1120 258 1165 ηις.
270 1109 315 1156 σεε
330 1091 384 1178 ρδς
398 1091 453 1168 τάς
475 1091 573 1178 πηγάς
593 1097 645 1160 καί
663 1093 699 1158 τά
716 1093 810 1161 ύδατα
827 1093 864 1160 τά
882 1093 957 1180 ύπλρ
977 1093 1012 1159 τά
1036 1102 1115 1160 νῶτα
1133 1101 1187 1160 τοῦ
1207 1094 1417 1182 στερούματος,
1443 1101 1489 1172 είς

328 1193 381 1260 τόν
399 1193 471 1261 καθ’
486 1193 565 1277 ήμάς
582 1198 748 1282 φερομένας
763 1196 885 1281 κόσμον.
924 1198 1010 1263 Ἐπεὶ
1029 1198 1102 1280 μηδέ
1125 1194 1144 1263 ό
1157 1197 1255 1279 Ἀδάμ
1269 1201 1302 1264 έιι
1317 1204 1376 1263 τῶν
1391 1199 1489 1284 ούρα-

327 1305 390 1364 νῶν
410 1297 570 1381 ἐξεβλήθη,
595 1296 665 1364 άλλά
683 1298 745 1365 άπύ
767 1308 822 1365 τού
843 1299 918 1366 κατά
937 1299 1081 1376 δινατολάς
1103 1303 1135 1366 ἐν
1152 1298 1238 1383 Ἐδέμ
1259 1303 1489 1384 πεφυτευμένον

331 1404 529 1485 Παραδείσου.
577 1398 622 1465 Ού
639 1398 695 1487 γάρ
712 1400 770 1483 πρό
788 1409 842 1485 τῆς
863 1402 1096 1485 ένσωματῶσεως
1110 1401 1143 1469 τό
1160 1401 1362 1489 παράπτωμα,
1383 1403 1489 1469 καθά-

329 1527 383 1588 περ
400 1506 548 1586 ἐδείξαμεν
567 1507 692 1582 ίκανῶς,
716 1503 780 1570 οὐδ’
797 1504 869 1570 αύτδ
887 1514 973 1589 σῶμα
995 1509 1085 1592 παγίς
1105 1513 1209 1583 τοῦτο,
1239 1504 1312 1570 ἄλλά
1335 1504 1406 1588 μετά
1425 1507 1490 1590 τήν

328 1607 370 1680 είς
387 1603 420 1671 τό
439 1613 525 1688 σῶμα
544 1606 695 1688 σύμφυσιν
717 1615 770 1690 τῆς
791 1615 891 1692 ψυχῆς
911 1615 1021 1694 γίνεται
1039 1607 1074 1674 τύ
1097 1607 1299 1694 παράπτωμα,
1327 1607 1374 1674 δτι
1394 1616 1489 1676 τοῦτο

328 1706 554 1794 συναμφότερον
572 1706 590 1774 ό
606 1707 784 1795 ἅνθρωπος,
806 1709 892 1793 καλή
908 1714 940 1778 έκ
959 1719 1013 1778 τού
1029 1715 1218 1797 Παραδείσου
1232 1709 1419 1788 κατάπαυσις
1436 1715 1489 1777 έν-

326 1809 414 1876 θάδε.
456 1808 490 1875 ‘0
506 1812 537 1876 δὲ
555 1811 630 1888 δ’λως
645 1812 683 1880 ού
700 1814 857 1898 προςέσχεν
872 1815 1105 1900 ἐπιμελέστερον,
1125 1811 1313 1899 Ἀγλαοφῶν,
1335 1821 1376 1902 τῷ
1392 1812 1486 1903 λόγῳ,

328 1912 400 1977 άλλά
423 1915 580 1980 διετείνατο
605 1917 671 2000 περὶ
695 1915 878 2002 πραγμάτων
896 1919 1049 2000 διανόησιν
1070 1916 1127 1982 ούκ
1148 1914 1274 2000 ἐχόντων
1294 1919 1487 2001 ἐπιχείρησιν,

326 2012 402 2080 κατά
417 2015 470 2092 τάς
487 2015 576 2094 δόξας
592 2017 793 2103 ἐξηγήσασθαι
808 2027 869 2084 τῶν
883 2020 1007 2099 φαύλων
1019 2016 1071 2084 τόν
1090 2016 1229 2101 Ψαλμῶν,
1250 2021 1318 2104 περλ
1335 2011 1378 2084 ῶν
1391 2020 1488 2104 λέγειν

327 2121 416 2183 πλείω
438 2116 617 2202 παρήσομεν.

183 2333 250 2404 Κεφ
265 2332 318 2404 μή.
415 2323 566 2408 Βούλομαι
583 2322 655 2410 γάρ,
678 2325 781 2408 ἐπειδή
796 2326 875 2404 άπαξ
890 2329 932 2402 είς
951 2325 983 2392 τδ
998 2329 1157 2392 διευδύναι
1171 2324 1226 2409 τήν
1243 2330 1412 2410 μοχθηρίαν
1429 2325 1488 2390 αύ-

326 2435 387 2492 τῶν
402 2426 523 2510 ἥκομεν,
547 2427 762 2514 άπογυμνῶσαι
775 2431 826 2494 καί
840 2429 949 2512 ταύτης
962 2429 1066 2506 αὐτοῖς
1078 2437 1130 2512 τῆς
1144 2433 1326 2512 προφητείας
1339 2426 1394 2510 τήν
1407 2427 1486 2512 πρό·

327 2553 427 2610 φασιν.
466 2531 668 2614 Ἐδοκίμασας
683 2529 762 2613 ήμδς
780 2529 798 2597 ό
813 2530 900 2611 θεός,
925 2535 976 2596 καί
991 2531 1147 2614 ἐπύρωσας
1161 2529 1254 2614 ἡμᾶς,
1277 2528 1318 2607 ῶς
1335 2521 1487 2614 πυροῶται

326 2631 359 2698 τό
379 2631 529 2719 άργύριον.
574 2636 814 2716 Δοιιιμασθέντες
832 2639 962 2720 διαρκῶς
979 2638 1011 2700 οί
1024 2633 1169 2720 μάρτυρες
1186 2637 1218 2699 ἐν
1236 2643 1301 2710 ταῖς
1318 2631 1394 2699 κατὰ
1412 2631 1485 2708 τούς

327 2734 509 2818 πειρασμούς
522 2743 581 2801 τῶν
596 2734 734 2818 βασάνων
752 2741 932 2822 προςβολαῖς
951 2735 999 2818 (τά
1017 2735 1109 2802 πολλά
1125 2734 1181 2822 γάρ
1195 2739 1237 2812 τίς
1251 2733 1305 2818 τήν
1319 2733 1391 2802 καθ’
1404 2733 1485 2818 ήμῶς
1578 2766 1579 2782 ι

326 2840 361 2902 αδ
384 2849 560 2923 προφητεῖαι
586 2844 683 2906 πίστιν
707 2847 917 2926 πληροῦνται),
946 2841 998 2904 καί
1022 2837 1150 2922 εύσεβῶς
1172 2841 1224 2904 καὶ
1248 2839 1484 2924 ἐρρωμενέστατα

327 2939 541 3023 διαθλήσαντες
555 2940 755 3028 εὐχαριστοῦσι
769 2941 814 3021 τό,
835 2941 1032 3024 Ἐδοκίμασας
1046 2939 1133 3026 ήμάς,
1149 2943 1281 3027 λέγοντες
1292 2947 1333 3029 τῷ
1347 2947 1421 3028 θεῷ,
1438 2939 1483 3016 δς,

324 3047 376 3109 ἵνα
391 3041 446 3126 τήν
459 3042 549 3121 δόξαν
564 3043 633 3130 παρ’
648 3043 729 3134 αύτῷ
741 3044 905 3128 κτήσωνται
921 3048 1048 3126 μείζονα,
1071 3045 1121 3110 διά
1133 3051 1247 3110 πολλῶν
1259 3040 1372 3118 αύτούς
1384 3041 1483 3127 ἤλεγξε

325 3144 443 3224 πόνων,
464 3144 517 3211 τόν
534 3145 655 3230 άληθῶς
671 3145 871 3230 Ὀλυμπιακύυ
890 3147 992 3233 άγῶνα
1011 3154 1129 3230 νικήσαι
1146 3151 1296 3232 προςθείς.
1341 3147 1403 3210 Καὶ
1421 3147 1483 3210 ἐπι-
1577 3201 1578 3208 ,

325 3250 481 3328 σκέψασθε
498 3246 540 3326 ῶς
556 3249 672 3326 τούτοις
688 3248 809 3339 συνφδά
828 3257 932 3331 σαφῶς
953 3258 1016 3326 τοῖς
1034 3247 1134 3334 λόγοις
1154 3251 1223 3334 περί
1244 3255 1304 3314 τῶν
1325 3247 1484 3333 μαρτύριον

325 3351 376 3416 καί
393 3347 411 3416 ό
427 3351 571 3435 Σολομῶν
588 3353 808 3438 άναφθέγγεταε
831 3351 881 3433 (ού
906 3349 961 3438 γάρ
980 3350 1151 3437 άμάρτυρος
1172 3348 1295 3436 ύλόγος
1316 3352 1368 3416 καλ
1389 3348 1484 3416 άλλυν

325 3461 477 3540 γραφῶν),
499 3453 561 3533 δτι,
589 3453 623 3519 Ὁ
645 3453 719 3530 θεός
740 3457 891 3539 ἐπείρασεν
915 3453 1044 3532 αὐτούς,
1072 3457 1123 3519 καί
1146 3445 1232 3538 εὗρεν
1251 3450 1363 3530 αύτούς
1384 3451 1484 3532 άξίους

325 3560 445 3636 ἑαυτοῦ,
469 3553 509 3633 ῶς
522 3556 632 3642 χρυσόν
649 3561 681 3624 ἐν
696 3563 880 3644 γωνευτηρίιμ
897 3559 1071 3639 ἐδοκίμασεν
1087 3553 1213 3635 αύτούς,
1234 3557 1286 3621 καλ
1303 3551 1345 3631 σός
1360 3553 1483 3636 δλοιιάρ-
1576 3601 1577 3628 η

325 3687 415 3742 πωμα
439 3659 566 3736 εύωδίας
588 3663 780 3744 προςεδέξατο
798 3658 926 3738 αύτούς,
947 3661 998 3724 καί
1018 3661 1050 3723 ἐν
1070 3665 1165 3746 καιρῷ
1185 3661 1352 3740 ἐπισκοπῆς
1373 3657 1482 3735 αὐτῶν,

326 3762 461 3848 πρόσθεν
483 3761 591 3840 είπῶν,
616 3765 676 3826 Καί
695 3762 750 3847 γάρ
771 3761 824 3828 ἐάν
842 3765 873 3828 ἐν
891 3760 964 3844 ὄψει
982 3759 1156 3846 άνθροόπων
1175 3767 1382 3840 κολασθῶσιν,
1404 3757 1483 3844 ήίλ-

324 3869 377 3942 πλς
400 3864 499 3931 αύτῶν
523 3863 691 3939 άθανασίας
713 3862 843 3948 πλήρης,
865 3866 917 3929 ιιαί
935 3863 1018 3949 ὀλίγα
1039 3864 1251 3939 παιδευθέντες
1272 3861 1384 3948 μεγάλα
1406 3861 1483 3946 εύερ-

325 3967 551 4052 γετηθήσονται.
594 3965 678 4031 Ἀλλά
694 3969 743 4032 καὶ
761 3969 792 4032 ἐν
808 3974 849 4054 τρδ
865 3965 928 4051 ρκγ’
954 3973 1066 4054 Ψαλμρῖ
1080 3963 1113 4031 τό
1129 3967 1299 4050 είρημένον,
1322 3967 1367 4030 Et
1380 3964 1423 4048 μή
1440 3964 1482 4030 δτι
1575 4017 1576 4020 ¹

324 4069 430 4155 κύριος
445 4063 485 4153 ήν
502 4073 535 4136 ἐν
552 4067 623 4152 ἡμῖν
639 4071 670 4134 ἐν
683 4077 724 4159 τῶ
742 4071 940 4151 ἐπαναστήναι
955 4066 1140 4150 άνθροίπους
1157 4065 1204 4148 ἐφ’
1222 4064 1318 4150 ἡμᾶς,
1340 4065 1401 4150 ἄρα
1415 4075 1481 4147 ζῶν-
1575 4133 1576 4170 ἕ

326 4197 378 4248 τας
393 4171 430 4238 ῶν
445 4175 585 4238 κατέπιον
599 4169 691 4256 ήμᾶς·
712 4171 891 4258 χειμάρρουν
905 4174 1026 4254 διῆλθεν
1040 4168 1061 4253 ή
1075 4167 1157 4255 ψυχή
1172 4167 1268 4253 ήμῶν,
1290 4167 1349 4254 άρα
1364 4175 1482 4252 διῆλθεν

327 4271 348 4356 ή
370 4275 452 4356 ψυχή
474 4272 560 4356 ήμῶν
582 4274 615 4340 τύ
636 4273 718 4358 ύδωρ
739 4272 772 4340 τό
796 4273 1016 4340 άυυπόστατον·
1044 4271 1199 4358 εύλογητδς
1221 4271 1342 4357 κύριος,
1372 4272 1408 4348 ὃς
1429 4269 1480 4338 ούιι

327 4377 436 4442 έδωκευ
453 4373 532 4457 ήμῶς
548 4379 589 4453 είς
605 4377 705 4464 θήραν
724 4386 788 4452 τοῖς
806 4374 925 4442 όδοῦσιν
944 4376 1057 4442 αύτῶν·
1079 4373 1100 4459 ή
1117 4375 1199 4458 φυγή
1215 4371 1299 4458 ήμῶν
1318 4371 1361 4450 ῶς
1379 4397 1478 4460 στρου-

326 4483 397 4544 θίον
412 4475 545 4563 ἐρρύσθη
561 4481 594 4544 ἐκ
607 4487 659 4562 τῆς
674 4483 799 4566 παγίδος
813 4486 871 4544 τῶν
883 4478 1090 4565 θηρεοόντων·
1111 4477 1132 4561 ή
1147 4480 1236 4563 παγίς
1251 4481 1415 4565 συνετρίβη,
1431 4477 1477 4540 καί
