3168 4926
351 213 393 280 68
773 221 895 276 sanem
911 223 1084 275 εειειειαιι
1203 258 1206 266 ,

351 340 523 426 ἐνενήκοντα
537 347 592 426 τῆς
606 341 714 407 ἐαυτοῦ
729 345 819 423 ζωῆς,
842 338 914 422 μετά
931 337 985 423 τήν
1001 335 1096 406 αὐτοῦ
1109 335 1170 404 άπδ
1185 329 1239 422 τῆς
1257 335 1383 422 Πάτμου
1399 337 1506 406 ίττάνο-

352 452 422 526 δον,
443 442 496 529 τήν
513 446 562 510 ίπί
577 445 731 508 Κλαυδίου
746 443 905 529 γενομένην
920 447 1080 528 Καίσαρος.
1125 443 1186 508 Kal
1200 440 1272 524 μετά
1286 439 1374 507 ίιιανά
1389 443 1440 526 ἐτη
1452 449 1507 507 τοῦ

351 553 505 634 διατρίψαι
521 544 612 612 αὐτόν
632 543 715 611 ιάπδ
731 551 783 628 τῆς
795 541 893 622 Ἀσίας
908 542 1099 631 ἀναγκάζεται
1111 545 1260 610 ἐκθέσθαι
1276 542 1308 610 τό
1323 541 1505 630 εάαγγέλιον·

351 654 402 718 καί
426 649 484 718 οῦκ
506 641 545 732 ἦν
565 645 647 737 αὐτῷ
666 651 747 734 χρεία
768 649 835 733 περὶ
856 654 909 732 τῆς
928 647 1073 734 ἐνσάρτιου
1093 651 1290 734 πραγματείας
1309 653 1507 732 λεπτολογεῖν,

353 752 422 836 (ἤδη
442 750 498 839 γάρ
516 749 702 834 ήσφάλιστο),
726 747 796 814 άλλά
809 747 850 826 οἷς
862 749 988 817 κατόπιν
1003 757 1091 818 τινοῖν
1107 754 1219 838 βαίνων
1231 750 1282 815 καὶ
1300 747 1380 834 δρῦν
1396 747 1508 826 αῦτοδς

350 858 400 922 ἐπὶ
415 854 451 919 τά
467 858 636 939 ἔμπροσθεν
647 850 739 928 όντας
753 854 805 917 καὶ
818 854 869 918 ἐπί
880 850 916 917 τά
930 851 1091 938 τραγότερα
1103 850 1228 928 ίαυτοδς
1241 853 1442 930 ἐκδεδωκότας
1454 854 1507 918 ιιαλ

350 956 463 1034 πλάνας
478 958 530 1022 καὶ
548 953 728 1038 άκανθοίδη,
750 953 998 1030 ,άνακαλίσαοθαι
1015 953 1126 1031 αότοδς
1144 957 1186 1032 εἰς
1205 951 1326 1020 εῦθεῖαν
1343 952 1415 1021 όδδν
1433 981 1506 1040 προ·

349 1067 491 1136 νοοῦντος
506 1060 558 1125 καλ
573 1056 805 1140 άσφαλιζομένου
828 1057 1146 1144 θέπικηρυκετίοασθαι
1165 1054 1283 1134 αῦτοῖς,
1313 1067 1443 1138 κατεῖπε,
1471 1063 1509 1123 Τί

349 1169 516 1240 πλανᾶσθες
545 1170 601 1227 ποῖ
613 1162 771 1246 τρέπεσθες
798 1169 853 1226 ποῖ
866 1169 1034 1240 πλανᾶσθε,
1059 1159 1210 1245 Κήρινθε,
1238 1163 1288 1225 καί
1304 1157 1425 1243 Έβίων,
1454 1161 1507 1225 καλ

350 1269 381 1332 ολ
391 1264 486 1343 άλλοις
508 1261 564 1330 οόκ
578 1265 656 1330 ἐστιν
669 1262 764 1341 οότως
781 1260 822 1339 οἱς
833 1269 969 1346 νομίζετε.
1016 1265 1080 1328 Ναλ
1094 1263 1239 1350 ἐγεννήθη
1253 1261 1272 1328 ό
1286 1260 1415 1347 Χριστός
1428 1260 1506 1328 κατά

349 1366 459 1454 σάρκα,
482 1369 580 1450 δῆλον.
622 1362 706 1432 Ἰδοδ
721 1363 792 1452 γάρ,
815 1363 903 1442 αῦτδς
916 1361 1049 1452 δμολογοδ
1070 1365 1116 1431 ότι
1139 1363 1157 1432 ό
1177 1364 1264 1452 λόγος
1284 1363 1356 1447 σάρξ
1374 1367 1505 1450 ἐγένετο·

349 1468 421 1537 ἄλλά
439 1467 480 1552 μή
498 1467 577 1546 ἐξότε
593 1469 703 1554 ἐγίνετο
721 1466 808 1554 σάρξ,
830 1472 967 1551 νομίσητε
984 1467 1036 1534 τόν
1053 1465 1143 1534 αὐτόν
1160 1465 1243 1535 εἶναι.
1288 1465 1354 1534 Οῦκ
1371 1469 1431 1532 ἐστι
1447 1466 1506 1554 γάρ

350 1570 409 1637 άπό
426 1570 538 1656 χρόνων
552 1575 676 1656 Μαρίας
691 1568 793 1653 μόνον,
817 1567 857 1646 οἷς
870 1572 993 1647 ἕκαστος
1005 1567 1091 1654 ήμῶν
1106 1567 1158 1652 ἀφ’
1171 1569 1242 1636 ὅτου
1257 1577 1394 1657 γεννᾶται
1407 1566 1506 1654 άπάρ·

349 1699 408 1759 χει,
428 1675 500 1758 πρὶν
515 1674 548 1740 δέ
562 1681 616 1740 τοῦ
631 1681 828 1759 γεννηθῆναι,
850 1670 905 1738 οῦκ
924 1670 1013 1738 εἶναι·
1045 1671 1064 1739 ό
1079 1674 1111 1739 δὲ
1129 1672 1213 1759 άγιος
1227 1671 1302 1749 θεός
1315 1671 1417 1758 λόγος,
1438 1670 1509 1749 υἱός

348 1783 402 1842 τοῦ
416 1783 492 1842 θεοῦ
512 1774 641 1862 Χριστός
654 1775 758 1861 πόριος
774 1772 855 1858 ήμῶν
865 1773 993 1858 Ἰησοῦς,
1016 1773 1071 1841 οῦκ
1086 1777 1164 1842 ἔστιν
1178 1773 1238 1841 άπό
1253 1773 1367 1860 χρόνων
1379 1779 1508 1857 Μαρίας

348 1876 455 1962 μόνον,
484 1875 551 1943 οὔτε
569 1875 628 1944 dud
646 1877 757 1964 χρόνων
773 1876 888 1962 Ἰωσήφ
907 1876 1016 1960 μόνον,
1045 1876 1112 1945 οὔτε
1127 1875 1206 1958 Ἠλὶ,
1234 1875 1302 1944 ου”τε
1321 1878 1414 1956 Λευλ,
1437 1875 1507 1942 οὔτε

352 1978 539 2064 Ζοροβάβελ,
562 1978 630 2046 οῦτε
644 1979 813 2063 Σαλαθιήλ,
835 1977 903 2046 οὔτε
918 1979 1046 2062 Νάθαν,
1068 1978 1135 2046 οὔτε
1150 1982 1251 2065 Δαβλδ
1259 2030 1267 2060 ,
1289 1978 1358 2045 οῦτε
1372 1975 1432 2044 άτιδ
1445 1976 1505 2044 Ἰα-

348 2079 429 2165 κοίβ,
452 2079 519 2148 οὔτε
538 2079 597 2147 άπδ
613 2079 731 2162 Ἰσαάκ,
754 2081 821 2150 οίίτε
839 2079 897 2149 άπδ
913 2081 1028 2170 χρόνων
1043 2088 1099 2149 τοῦ
1112 2079 1220 2165 Ἀδάμ,
1243 2080 1310 2148 οῦτε
1326 2088 1415 2161 Νῦε,
1437 2081 1506 2148 οῦτε

348 2179 498 2269 Ἁβραάμ,
521 2182 589 2250 οὔτε
606 2182 665 2250 άπό
683 2192 738 2268 τῆς
752 2186 886 2268 πέμπτης
901 2182 1029 2270 ήμίρας,
1051 2183 1120 2251 οίίτε
1137 2183 1195 2250 άπδ
1213 2191 1266 2266 τής
1282 2181 1419 2268 τετάρτης
1436 2181 1507 2266 ήμέ-

347 2311 417 2372 ρας,
447 2285 515 2354 οὔτε
531 2284 590 2352 άπδ
606 2294 660 2371 τῆς
674 2293 788 2373 τρίτης,
811 2286 879 2354 οὔτε
895 2285 954 2353 άπδ
970 2296 1024 2372 τῆς
1039 2289 1191 2372 δευτέρας,
1214 2284 1283 2353 οῦτε
1297 2288 1399 2363 ἐξότου
1415 2284 1505 2371 οῦρα-

348 2386 400 2464 νδς
418 2391 470 2456 καὶ
490 2386 512 2472 ή
535 2396 573 2477 γῆ
587 2391 754 2476 γεγένηται,
783 2388 851 2457 οὔτε
866 2386 1001 2469 ἐξότουό
1018 2389 1143 2473 κόσμος,
1166 2387 1253 2468 άλλά,
1279 2386 1328 2456 Ἐν
1343 2385 1419 2478 άρχή
1434 2382 1506 2471 ήνδ

347 2489 448 2576 λόγος,
478 2494 530 2558 καλ
549 2490 567 2558 ό
582 2490 668 2578 λόγος
682 2486 721 2577 ἦν
735 2491 812 2578 πρός
824 2491 877 2558 τδν
894 2491 984 2572 θεόν,
1013 2495 1064 2558 καλ
1078 2491 1152 2570 θεός
1170 2485 1209 2574 ἦν
1224 2489 1242 2556 δ
1257 2489 1351 2576 λόγος.
1397 2491 1505 2556 Πάντα

349 2589 386 2656 δι’
403 2589 497 2658 αὐτοῦ
512 2596 640 2679 ἐγένετο,
672 2597 723 2661 καί
739 2598 835 2680 χωρίς
845 2593 939 2662 αάτοῦ
958 2595 1070 2682 ἐγίνετο
1086 2591 1157 2660 οάδέ
1169 2599 1205 2660 δν
1221 2593 1239 2660 δ
1253 2595 1368 2680 γίγονε,
1399 2596 1453 2660 καλ
1469 2592 1505 2660 τά

348 2695 422 2776 ἐξής.
466 2698 527 2760 Καλ
543 2693 562 2763 ό
576 2695 663 2782 λόγος
679 2695 751 2783 σάρξ
766 2699 893 2783 ἐγίνετο,
915 2699 965 2764 καλ
981 2695 1146 2781 ἐσκήνωσεν
1165 2699 1196 2762 ἐν
1211 2693 1298 2779 ήμῑν,
1320 2698 1370 2761 καλ
1386 2699 1505 2780 εἴδομεν

349 2794 449 2862 αῦτόν.
491 2793 584 2879 Εἶτα,
612 2797 741 2885 Ἐγένετο
767 2797 929 2885 άνθρωπος
946 2797 1161 2883 άπεοταλμίνος
1182 2798 1264 2886 παρά
1283 2805 1376 2877 θεοῦ,
1407 2797 1504 2882 ὄνομα

348 2896 427 2988 αὐτῷ
443 2896 599 2984 Ἰωάννης·
629 2893 718 2979 οδτος
734 2894 826 2986 ἦλθεν
841 2904 883 2979 είς
897 2908 1076 2988 μαρτυρίαν,
1105 2905 1155 2968 ἵνα
1173 2901 1345 2991 μαρτυρήσῃ
1363 2903 1505 2986 περὶτοῦ

347 2998 464 3082 φωτός,
494 3004 545 3068 ἵνα
564 3001 671 3080 πάντες
688 3003 865 3072 πιοιεόοωσι
886 3002 923 3070 δι’
944 3003 1045 3070 αῦτοῦ.
1092 3001 1156 3070 Ουίι
1177 2997 1214 3087 ήν
1235 3007 1347 3080 ἐκεῖνος
1368 3001 1403 3070 τό
1425 3011 1503 3086 φῦς,

346 3099 405 3168 ἄλλ’
422 3107 472 3168 ἰ’να
488 3103 659 3196 μαρτυρήσῃ
675 3109 744 3193 περὶ
757 3113 812 3173 τοῦ
826 3106 935 3190 φωτός.
973 3100 1029 3172 Ἠν
1042 3104 1075 3172 ιδ
1092 3114 1159 3188 φοῑς
1175 3104 1208 3172 τό
1225 3103 1385 3190 άληθινδν,
1407 3105 1425 3171 δ
1439 3133 1503 3187 φω-

346 3209 413 3284 τίζει
428 3203 524 3271 πάντα
539 3203 703 3293 άνθρωπον
720 3208 877 3294 ἐρχόμενον
898 3212 940 3285 είς
960 3206 1013 3275 τόν
1028 3207 1150 3292 κόσμον.
1192 3205 1242 3273 Ἐν
1264 3215 1305 3298 τῷ
1326 3207 1430 3298 κόσμμ
1451 3201 1502 3293 ήν,

345 3303 431 3374 καλό
446 3305 557 3391 κόσμος
571 3306 608 3374 δι’
624 3307 716 3376 αῦτοῦ
733 3313 860 3398 ἐγένετο,
882 3313 935 3377 καί
952 3308 970 3377 ό
986 3309 1097 3394 κόσμος
1114 3308 1204 3377 αῦτόν
1221 3307 1276 3377 οόκ
1291 3313 1382 3396 ἐγνω·
1405 3313 1449 3388 είς
1467 3309 1502 3376 τά

346 3412 408 3476 ίδια
426 3401 517 3493 ήλθε,
545 3412 597 3476 καλ
614 3415 646 3477 οί
662 3415 734 3479 ἴδιοι
752 3411 842 3480 αὐτόν
858 3412 896 3480 οῦ
912 3415 1086 3500 παρέλαβον.
1121 3412 1209 3482 Ὅσοι
1225 3414 1258 3480 δὲ
1274 3414 1382 3496 ἔλαβον
1399 3411 1501 3493 αὐτόν,

225 3533 332 3591 mm.
345 3516 455 3581 ίδωκεν
472 3509 575 3590 αότοῐς
592 3516 727 3592 ἐξουσίαν
741 3518 830 3583 τέιινα
844 3521 921 3582 θεοῦ
934 3516 1087 3603 γενίσθαι·
1118 3519 1150 3582 οἳ
1171 3511 1228 3580 οάτι
1249 3517 1280 3593 ἐξ
1296 3513 1430 3598 αἷμάτων
1450 3518 1501 3582 καὶ
1558 3583 1559 3588 ,

345 3613 469 3704 σαρκός,
491 3612 550 3680 ἄλλ’
565 3617 597 3682 ἐκ
614 3625 690 3682 θεοῦ
707 3617 915 3706 ἐγεννήθησαν.
962 3619 1023 3683 Καί
1039 3614 1057 3684 δ
1072 3617 1160 3705 λόγος
1175 3618 1248 3705 σάρξ
1264 3621 1391 3704 ἐγένετο,
1415 3620 1501 3702 φησλ,
1557 3685 1558 3690 ,

345 3721 404 3802 καὶ,
412 3715 632 3802 κατεσκήνωσεν
656 3721 688 3785 ἐν
710 3718 790 3804 ήμῖν.
832 3718 971 3804 Ἰωάννης
990 3730 1145 3807 μαρτυρεῖ,
1176 3723 1227 3786 καλ
1250 3722 1374 3808 κίκρυγτ
1396 3721 1500 3807 λόγων,
1556 3777 1557 3793 ,

348 3812 443 3898 Οῦτος
463 3813 502 3906 ἦν
523 3819 562 3887 δν
580 3817 665 3886 είπον
684 3817 768 3904 όμῖν·
797 3824 847 3888 καλ
869 3822 930 3903 ὅτι,
958 3820 1008 3889 Ἐκ
1024 3831 1079 3890 τοῦ
1095 3821 1288 3908 πληροίματος
1304 3821 1399 3890 ου’τοῦ
1416 3819 1502 3906 ἡμεῖς
1555 3861 1556 3891 ι

345 3919 451 3999 πάντες
472 3921 621 4008 ἐλάβομεν.
664 3925 726 3990 Καί
744 3925 833 4012 λίγα,
866 3921 933 3992 Οῦκ
951 3927 1011 4009 τίμι
1028 3923 1085 4016 ἐγοδ
1105 3923 1132 3992 ό
1147 3923 1289 4014 Χριστός,
1320 3922 1392 3991 άλλά
1410 3923 1501 4008 φωνή
1554 3947 1555 3987 ι

345 4023 476 4106 βοῶντος
497 4028 529 4092 ἐν
548 4052 585 4117 τη
606 4023 716 4117 ίρήμρι.

377 4243 438 4297 (λεν.
454 4243 513 4296 xn.
529 4273 563 4286 -
589 4250 611 4302 1.
629 4253 794 4315 Ητμοαεκδνπ
810 4253 903 4306 «ridetur
936 4269 992 4303 οετε
1009 4251 1153 4315 constitnit,
1179 4261 1206 4304 et
1225 4251 1289 4303 dixit
1310 4257 1361 4306 οείλ.
1394 4255 1499 4306 lom·
1551 4197 1552 4277 δ

346 4311 389 4368 ἐπὶ
425 4315 454 4374 ’ς
469 4307 565 4374 Ἄσίας.
934 4325 981 4374 τιατ
995 4337 1024 4374 ιο
1039 4323 1109 4374 verba
1124 4322 1257 4377 τεσσαλαῦε
1271 4326 1322 4376 θαι
1348 4337 1403 4376 αυτ
1423 4337 1498 4374 τετο-
1550 4289 1551 4373 δ

378 4381 403 4433 2.
439 4385 547 4432 οτποτίυε
562 4387 643 4436 verm:
660 4403 778 4437 τετοοττε
793 4385 861 4454 ipsos
875 4386 902 4438 iu
937 4405 993 4439 οντα
1009 4406 1052 4439 eoo
1066 4389 1093 4438 in
1108 4399 1201 4440 rectam
1218 4387 1282 4440 vitm
1298 4399 1401 4456 cuperet
1417 4399 1450 4450 εε,
1471 4399 1497 4442 ut
1549 4385 1550 4469 ή

344 4459 438 4502 rectum
454 4448 520 4504 νίιοι
535 4449 667 4518 cogitavit,
685 4464 712 4506 οε
727 4454 786 4523 ἰριίε
801 4453 903 4523 μετεδί-
937 4466 1006 4510 εοεοτ
1019 4455 1146 4524 redderet,
1159 4457 1305 4512 denuntiare
1319 4457 1362 4512 εἰε.
1389 4461 1452 4512 Nan
1461 4461 1498 4512 τὀ·
