3128 4930
312 217 371 278 140
732 225 855 278 ῦλΝίῖΤλ
871 227 1042 279 ΕΡΙΡΗΑΝΠ

310 350 385 410 θεοῦ
406 345 438 408 έν
462 345 526 432 ίδέμ
549 341 717 427 όνθριόποιι
738 342 803 409 τότε
822 371 862 432 τιμ
849 341 1014 427 Ἅβραύμ
1035 345 1213 427 πεφηνέναι·
1236 347 1413 410 ἐκπίπτουσι
1434 343 1467 408 δὲ

309 448 361 510 καὶ
377 443 464 510 αύτοῖ
477 471 530 510 του
517 447 747 529 ’προκειμένον
783 443 881 510 Οῦ’
843 473 899 530 γαρ
915 472 959 522 τις
973 446 1101 534 ἕαντρῖ”
1082 473 1186 529 ομοιος
1200 446 1370 532 γεννήσεταί
1382 472 1465 512 ποτε·

311 574 353 623 ως
369 545 460 630 έχει
440 577 459 630 η
477 551 546 612 θεία
562 547 663 632 γραφη
681 547 743 626 ότι,
765 545 1013 630 Ἀφωμοιωμένος
1029 575 1070 636 τρι
1056 553 1143 637 νίρῖ
1157 555 1210 614 τοῦ
1232 555 1307 614 θεοῦ
1329 551 1409 630 μένει
1427 552 1466 614 ίε-

309 649 378 734 ρεύς
394 653 436 725 είς
452 676 485 714 το
477 647 641 732 διηνεκές.
690 657 737 738 Τρῖ
753 648 815 715 ῦντι
830 652 862 715 δέ
878 648 896 716 ό
914 649 953 732 μὴ
970 651 1235 736 γενεαλογούμενος
1251 654 1281 729 ἐξ
1298 649 1399 716 αύτοῖν
1414 650 1466 716 τόν

307 747 441 836 Ἀβραύμ
459 751 666 832 δεδεκάτωκεν,
689 753 791 835 έπειδή
808 752 863 837 γόρ
880 751 936 818 ούιι
950 755 980 831 ίξ
996 751 1095 818 αύτοῖν
1110 761 1169 818 τοῖν
1183 751 1350 838 Ἰραηλιτοῖν
1368 778 1466 839 γενεα-

308 863 448 939 λογεῖται,
472 862 681 939 γενεαλογεῖται
699 855 731 919 δὲ
747 857 777 932 έξ
792 854 886 920 ῦλλων
900 853 1081 940 α’νθροῖπων.
1129 854 1248 921 Τούτων
1263 858 1375 922 *ἕνεκα
1391 853 1466 920 πόν-

308 983 367 1022 των
380 955 434 1038 τόν
448 953 618 1038 ύπόμνηοιν
633 955 826 1039 ποιησόμενοι
842 957 892 1022 διό
906 957 959 1040 τὴν
974 961 1085 1042 αῖρεσιν
1099 957 1210 1040 ταύτην
1223 955 1465 1042 ύπεμνήσθημεν,

308 1061 359 1124 καλ
381 1057 421 1134 οός
443 1062 475 1124 έν
496 1058 675 1142 παρεκβάσει
696 1062 764 1143 περὶ
786 1058 899 1124 τούτων
921 1058 1134 1146 διηγησόμεθα.

179 1286 245 1354 Κεφ,
258 1285 293 1354 η’,
394 1267 451 1339 Είς
470 1261 565 1346 ὄνομα
583 1265 615 1328 δέ
629 1263 737 1329 τοῦτον
755 1270 808 1329 τοῦ
825 1266 1002 1346 Μελχισεδέκ
1020 1263 1041 1346 ἦ
1062 1268 1258 1350 προειρημένη
1281 1269 1395 1348 αῖρεσις
1416 1269 1466 1331 καλ

308 1367 362 1442 τός
379 1365 553 1452 προςφορύς
572 1363 728 1452 όναφέρει,
757 1369 808 1431 καὶ
826 1364 917 1432 αὐτόν
940 1365 1014 1432 εῖναι
1038 1369 1196 1454 είςαγωγία
1220 1367 1297 1453 πρός
1317 1367 1371 1433 τόν
1391 1367 1467 1434 θεόν

308 1471 358 1534 καλ
376 1467 413 1535 δι’
431 1467 539 1546 αύτοῦ,
562 1471 653 1551 φησί,
676 1473 723 1534 δεῖ
737 1477 777 1557 τῷ
793 1477 857 1557 θεῷ
879 1472 1072 1555 προςφέρειν,
1095 1469 1141 1534 δτι
1160 1468 1258 1554 ύρχων
1275 1472 1334 1535 έστλ
1351 1475 1466 1536 δικαιο-

308 1571 417 1654 σύνης,
440 1568 484 1636 ἐπ’
501 1569 581 1659 αύτῷ
597 1571 691 1660 τούτῳ
710 1573 907 1647 κατασταθελς
928 1569 988 1637 ύπό
1006 1579 1060 1638 τοῦ
1076 1581 1152 1638 θεοῦ
1169 1575 1202 1637 έν
1219 1569 1352 1660 ούρανρῖ,
1376 1599 1465 1638 πνεν-

308 1673 432 1757 ματικός
458 1701 501 1750 τις
526 1672 583 1752 οῦν,
613 1675 662 1738 καλ
687 1672 753 1749 νίός
778 1680 854 1738 θεοῦ
877 1675 1058 1760 τεταγμένος.
1103 1676 1164 1738 Καὶ
1191 1679 1264 1739 1δεῖ
1283 1672 1362 1756 ἡμᾶς
1384 1673 1464 1763 αύτρῖ

308 1778 500 1861 προςφέρειν,
524 1777 630 1854 φασίν,
653 1779 702 1841 ἵνα
718 1775 755 1841 δι’
771 1773 864 1840 αῦτοῦ
882 1784 1064 1866 προςενεχθῇ
1084 1774 1158 1861 ύπὲρ
1180 1775 1278 1860 ύμιῦν,
1300 1779 1352 1840 καὶ
1371 1776 1463 1860 εῦρω-

308 1903 361 1959 μεν
386 1877 423 1942 δι’
448 1877 541 1942 αύτοῦ
561 1877 645 1960 ζωήν.
693 1880 753 1942 Καὶ
774 1875 901 1961 Χριστός
922 1880 989 1960 μὲν,
1013 1882 1148 1960 Ξφασὶν,
1177 1883 1289 1964 έξελέγη
1311 1883 1362 1944 ῖνα
1384 1877 1464 1960 ἡμεῖς

307 1982 415 2068 καλέσῃ
433 1983 466 2044 έιι
484 1987 599 2044 πολλῶν
615 1978 693 2046 όδοῖν
710 1984 752 2057 είς
764 1986 835 2062 μίαν
854 1979 963 2062 ταύτην
977 1979 1031 2063 τήν
1046 1990 1170 2068 γνῶσιν,
1192 1979 1253 2047 ύπό
1269 1987 1346 2046 θεοῦ
1368 2005 1463 2065 κεχρι-

307 2086 415 2164 σμένος
432 2084 483 2146 καί
500 2081 632 2157 έκλειιτός
648 2082 818 2167 γενόμενος,
842 2082 944 2165 ἐπειδὴ
964 2081 1146 2169 α’πέστρεψεν
1160 2083 1238 2167 ἡμᾶς
1255 2081 1315 2148 α’πό
1333 2083 1463 2148 είδιόλοιν

307 2189 358 2250 καὶ
372 2183 522 2261 ύπέδειξεν
539 2183 609 2266 ἡμῖν
626 2184 679 2267 τὴν
695 2183 775 2250 όδόν.
812 2182 861 2261 Ἐξ
876 2178 969 2269 οὗπερ
989 2183 1006 2251 ό
1025 2184 1188 2263 ἀπόστολος
1204 2185 1378 2261 όποσταλελς
1393 2184 1460 2250 ότιε-

307 2286 441 2370 κόλνψεν
461 2285 533 2370 ἡμῖν
551 2287 595 2352 ὅτι
614 2290 703 2372 μέγας
720 2289 798 2352 ἐστλν
814 2283 831 2351 ό
848 2289 1042 2370 Μελχισεδὲκ,
1064 2291 1115 2353 καλ
1132 2287 1225 2374 ίερεύς
1246 2289 1325 2369 μένει
1346 2291 1388 2364 είς
1410 2289 1462 2352 τόν

308 2393 417 2469 αίοῖνα,
438 2392 504 2469 καλ,
530 2395 671 2474 Θεωρεῖτε
689 2395 812 2473 πηλίκος
834 2382 934 2464 οὗτος·
957 2393 1007 2454 καί
1023 2387 1069 2455 ότι
1084 2389 1115 2456 τό
1134 2393 1256 2456 έλασσον
1274 2393 1305 2455 ίκ
1326 2396 1382 2455 τοῦ
1403 2397 1462 2473 μεί·
1535 2465 1536 2481 ¹

305 2501 388 2571 ζονος
407 2491 582 2580 εύλογεῖται,
604 2493 654 2558 διό
668 2500 772 2572 τοῦτο,
796 2495 885 2575 φησλ,
910 2495 971 2556 Καὶ
989 2492 1041 2558 τόν
1057 2490 1192 2578 Ἅβραύμ
1210 2491 1263 2558 τόν
1279 2491 1461 2576 πατριύρχην
1534 2531 1535 2538 1

305 2593 470 2679 εὐλόγησεν,
493 2594 535 2670 τός
550 2600 654 2677 μείζων
671 2595 725 2660 ε’ῖν·
749 2588 786 2661 ού
806 2593 890 2678 ἡμεῖς
908 2598 992 2676 έσμεν
1009 2593 1126 2678 μύσται,
1149 2595 1232 2670 ὅπως
1247 2593 1378 2678 τύχωμεν
1394 2593 1462 2678 παρ’
1532 2587 1534 2649 s

306 2695 398 2762 αύτοῦ
421 2705 473 2779 τῆς
487 2696 632 2822 εὐλογίας.

169 2807 273 2875 KQ&
393 2797 495 2862 Κατ’
472 2825 512 2873 ως
529 2801 653 2923 μα’τμιος
667 2805 747 2863 πᾶσα
764 2797 941 2882 αίρὲσεων’
920 2827 944 2924 ιχ
957 2799 1082 2864 διύνοια.
1124 2795 1208 2862 Ἰδού
1229 2796 1284 2884 γύρ
1306 2800 1355 2862 ιιαῖ
1378 2796 1460 2862 αῦτοί
1529 2813 1530 2817 ’

184 2887 235 2930 ⁹¹⁸
247 2811 325 2926 ἅθ’
287 2899 520 2984 ηρνήσαντο“
489 2927 541 2966 τον
559 2899 658 2966 αύτοῖν
672 2900 832 2982 δεσπότην,
854 2900 907 2966 τόν
926 2900 1111 2986 ἀγοράσαντα
1131 2899 1241 2975 αύτούς
1259 2908 1299 2988 τῷ
1322 2903 1387 2988 ἰδέω
1411 2897 1459 2964 αύ
1526 2925 1528 2986 {

305 3011 359 3068 τοῦ
382 3007 499 3085 αῖματι,
518 3001 571 3068 τόν
588 3001 643 3068 οῦκ
665 3001 724 3068 ύπο
718 3001 867 3086 Μαρίας
886 3003 1098 3085 έναρξόμενον,
1122 3029 1162 3078 ως
1181 3001 1266 3068 αύτολ
1282 2968 1458 3084 νομίζόνσιν,
1524 3021 1526 3098 J

307 3103 366 3170 ἄλλ’
382 3103 429 3169 δεῖ
444 3104 515 3170 όντα
532 3105 608 3190 πρός
625 3103 677 3170 τόν
698 3108 810 3190 πατέρα
827 3104 902 3170 θεόν
920 3104 1022 3190 λόγον,
1049 3107 1257 3191 γεγεννημένον
1278 3107 1309 3168 έκ
1331 3111 1385 3169 τοῦ
1407 3131 1458 3168 πα·
1522 3121 1524 3208 γ

305 3205 374 3292 τρύς
400 3205 535 3289 α’νόρχως
559 3209 606 3272 καλ
630 3204 776 3291 ύχρόνως,
808 3205 848 3282 οῖς
872 3215 953 3272 πῦσα
975 3207 1076 3291 γραφη
1097 3212 1246 3293 διηγεῖται.
1293 3208 1372 3288 Φησὶ
1394 3205 1457 3292 γύρ,
1520 3215 1522 3266 λ

205 3390 211 3399 Ι
308 3309 485 3390 Ποιήσωμεν
502 3307 665 3394 ῦνθρωπον
685 3307 748 3373 κατ’
768 3307 867 3375 είκόνα
885 3306 1042 3392 ἡμετέραν,
1071 3312 1121 3374 καί
1142 3307 1213 3374 καθ’
1232 3306 1389 3390 όμοίωσιν,
1411 3311 1457 3373 καλ

306 3410 344 3478 ον’
360 3416 402 3497 τῷ
418 3415 604 3494 Μελχισεδέκ.
647 3409 681 3476 ‘0
697 3413 749 3492 μέν
766 3411 822 3496 γύρ
841 3412 934 3494 ῖερεύς
950 3419 1003 3476 τοῦ
1020 3419 1096 3476 θεοῦ
1115 3413 1192 3476 ἐστιν
1212 3419 1267 3475 τοῦ
1283 3409 1413 3489 ύψίστον
1430 3413 1458 3474 έν

307 3629 364 3683 θεν
380 3615 431 3682 ἄπ’
447 3615 578 3700 ούρανοῦ
593 3615 732 3698 καταβάς.
780 3614 826 3681 Οῦ
842 3615 897 3701 γύρ
914 3612 993 3680 είπεν
1007 3614 1028 3697 ἦ
1042 3616 1143 3702 γραφη
1159 3615 1215 3693 ὅτι,
1240 3613 1403 3700 Κατήνεγκε
1419 3621 1455 3698 τῷ

305 3717 438 3804 Ἁβραύμ
462 3718 552 3804 ύρτον
569 3721 619 3782 καλ
638 3715 734 3795 οίνον,
758 3717 844 3794 οἶλλύ,
866 3715 1014 3800 Ἐξέβαλεν
1028 3716 1108 3807 αύτῷ
1126 3743 1155 3782 τε
1173 3721 1224 3782 καῖ
1246 3727 1308 3793 τοῖς
1328 3716 1386 3800 μετ’
1408 3714 1454 3782 αύ·

307 3831 376 3900 τοῦ,
399 3821 440 3898 οῖς
458 3820 517 3887 ύπό
542 3830 601 3886 τιῦν
619 3823 761 3902 βασιλέων
780 3819 999 3902 ύτιοδεξύμενος
1021 3819 1071 3886 τόν
1095 3823 1252 3905 ἐρχόμενον
1270 3819 1454 3905 πατριύρχην,

308 3925 357 3986 καί
373 3923 533 4009 ηῦλόγησεν
549 3921 640 3988 αύτόν
656 3922 706 3987 διό
722 3923 776 4006 τήν
790 3931 958 4006 προςοῦσαν
975 3923 1054 4012 αύτῷ
1072 3922 1273 4004 δικαιοσύνην,
1297 3927 1347 3987 καὶ
1364 3922 1394 3986 τό
1412 3949 1453 3986 ιιι·

308 4021 377 4088 στόν
391 4028 440 4088 καλ
460 4026 491 4090 τό
509 4025 629 4108 εὐλαβὲς
651 4033 704 4091 τοῦ
721 4024 846 4110 ύνδρός,
868 4025 914 4090 ότι
931 4027 961 4089 έν
978 4025 1071 4090 ῦπασι
1089 4027 1283 4107 δοκιμασθεὶς
1307 4028 1340 4090 έν
1361 4021 1452 4090 ούδενλ

309 4127 423 4203 έξίπεοε
438 4134 491 4207 τῆς
507 4127 696 4212 δικαιοσύνης
715 4125 732 4193 ό
750 4128 939 4211 πατριάρχης.
981 4125 1065 4193 ’Λλλύ
1086 4131 1136 4193 καλ
1154 4131 1186 4193 έν
1204 4126 1299 4215 τούτῳ
1320 4125 1453 4211 συνεργόν

341 4313 366 4366 4.
383 4317 560 4366 moriundum
574 4323 674 4368 οιλιῖλεοε
686 4314 865 4380 ύιέιιαῖενρεο
899 4317 1011 4370 haeresin
1036 4318 1188 4369 mentionem
1206 4317 1323 4376 fecimus
1350 4327 1375 4367 τε
1389 4315 1450 4366 velut

307 4383 444 4439 ἕνεκεν·
469 4385 686 4436 Οοιποειιιιντιιῖίι
704 4387 828 4436 horum
807 4403 867 4435 ιοτιε
899 4387 924 4436 in
942 4387 1095 4454 digressione
1113 4386 1146 4436 δε
1160 4387 1199 4438 λιιι
1216 4386 1374 4436 narravimus.

306 4453 404 4522 gratia,
432 4450 541 4502 οτιιιιίιιιτι
561 4451 665 4502 aliorum
683 4464 787 4520 propter
803 4453 867 4504 λιιιισ
