<?xml version="1.0" encoding="UTF-8"?>
<!DOCTYPE html PUBLIC "-//W3C//DTD XHTML 1.0 Transitional//EN"
    "http://www.w3.org/TR/xhtml1/DTD/xhtml1-transitional.dtd">
<html xmlns="http://www.w3.org/1999/xhtml" xml:lang="en" lang="en">
 <head>
  <title>
</title>
<meta http-equiv="Content-Type" content="text/html;charset=utf-8" />
  <meta name='ocr-system' content='tesseract 3.04.00' />
  <meta name='ocr-capabilities' content='ocr_page ocr_carea ocr_par ocr_line ocrx_word'/>
</head>
<body>
  <div class='ocr_page' id='page_1' title='image "./corporishaerese02oehlgoog_0642.png"; bbox 0 0 3148 4938; ppageno 0'>
   <div class='ocr_carea' id='block_1_1' title="bbox 367 207 1266 273">
    <p class='ocr_par' dir='ltr' id='par_1_1' title="bbox 367 207 1266 273">
     <span class='ocr_line' id='line_1_1' title="bbox 367 207 1266 273; baseline 0 -1"><span class='ocrx_word' id='word_1_1' title='bbox 367 219 506 272; x_wconf 81' lang='lat' dir='ltr'>russum</span> <span class='ocrx_word' id='word_1_2' title='bbox 524 219 587 272; x_wconf 80' lang='lat' dir='ltr'>nro.</span> <span class='ocrx_word' id='word_1_3' title='bbox 600 220 632 272; x_wconf 89' lang='lat' dir='ltr'>rr.</span> <span class='ocrx_word' id='word_1_4' title='bbox 648 221 732 273; x_wconf 84' lang='lat' dir='ltr'>rom.</span> <span class='ocrx_word' id='word_1_5' title='bbox 746 221 779 272; x_wconf 89' lang='lat' dir='ltr'>n.</span> <span class='ocrx_word' id='word_1_6' title='bbox 795 219 896 272; x_wconf 80' lang='lat' dir='ltr'>suun.</span> <span class='ocrx_word' id='word_1_7' title='bbox 910 221 1007 272; x_wconf 81' lang='lat' dir='ltr'>uxrx.</span> <span class='ocrx_word' id='word_1_8' title='bbox 1205 207 1266 272; x_wconf 75' lang='lat' dir='ltr'>out</span> 
     </span>
    </p>
   </div>
   <div class='ocr_carea' id='block_1_2' title="bbox 105 337 1269 1040">
    <p class='ocr_par' dir='ltr' id='par_1_2' title="bbox 105 337 1269 1040">
     <span class='ocr_line' id='line_1_2' title="bbox 106 337 1269 425; baseline 0.001 -21"><span class='ocrx_word' id='word_1_9' title='bbox 106 361 143 404; x_wconf 86' lang='lat' dir='ltr'>so</span> <span class='ocrx_word' id='word_1_10' title='bbox 159 337 317 424; x_wconf 84' lang='lat' dir='ltr'>singulsris</span> <span class='ocrx_word' id='word_1_11' title='bbox 335 351 382 404; x_wconf 89' lang='lat' dir='ltr'>est</span> <span class='ocrx_word' id='word_1_12' title='bbox 394 339 442 404; x_wconf 84' lang='lat' dir='ltr'>illo</span> <span class='ocrx_word' id='word_1_13' title='bbox 460 339 551 424; x_wconf 79' lang='lat' dir='ltr'>patris</span> <span class='ocrx_word' id='word_1_14' title='bbox 572 339 715 425; x_wconf 79' lang='lat' dir='ltr'>snpientia</span> <span class='ocrx_word' id='word_1_15' title='bbox 729 360 765 404; x_wconf 85' lang='lat' dir='ltr'>so</span> <span class='ocrx_word' id='word_1_16' title='bbox 781 339 947 404; x_wconf 73' lang='lat' dir='ltr'>subsistens</span> <span class='ocrx_word' id='word_1_17' title='bbox 962 340 1008 404; x_wconf 92' lang='lat' dir='ltr'>dei</span> <span class='ocrx_word' id='word_1_18' title='bbox 1023 340 1157 404; x_wconf 83' lang='lat' dir='ltr'>verbum.</span> <span class='ocrx_word' id='word_1_19' title='bbox 1204 338 1269 405; x_wconf 89' lang='lat' dir='ltr'>Ne-</span> 
     </span>
     <span class='ocr_line' id='line_1_3' title="bbox 106 441 1267 527; baseline 0 -21"><span class='ocrx_word' id='word_1_20' title='bbox 106 462 164 526; x_wconf 88' lang='lat' dir='ltr'>que</span> <span class='ocrx_word' id='word_1_21' title='bbox 180 461 251 506; x_wconf 87' lang='lat' dir='ltr'>vero</span> <span class='ocrx_word' id='word_1_22' title='bbox 268 441 319 506; x_wconf 92' lang='lat' dir='ltr'>illo</span> <span class='ocrx_word' id='word_1_23' title='bbox 337 441 500 527; x_wconf 77' lang='lat' dir='ltr'>sapientise</span> <span class='ocrx_word' id='word_1_24' title='bbox 515 442 658 507; x_wconf 85' lang='lat' dir='ltr'>vooebulo</span> <span class='ocrx_word' id='word_1_25' title='bbox 677 445 887 527; x_wconf 64' lang='lat' dir='ltr'>constringon·</span> <span class='ocrx_word' id='word_1_26' title='bbox 898 453 929 504; x_wconf 93' lang='lat' dir='ltr'>ut</span> <span class='ocrx_word' id='word_1_27' title='bbox 943 442 978 506; x_wconf 84' lang='lat' dir='ltr'>od</span> <span class='ocrx_word' id='word_1_28' title='bbox 994 443 1039 506; x_wconf 93' lang='lat' dir='ltr'>dei</span> <span class='ocrx_word' id='word_1_29' title='bbox 1056 443 1144 506; x_wconf 88' lang='lat' dir='ltr'>lilium</span> <span class='ocrx_word' id='word_1_30' title='bbox 1161 445 1267 508; x_wconf 80' lang='lat' dir='ltr'>reterri</span> 
     </span>
     <span class='ocr_line' id='line_1_4' title="bbox 106 542 1267 630; baseline 0.003 -22"><span class='ocrx_word' id='word_1_31' title='bbox 106 555 204 628; x_wconf 88' lang='lat' dir='ltr'>potem</span> <span class='ocrx_word' id='word_1_32' title='bbox 225 555 374 630; x_wconf 87' lang='lat' dir='ltr'>oportere.</span> <span class='ocrx_word' id='word_1_33' title='bbox 421 542 492 608; x_wconf 90' lang='lat' dir='ltr'>Non</span> <span class='ocrx_word' id='word_1_34' title='bbox 506 544 582 608; x_wconf 90' lang='lat' dir='ltr'>enim</span> <span class='ocrx_word' id='word_1_35' title='bbox 598 545 627 608; x_wconf 93' lang='lat' dir='ltr'>id</span> <span class='ocrx_word' id='word_1_36' title='bbox 646 555 697 610; x_wconf 83' lang='lat' dir='ltr'>eut</span> <span class='ocrx_word' id='word_1_37' title='bbox 715 566 732 608; x_wconf 83' lang='lat' dir='ltr'>o</span> <span class='ocrx_word' id='word_1_38' title='bbox 751 542 912 610; x_wconf 83' lang='lat' dir='ltr'>Solomone</span> <span class='ocrx_word' id='word_1_39' title='bbox 928 545 1140 629; x_wconf 74' lang='lat' dir='ltr'>significatum,</span> <span class='ocrx_word' id='word_1_40' title='bbox 1164 558 1213 611; x_wconf 87' lang='lat' dir='ltr'>out</span> <span class='ocrx_word' id='word_1_41' title='bbox 1230 547 1267 611; x_wconf 88' lang='lat' dir='ltr'>eb</span> 
     </span>
     <span class='ocr_line' id='line_1_5' title="bbox 107 646 1267 733; baseline 0.003 -23"><span class='ocrx_word' id='word_1_42' title='bbox 107 646 243 732; x_wconf 78' lang='lat' dir='ltr'>apostolo</span> <span class='ocrx_word' id='word_1_43' title='bbox 262 647 360 731; x_wconf 75' lang='lat' dir='ltr'>aliquo</span> <span class='ocrx_word' id='word_1_44' title='bbox 373 647 571 725; x_wconf 78' lang='lat' dir='ltr'>declaratum,</span> <span class='ocrx_word' id='word_1_45' title='bbox 594 658 645 710; x_wconf 86' lang='lat' dir='ltr'>out</span> <span class='ocrx_word' id='word_1_46' title='bbox 663 647 691 710; x_wconf 95' lang='lat' dir='ltr'>in</span> <span class='ocrx_word' id='word_1_47' title='bbox 711 646 868 732; x_wconf 78' lang='lat' dir='ltr'>evangelio</span> <span class='ocrx_word' id='word_1_48' title='bbox 886 657 932 711; x_wconf 91' lang='lat' dir='ltr'>est</span> <span class='ocrx_word' id='word_1_49' title='bbox 949 667 1135 733; x_wconf 87' lang='lat' dir='ltr'>expressum.</span> <span class='ocrx_word' id='word_1_50' title='bbox 1181 647 1267 731; x_wconf 83' lang='lat' dir='ltr'>Quod</span> 
     </span>
     <span class='ocr_line' id='line_1_6' title="bbox 106 747 1269 835; baseline 0.002 -21"><span class='ocrx_word' id='word_1_51' title='bbox 106 749 132 814; x_wconf 83' lang='lat' dir='ltr'>si</span> <span class='ocrx_word' id='word_1_52' title='bbox 153 749 198 813; x_wconf 92' lang='lat' dir='ltr'>dei</span> <span class='ocrx_word' id='word_1_53' title='bbox 214 749 274 812; x_wconf 84' lang='lat' dir='ltr'>filio</span> <span class='ocrx_word' id='word_1_54' title='bbox 291 760 447 834; x_wconf 89' lang='lat' dir='ltr'>ntoumqne</span> <span class='ocrx_word' id='word_1_55' title='bbox 466 747 667 835; x_wconf 83' lang='lat' dir='ltr'>eooipiendom</span> <span class='ocrx_word' id='word_1_56' title='bbox 685 748 818 828; x_wconf 90' lang='lat' dir='ltr'>ridetur,</span> <span class='ocrx_word' id='word_1_57' title='bbox 843 769 901 812; x_wconf 92' lang='lat' dir='ltr'>non</span> <span class='ocrx_word' id='word_1_58' title='bbox 920 759 967 813; x_wconf 88' lang='lat' dir='ltr'>est</span> <span class='ocrx_word' id='word_1_59' title='bbox 985 759 1082 814; x_wconf 75' lang='lat' dir='ltr'>mmor</span> <span class='ocrx_word' id='word_1_60' title='bbox 1100 751 1202 814; x_wconf 85' lang='lat' dir='ltr'>eedem</span> <span class='ocrx_word' id='word_1_61' title='bbox 1216 771 1269 816; x_wconf 85' lang='lat' dir='ltr'>ro·</span> 
     </span>
     <span class='ocr_line' id='line_1_7' title="bbox 106 850 1264 937; baseline 0.002 -23"><span class='ocrx_word' id='word_1_62' title='bbox 106 850 202 915; x_wconf 85' lang='lat' dir='ltr'>eubuli</span> <span class='ocrx_word' id='word_1_63' title='bbox 215 851 278 931; x_wconf 84' lang='lat' dir='ltr'>vis,</span> <span class='ocrx_word' id='word_1_64' title='bbox 303 873 398 937; x_wconf 87' lang='lat' dir='ltr'>neque</span> <span class='ocrx_word' id='word_1_65' title='bbox 417 871 458 916; x_wconf 86' lang='lat' dir='ltr'>ex</span> <span class='ocrx_word' id='word_1_66' title='bbox 474 850 597 937; x_wconf 74' lang='lat' dir='ltr'>simplici</span> <span class='ocrx_word' id='word_1_67' title='bbox 621 851 780 916; x_wconf 84' lang='lat' dir='ltr'>verborum</span> <span class='ocrx_word' id='word_1_68' title='bbox 798 871 873 916; x_wconf 80' lang='lat' dir='ltr'>sorno</span> <span class='ocrx_word' id='word_1_69' title='bbox 895 852 931 914; x_wconf 88' lang='lat' dir='ltr'>de</span> <span class='ocrx_word' id='word_1_70' title='bbox 946 872 982 914; x_wconf 87' lang='lat' dir='ltr'>eo</span> <span class='ocrx_word' id='word_1_71' title='bbox 999 851 1183 916; x_wconf 75' lang='lat' dir='ltr'>iudicandum</span> <span class='ocrx_word' id='word_1_72' title='bbox 1208 864 1264 918; x_wconf 83' lang='lat' dir='ltr'>est.</span> 
     </span>
     <span class='ocr_line' id='line_1_8' title="bbox 105 950 1268 1040; baseline 0.003 -24"><span class='ocrx_word' id='word_1_73' title='bbox 105 950 185 1018; x_wconf 83' lang='lat' dir='ltr'>Nem</span> <span class='ocrx_word' id='word_1_74' title='bbox 203 974 268 1017; x_wconf 90' lang='lat' dir='ltr'>oum</span> <span class='ocrx_word' id='word_1_75' title='bbox 285 965 364 1018; x_wconf 90' lang='lat' dir='ltr'>totus</span> <span class='ocrx_word' id='word_1_76' title='bbox 378 953 427 1018; x_wconf 91' lang='lat' dir='ltr'>illo</span> <span class='ocrx_word' id='word_1_77' title='bbox 442 952 517 1018; x_wconf 88' lang='lat' dir='ltr'>liber</span> <span class='ocrx_word' id='word_1_78' title='bbox 534 973 574 1018; x_wconf 83' lang='lat' dir='ltr'>ex</span> <span class='ocrx_word' id='word_1_79' title='bbox 592 953 758 1040; x_wconf 75' lang='lat' dir='ltr'>proverbiis</span> <span class='ocrx_word' id='word_1_80' title='bbox 772 964 932 1018; x_wconf 87' lang='lat' dir='ltr'>oontextus</span> <span class='ocrx_word' id='word_1_81' title='bbox 947 954 997 1033; x_wconf 88' lang='lat' dir='ltr'>sit,</span> <span class='ocrx_word' id='word_1_82' title='bbox 1018 953 1153 1039; x_wconf 88' lang='lat' dir='ltr'>quioquid</span> <span class='ocrx_word' id='word_1_83' title='bbox 1170 965 1268 1020; x_wconf 90' lang='lat' dir='ltr'>eutem</span> 
     </span>
    </p>
   </div>
   <div class='ocr_carea' id='block_1_3' title="bbox 2 1055 1269 1244">
    <p class='ocr_par' dir='ltr' id='par_1_3' title="bbox 2 1055 1269 1244">
     <span class='ocr_line' id='line_1_9' title="bbox 2 1055 1267 1144; baseline 0.002 -24"><span class='ocrx_word' id='word_1_84' title='bbox 2 1121 3 1126; x_wconf 66' lang='grc'>,</span> <span class='ocrx_word' id='word_1_85' title='bbox 106 1075 161 1140; x_wconf 89' lang='lat' dir='ltr'>per</span> <span class='ocrx_word' id='word_1_86' title='bbox 175 1055 362 1140; x_wconf 83' lang='lat' dir='ltr'>proverbium</span> <span class='ocrx_word' id='word_1_87' title='bbox 380 1057 520 1135; x_wconf 76' lang='lat' dir='ltr'>offertor,</span> <span class='ocrx_word' id='word_1_88' title='bbox 545 1056 621 1120; x_wconf 85' lang='lat' dir='ltr'>nlind</span> <span class='ocrx_word' id='word_1_89' title='bbox 639 1055 738 1120; x_wconf 84' lang='lat' dir='ltr'>verbis</span> <span class='ocrx_word' id='word_1_90' title='bbox 754 1076 826 1142; x_wconf 85' lang='lat' dir='ltr'>pree</span> <span class='ocrx_word' id='word_1_91' title='bbox 841 1077 873 1120; x_wconf 90' lang='lat' dir='ltr'>so</span> <span class='ocrx_word' id='word_1_92' title='bbox 893 1058 980 1135; x_wconf 84' lang='lat' dir='ltr'>leret,</span> <span class='ocrx_word' id='word_1_93' title='bbox 1006 1056 1083 1120; x_wconf 85' lang='lat' dir='ltr'>eliud</span> <span class='ocrx_word' id='word_1_94' title='bbox 1098 1075 1188 1122; x_wconf 89' lang='lat' dir='ltr'>sensu</span> <span class='ocrx_word' id='word_1_95' title='bbox 1203 1058 1267 1144; x_wconf 92' lang='lat' dir='ltr'>ipso</span> 
     </span>
     <span class='ocr_line' id='line_1_10' title="bbox 2 1157 1269 1244; baseline 0.006 -25"><span class='ocrx_word' id='word_1_96' title='bbox 2 1223 4 1240; x_wconf 27' lang='lat' dir='ltr'><strong><em>s</em></strong></span> <span class='ocrx_word' id='word_1_97' title='bbox 105 1177 161 1243; x_wconf 90' lang='lat' dir='ltr'>per</span> <span class='ocrx_word' id='word_1_98' title='bbox 175 1157 345 1242; x_wconf 71' lang='lat' dir='ltr'>allegoriam</span> <span class='ocrx_word' id='word_1_99' title='bbox 362 1158 527 1244; x_wconf 79' lang='lat' dir='ltr'>signitioot,</span> <span class='ocrx_word' id='word_1_100' title='bbox 552 1159 576 1222; x_wconf 89' lang='lat' dir='ltr'>si</span> <span class='ocrx_word' id='word_1_101' title='bbox 601 1159 689 1224; x_wconf 87' lang='lat' dir='ltr'>luerit</span> <span class='ocrx_word' id='word_1_102' title='bbox 705 1159 766 1238; x_wconf 85' lang='lat' dir='ltr'>illo,</span> <span class='ocrx_word' id='word_1_103' title='bbox 791 1179 876 1243; x_wconf 83' lang='lat' dir='ltr'>quum</span> <span class='ocrx_word' id='word_1_104' title='bbox 894 1157 942 1223; x_wconf 92' lang='lat' dir='ltr'>isti</span> <span class='ocrx_word' id='word_1_105' title='bbox 961 1170 1074 1244; x_wconf 82' lang='lat' dir='ltr'>putent,</span> <span class='ocrx_word' id='word_1_106' title='bbox 1098 1158 1269 1226; x_wconf 82' lang='lat' dir='ltr'>Solomonis</span> 
     </span>
    </p>
   </div>
   <div class='ocr_carea' id='block_1_4' title="bbox 2 1261 1269 1462">
    <p class='ocr_par' dir='ltr' id='par_1_4' title="bbox 2 1261 1269 1462">
     <span class='ocr_line' id='line_1_11' title="bbox 105 1261 1268 1346; baseline 0.003 -24"><span class='ocrx_word' id='word_1_107' title='bbox 105 1279 209 1340; x_wconf 84' lang='lat' dir='ltr'>mens,</span> <span class='ocrx_word' id='word_1_108' title='bbox 233 1269 264 1324; x_wconf 91' lang='lat' dir='ltr'>et</span> <span class='ocrx_word' id='word_1_109' title='bbox 283 1261 318 1325; x_wconf 82' lang='lat' dir='ltr'>nd</span> <span class='ocrx_word' id='word_1_110' title='bbox 337 1261 384 1326; x_wconf 92' lang='lat' dir='ltr'>dei</span> <span class='ocrx_word' id='word_1_111' title='bbox 404 1262 492 1326; x_wconf 88' lang='lat' dir='ltr'>tilium</span> <span class='ocrx_word' id='word_1_112' title='bbox 520 1263 635 1326; x_wconf 83' lang='lat' dir='ltr'>reterre</span> <span class='ocrx_word' id='word_1_113' title='bbox 660 1261 792 1326; x_wconf 82' lang='lat' dir='ltr'>nonrmlli</span> <span class='ocrx_word' id='word_1_114' title='bbox 811 1261 956 1339; x_wconf 83' lang='lat' dir='ltr'>redeunt,</span> <span class='ocrx_word' id='word_1_115' title='bbox 989 1261 1112 1346; x_wconf 90' lang='lat' dir='ltr'>primum</span> <span class='ocrx_word' id='word_1_116' title='bbox 1136 1263 1172 1326; x_wconf 94' lang='lat' dir='ltr'>de</span> <span class='ocrx_word' id='word_1_117' title='bbox 1189 1263 1268 1327; x_wconf 67' lang='lat' dir='ltr'>‘diri-</span> 
     </span>
     <span class='ocr_line' id='line_1_12' title="bbox 2 1361 1269 1462; baseline 0.004 -38"><span class='ocrx_word' id='word_1_118' title='bbox 2 1429 4 1462; x_wconf 74' lang='lat'>;</span> <span class='ocrx_word' id='word_1_119' title='bbox 106 1362 200 1425; x_wconf 74' lang='lat' dir='ltr'>nitate</span> <span class='ocrx_word' id='word_1_120' title='bbox 221 1361 315 1448; x_wconf 89' lang='lat' dir='ltr'>ipsius</span> <span class='ocrx_word' id='word_1_121' title='bbox 338 1363 503 1448; x_wconf 85' lang='lat' dir='ltr'>intelligere</span> <span class='ocrx_word' id='word_1_122' title='bbox 530 1363 652 1428; x_wconf 93' lang='lat' dir='ltr'>omnino</span> <span class='ocrx_word' id='word_1_123' title='bbox 674 1365 757 1429; x_wconf 83' lang='lat' dir='ltr'>nelos</span> <span class='ocrx_word' id='word_1_124' title='bbox 777 1375 834 1428; x_wconf 88' lang='lat' dir='ltr'>est.</span> <span class='ocrx_word' id='word_1_125' title='bbox 882 1361 997 1428; x_wconf 78' lang='lat' dir='ltr'>Deinde</span> <span class='ocrx_word' id='word_1_126' title='bbox 1021 1365 1046 1427; x_wconf 91' lang='lat' dir='ltr'>si</span> <span class='ocrx_word' id='word_1_127' title='bbox 1065 1367 1141 1428; x_wconf 87' lang='lat' dir='ltr'>lorte</span> <span class='ocrx_word' id='word_1_128' title='bbox 1163 1365 1198 1428; x_wconf 83' lang='lat' dir='ltr'>od</span> <span class='ocrx_word' id='word_1_129' title='bbox 1222 1387 1269 1430; x_wconf 83' lang='lat' dir='ltr'>ns-</span> 
     </span>
    </p>
   </div>
   <div class='ocr_carea' id='block_1_5' title="bbox 2 1464 1407 1858">
    <p class='ocr_par' dir='ltr' id='par_1_5' title="bbox 2 1464 1407 1858">
     <span class='ocr_line' id='line_1_13' title="bbox 2 1464 1266 1552; baseline 0.002 -24"><span class='ocrx_word' id='word_1_130' title='bbox 2 1537 4 1546; x_wconf 17' lang='grc'>’</span> <span class='ocrx_word' id='word_1_131' title='bbox 105 1475 250 1550; x_wconf 85' lang='lat' dir='ltr'>sumptum</span> <span class='ocrx_word' id='word_1_132' title='bbox 270 1465 306 1528; x_wconf 85' lang='lat' dir='ltr'>ob</span> <span class='ocrx_word' id='word_1_133' title='bbox 326 1486 364 1528; x_wconf 91' lang='lat' dir='ltr'>eo</span> <span class='ocrx_word' id='word_1_134' title='bbox 383 1464 509 1530; x_wconf 90' lang='lat' dir='ltr'>bominis</span> <span class='ocrx_word' id='word_1_135' title='bbox 528 1476 663 1532; x_wconf 79' lang='lat' dir='ltr'>usturam</span> <span class='ocrx_word' id='word_1_136' title='bbox 692 1465 853 1531; x_wconf 79' lang='lat' dir='ltr'>convenire</span> <span class='ocrx_word' id='word_1_137' title='bbox 874 1465 981 1552; x_wconf 89' lang='lat' dir='ltr'>poterit</span> <span class='ocrx_word' id='word_1_138' title='bbox 1003 1467 1266 1552; x_wconf 79' lang='lat' dir='ltr'>(quondoquidem,</span> 
     </span>
     <span class='ocr_line' id='line_1_14' title="bbox 2 1567 1407 1653; baseline 0.003 -25"><span class='ocrx_word' id='word_1_139' title='bbox 2 1640 4 1648; x_wconf 17' lang='grc' dir='ltr'><em>γ</em></span> <span class='ocrx_word' id='word_1_140' title='bbox 105 1571 253 1647; x_wconf 67' lang='lat' dir='ltr'>Sapentr&#39;n</span> <span class='ocrx_word' id='word_1_141' title='bbox 267 1573 328 1649; x_wconf 67' lang='lat' dir='ltr'>rison</span> <span class='ocrx_word' id='word_1_142' title='bbox 343 1571 521 1631; x_wconf 79' lang='lat' dir='ltr'>sr‘br&#39;domnm</span> <span class='ocrx_word' id='word_1_143' title='bbox 536 1573 702 1650; x_wconf 61' lang='lat' dir='ltr'>extremm),-</span> <span class='ocrx_word' id='word_1_144' title='bbox 727 1569 803 1653; x_wconf 92' lang='lat' dir='ltr'>quud</span> <span class='ocrx_word' id='word_1_145' title='bbox 822 1567 847 1632; x_wconf 81' lang='lat' dir='ltr'>si</span> <span class='ocrx_word' id='word_1_146' title='bbox 864 1568 905 1632; x_wconf 82' lang='lat' dir='ltr'>lla</span> <span class='ocrx_word' id='word_1_147' title='bbox 920 1579 984 1647; x_wconf 87' lang='lat' dir='ltr'>est,</span> <span class='ocrx_word' id='word_1_148' title='bbox 1007 1569 1043 1632; x_wconf 84' lang='lat' dir='ltr'>ub</span> <span class='ocrx_word' id='word_1_149' title='bbox 1063 1569 1188 1635; x_wconf 73' lang='lat' dir='ltr'>bumana</span> <span class='ocrx_word' id='word_1_150' title='bbox 1212 1593 1263 1635; x_wconf 87' lang='lat' dir='ltr'>nu·</span> <span class='ocrx_word' id='word_1_151' title='bbox 1277 1587 1376 1645; x_wconf 75' lang='lat' dir='ltr'>Prone,</span> <span class='ocrx_word' id='word_1_152' title='bbox 1390 1591 1407 1634; x_wconf 87' lang='lat'>1.</span> 
     </span>
     <span class='ocr_line' id='line_1_15' title="bbox 2 1667 1269 1757; baseline 0.008 -27"><span class='ocrx_word' id='word_1_153' title='bbox 2 1744 5 1757; x_wconf 92' lang='lat'>.</span> <span class='ocrx_word' id='word_1_154' title='bbox 105 1678 172 1732; x_wconf 84' lang='lat' dir='ltr'>turs</span> <span class='ocrx_word' id='word_1_155' title='bbox 197 1667 304 1734; x_wconf 87' lang='lat' dir='ltr'>dietum</span> <span class='ocrx_word' id='word_1_156' title='bbox 320 1670 485 1736; x_wconf 76' lang='lat' dir='ltr'>existimari</span> <span class='ocrx_word' id='word_1_157' title='bbox 510 1671 591 1736; x_wconf 82' lang='lat' dir='ltr'>selva</span> <span class='ocrx_word' id='word_1_158' title='bbox 616 1671 724 1755; x_wconf 89' lang='lat' dir='ltr'>pietote</span> <span class='ocrx_word' id='word_1_159' title='bbox 749 1680 863 1756; x_wconf 87' lang='lat' dir='ltr'>potest,</span> <span class='ocrx_word' id='word_1_160' title='bbox 887 1691 964 1754; x_wconf 83' lang='lat' dir='ltr'>quse</span> <span class='ocrx_word' id='word_1_161' title='bbox 981 1671 1016 1735; x_wconf 86' lang='lat' dir='ltr'>de</span> <span class='ocrx_word' id='word_1_162' title='bbox 1037 1671 1190 1738; x_wconf 77' lang='lat' dir='ltr'>divionem</span> <span class='ocrx_word' id='word_1_163' title='bbox 1214 1695 1269 1740; x_wconf 83' lang='lat' dir='ltr'>suu</span> 
     </span>
     <span class='ocr_line' id='line_1_16' title="bbox 2 1772 1270 1858; baseline 0.006 -24"><span class='ocrx_word' id='word_1_164' title='bbox 2 1851 4 1858; x_wconf 26' lang='grc' dir='ltr'>Ι</span> <span class='ocrx_word' id='word_1_165' title='bbox 105 1772 259 1856; x_wconf 83' lang='lat' dir='ltr'>loquutur,</span> <span class='ocrx_word' id='word_1_166' title='bbox 284 1778 422 1836; x_wconf 79' lang='lat' dir='ltr'>Domr&#39;rrns</span> <span class='ocrx_word' id='word_1_167' title='bbox 437 1779 546 1836; x_wconf 85' lang='lat' dir='ltr'>oreooit</span> <span class='ocrx_word' id='word_1_168' title='bbox 558 1796 611 1848; x_wconf 84' lang='lat' dir='ltr'>me,</span> <span class='ocrx_word' id='word_1_169' title='bbox 636 1773 692 1837; x_wconf 90' lang='lat' dir='ltr'>boo</span> <span class='ocrx_word' id='word_1_170' title='bbox 710 1783 774 1853; x_wconf 91' lang='lat' dir='ltr'>est,</span> <span class='ocrx_word' id='word_1_171' title='bbox 800 1773 975 1838; x_wconf 80' lang='lat' dir='ltr'>Aedilieerit</span> <span class='ocrx_word' id='word_1_172' title='bbox 989 1793 1035 1840; x_wconf 90' lang='lat' dir='ltr'>me</span> <span class='ocrx_word' id='word_1_173' title='bbox 1052 1777 1082 1838; x_wconf 89' lang='lat' dir='ltr'>in</span> <span class='ocrx_word' id='word_1_174' title='bbox 1098 1788 1184 1840; x_wconf 92' lang='lat' dir='ltr'>utero</span> <span class='ocrx_word' id='word_1_175' title='bbox 1201 1773 1270 1841; x_wconf 78' lang='lat' dir='ltr'>nln-</span> 
     </span>
    </p>
   </div>
   <div class='ocr_carea' id='block_1_6' title="bbox 2 1871 1342 2486">
    <p class='ocr_par' dir='ltr' id='par_1_6' title="bbox 2 1871 1342 2486">
     <span class='ocr_line' id='line_1_17' title="bbox 105 1871 1268 1964; baseline 0.006 -28"><span class='ocrx_word' id='word_1_176' title='bbox 105 1872 186 1952; x_wconf 84' lang='lat' dir='ltr'>rioe,</span> <span class='ocrx_word' id='word_1_177' title='bbox 211 1879 323 1938; x_wconf 77' lang='lat' dir='ltr'>rirr&#39;lr&#39;om</span> <span class='ocrx_word' id='word_1_178' title='bbox 342 1880 451 1938; x_wconf 68' lang='lat' dir='ltr'>urorum</span> <span class='ocrx_word' id='word_1_179' title='bbox 469 1897 603 1951; x_wconf 82' lang='lat' dir='ltr'>snorum,</span> <span class='ocrx_word' id='word_1_180' title='bbox 636 1881 665 1937; x_wconf 83' lang='lat' dir='ltr'>r&#39;n</span> <span class='ocrx_word' id='word_1_181' title='bbox 689 1897 775 1958; x_wconf 83' lang='lat' dir='ltr'>opera</span> <span class='ocrx_word' id='word_1_182' title='bbox 795 1881 894 1957; x_wconf 68' lang='lat' dir='ltr'>titirus.</span> <span class='ocrx_word' id='word_1_183' title='bbox 944 1871 1061 1940; x_wconf 82' lang='lat' dir='ltr'>initium</span> <span class='ocrx_word' id='word_1_184' title='bbox 1078 1880 1183 1964; x_wconf 87' lang='lat' dir='ltr'>quippe</span> <span class='ocrx_word' id='word_1_185' title='bbox 1206 1881 1268 1943; x_wconf 83' lang='lat' dir='ltr'>via·</span> 
     </span>
     <span class='ocr_line' id='line_1_18' title="bbox 104 1973 1269 2063; baseline 0.007 -24"><span class='ocrx_word' id='word_1_186' title='bbox 104 1997 171 2040; x_wconf 86' lang='lat' dir='ltr'>rum</span> <span class='ocrx_word' id='word_1_187' title='bbox 187 1988 217 2040; x_wconf 88' lang='lat' dir='ltr'>et</span> <span class='ocrx_word' id='word_1_188' title='bbox 237 1978 382 2042; x_wconf 76' lang='lat' dir='ltr'>adrentus</span> <span class='ocrx_word' id='word_1_189' title='bbox 405 1978 433 2042; x_wconf 92' lang='lat' dir='ltr'>in</span> <span class='ocrx_word' id='word_1_190' title='bbox 449 1978 525 2042; x_wconf 89' lang='lat' dir='ltr'>buno</span> <span class='ocrx_word' id='word_1_191' title='bbox 543 1979 680 2043; x_wconf 88' lang='lat' dir='ltr'>muudum</span> <span class='ocrx_word' id='word_1_192' title='bbox 700 1973 811 2043; x_wconf 79' lang='lat' dir='ltr'>Christi</span> <span class='ocrx_word' id='word_1_193' title='bbox 831 1999 938 2063; x_wconf 88' lang='lat' dir='ltr'>eorpus</span> <span class='ocrx_word' id='word_1_194' title='bbox 957 1979 1022 2043; x_wconf 89' lang='lat' dir='ltr'>eius</span> <span class='ocrx_word' id='word_1_195' title='bbox 1041 1990 1088 2044; x_wconf 89' lang='lat' dir='ltr'>ost</span> <span class='ocrx_word' id='word_1_196' title='bbox 1110 1999 1149 2044; x_wconf 80' lang='lat' dir='ltr'>en</span> <span class='ocrx_word' id='word_1_197' title='bbox 1171 1979 1269 2046; x_wconf 84' lang='lat' dir='ltr'>Muris</span> 
     </span>
     <span class='ocr_line' id='line_1_19' title="bbox 2 2060 1268 2167; baseline 0.006 -26"><span class='ocrx_word' id='word_1_198' title='bbox 2 2060 5 2073; x_wconf 56' lang='lat'>¹</span> <span class='ocrx_word' id='word_1_199' title='bbox 103 2089 269 2164; x_wconf 88' lang='lat' dir='ltr'>sumptum,</span> <span class='ocrx_word' id='word_1_200' title='bbox 294 2081 329 2144; x_wconf 84' lang='lat' dir='ltr'>ed</span> <span class='ocrx_word' id='word_1_201' title='bbox 347 2081 476 2145; x_wconf 77' lang='lat' dir='ltr'>iustitiae</span> <span class='ocrx_word' id='word_1_202' title='bbox 493 2092 522 2144; x_wconf 89' lang='lat' dir='ltr'>et</span> <span class='ocrx_word' id='word_1_203' title='bbox 539 2080 640 2146; x_wconf 83' lang='lat' dir='ltr'>solutis</span> <span class='ocrx_word' id='word_1_204' title='bbox 658 2101 731 2167; x_wconf 91' lang='lat' dir='ltr'>opos</span> <span class='ocrx_word' id='word_1_205' title='bbox 748 2080 904 2147; x_wconf 84' lang='lat' dir='ltr'>edsoitum.</span> <span class='ocrx_word' id='word_1_206' title='bbox 936 2080 1048 2148; x_wconf 88' lang='lat' dir='ltr'>Verum</span> <span class='ocrx_word' id='word_1_207' title='bbox 1067 2083 1152 2148; x_wconf 83' lang='lat' dir='ltr'>leoile</span> <span class='ocrx_word' id='word_1_208' title='bbox 1169 2095 1268 2150; x_wconf 87' lang='lat' dir='ltr'>mente</span> 
     </span>
     <span class='ocr_line' id='line_1_20' title="bbox 2 2181 1267 2272; baseline 0.006 -29"><span class='ocrx_word' id='word_1_209' title='bbox 2 2189 3 2193; x_wconf 77' lang='grc'>’</span> <span class='ocrx_word' id='word_1_210' title='bbox 103 2191 209 2266; x_wconf 83' lang='lat' dir='ltr'>neptus</span> <span class='ocrx_word' id='word_1_211' title='bbox 232 2181 354 2268; x_wconf 82' lang='lat' dir='ltr'>aliquis,</span> <span class='ocrx_word' id='word_1_212' title='bbox 386 2193 416 2245; x_wconf 90' lang='lat' dir='ltr'>et</span> <span class='ocrx_word' id='word_1_213' title='bbox 437 2184 521 2267; x_wconf 82' lang='lat' dir='ltr'>gravi</span> <span class='ocrx_word' id='word_1_214' title='bbox 547 2182 597 2246; x_wconf 91' lang='lat' dir='ltr'>illo</span> <span class='ocrx_word' id='word_1_215' title='bbox 623 2193 757 2268; x_wconf 85' lang='lat' dir='ltr'>tunqusm</span> <span class='ocrx_word' id='word_1_216' title='bbox 777 2184 899 2247; x_wconf 86' lang='lat' dir='ltr'>voluere</span> <span class='ocrx_word' id='word_1_217' title='bbox 916 2185 1083 2264; x_wconf 84' lang='lat' dir='ltr'>seuoistos,</span> <span class='ocrx_word' id='word_1_218' title='bbox 1109 2186 1216 2272; x_wconf 88' lang='lat' dir='ltr'>quique</span> <span class='ocrx_word' id='word_1_219' title='bbox 1239 2188 1267 2251; x_wconf 93' lang='lat' dir='ltr'>in</span> 
     </span>
     <span class='ocr_line' id='line_1_21' title="bbox 2 2267 1342 2372; baseline 0.006 -27"><span class='ocrx_word' id='word_1_220' title='bbox 2 2267 6 2298; x_wconf 66' lang='lat'><strong>¹</strong></span> <span class='ocrx_word' id='word_1_221' title='bbox 104 2281 153 2346; x_wconf 87' lang='lat' dir='ltr'>dei</span> <span class='ocrx_word' id='word_1_222' title='bbox 173 2282 262 2347; x_wconf 88' lang='lat' dir='ltr'>lilium</span> <span class='ocrx_word' id='word_1_223' title='bbox 282 2283 370 2350; x_wconf 86' lang='lat' dir='ltr'>enimi</span> <span class='ocrx_word' id='word_1_224' title='bbox 390 2286 513 2369; x_wconf 85' lang='lat' dir='ltr'>quodem</span> <span class='ocrx_word' id='word_1_225' title='bbox 529 2285 597 2349; x_wconf 92' lang='lat' dir='ltr'>odio</span> <span class='ocrx_word' id='word_1_226' title='bbox 620 2287 748 2365; x_wconf 84' lang='lat' dir='ltr'>leretur,</span> <span class='ocrx_word' id='word_1_227' title='bbox 773 2285 895 2350; x_wconf 88' lang='lat' dir='ltr'>ulterius</span> <span class='ocrx_word' id='word_1_228' title='bbox 915 2288 1085 2372; x_wconf 86' lang='lat' dir='ltr'>prosilieodi</span> <span class='ocrx_word' id='word_1_229' title='bbox 1104 2309 1145 2352; x_wconf 83' lang='lat' dir='ltr'>ex</span> <span class='ocrx_word' id='word_1_230' title='bbox 1164 2307 1199 2352; x_wconf 87' lang='lat' dir='ltr'>eo</span> <span class='ocrx_word' id='word_1_231' title='bbox 1216 2311 1269 2353; x_wconf 85' lang='lat' dir='ltr'>sn·</span> <span class='ocrx_word' id='word_1_232' title='bbox 1338 2359 1342 2366; x_wconf 63' lang='grc'><strong>,</strong></span> 
     </span>
     <span class='ocr_line' id='line_1_22' title="bbox 2 2386 1263 2486; baseline 0.005 -37"><span class='ocrx_word' id='word_1_233' title='bbox 2 2396 5 2486; x_wconf 23' lang='grc' dir='ltr'>ζ</span> <span class='ocrx_word' id='word_1_234' title='bbox 103 2405 169 2450; x_wconf 78' lang='lat' dir='ltr'>snm</span> <span class='ocrx_word' id='word_1_235' title='bbox 185 2386 323 2473; x_wconf 79' lang='lat' dir='ltr'>arripiet,</span> <span class='ocrx_word' id='word_1_236' title='bbox 349 2387 425 2470; x_wconf 89' lang='lat' dir='ltr'>quod</span> <span class='ocrx_word' id='word_1_237' title='bbox 445 2387 596 2472; x_wconf 85' lang='lat' dir='ltr'>sequitur,</span> <span class='ocrx_word' id='word_1_238' title='bbox 621 2393 658 2450; x_wconf 81' lang='lat' dir='ltr'>Si</span> <span class='ocrx_word' id='word_1_239' title='bbox 669 2392 836 2450; x_wconf 81' lang='lat' dir='ltr'>nunteirveru</span> <span class='ocrx_word' id='word_1_240' title='bbox 854 2389 931 2450; x_wconf 79' lang='lat' dir='ltr'>vobis</span> <span class='ocrx_word' id='word_1_241' title='bbox 945 2411 1018 2472; x_wconf 84' lang='lat' dir='ltr'>quoe</span> <span class='ocrx_word' id='word_1_242' title='bbox 1037 2396 1161 2473; x_wconf 76' lang='lat' dir='ltr'>quottidie</span> <span class='ocrx_word' id='word_1_243' title='bbox 1170 2394 1263 2472; x_wconf 76' lang='lat' dir='ltr'>fiunt,</span> 
     </span>
    </p>
   </div>
   <div class='ocr_carea' id='block_1_7' title="bbox 2 2489 1267 2578">
    <p class='ocr_par' dir='ltr' id='par_1_7' title="bbox 2 2489 1267 2578">
     <span class='ocr_line' id='line_1_23' title="bbox 2 2489 1267 2578; baseline 0.007 -29"><span class='ocrx_word' id='word_1_244' title='bbox 2 2497 4 2504; x_wconf 80' lang='grc'>’</span> <span class='ocrx_word' id='word_1_245' title='bbox 103 2509 356 2552; x_wconf 77' lang='lat' dir='ltr'>commemoravero</span> <span class='ocrx_word' id='word_1_246' title='bbox 379 2511 451 2574; x_wconf 87' lang='lat' dir='ltr'>quoe</span> <span class='ocrx_word' id='word_1_247' title='bbox 472 2494 602 2553; x_wconf 81' lang='lat' dir='ltr'>oeeeolo</span> <span class='ocrx_word' id='word_1_248' title='bbox 617 2501 700 2565; x_wconf 85' lang='lat' dir='ltr'>sunt,</span> <span class='ocrx_word' id='word_1_249' title='bbox 726 2501 758 2552; x_wconf 85' lang='lat' dir='ltr'>ut</span> <span class='ocrx_word' id='word_1_250' title='bbox 772 2511 938 2554; x_wconf 81' lang='lat' dir='ltr'>enumerem.</span> <span class='ocrx_word' id='word_1_251' title='bbox 986 2489 1097 2572; x_wconf 86' lang='lat' dir='ltr'>Vides,</span> <span class='ocrx_word' id='word_1_252' title='bbox 1121 2493 1267 2578; x_wconf 86' lang='lat' dir='ltr'>inquiunt,</span> 
     </span>
    </p>
   </div>
   <div class='ocr_carea' id='block_1_8' title="bbox 2 2578 1405 3191">
    <p class='ocr_par' dir='ltr' id='par_1_8' title="bbox 2 2578 1405 2882">
     <span class='ocr_line' id='line_1_24' title="bbox 2 2578 1270 2681; baseline 0.005 -28"><span class='ocrx_word' id='word_1_253' title='bbox 2 2578 3 2608; x_wconf 70' lang='lat'>³</span> <span class='ocrx_word' id='word_1_254' title='bbox 103 2590 182 2676; x_wconf 92' lang='lat' dir='ltr'>quod</span> <span class='ocrx_word' id='word_1_255' title='bbox 208 2591 301 2668; x_wconf 81' lang='lat' dir='ltr'>dixit,</span> <span class='ocrx_word' id='word_1_256' title='bbox 331 2598 363 2654; x_wconf 81' lang='lat' dir='ltr'><em>A</em></span> <span class='ocrx_word' id='word_1_257' title='bbox 383 2596 489 2654; x_wconf 82' lang='lat' dir='ltr'>secolo.</span> <span class='ocrx_word' id='word_1_258' title='bbox 537 2591 629 2676; x_wconf 81' lang='lat' dir='ltr'>Atqui</span> <span class='ocrx_word' id='word_1_259' title='bbox 653 2590 703 2655; x_wconf 89' lang='lat' dir='ltr'>illa</span> <span class='ocrx_word' id='word_1_260' title='bbox 727 2593 825 2658; x_wconf 85' lang='lat' dir='ltr'>neruis</span> <span class='ocrx_word' id='word_1_261' title='bbox 847 2594 1010 2678; x_wconf 74' lang='lat' dir='ltr'>assumptio</span> <span class='ocrx_word' id='word_1_262' title='bbox 1037 2596 1177 2659; x_wconf 90' lang='lat' dir='ltr'>nonnisi</span> <span class='ocrx_word' id='word_1_263' title='bbox 1203 2606 1270 2681; x_wconf 88' lang='lat' dir='ltr'>post</span> 
     </span>
     <span class='ocr_line' id='line_1_25' title="bbox 101 2689 1405 2784; baseline 0.007 -29"><span class='ocrx_word' id='word_1_264' title='bbox 101 2693 178 2756; x_wconf 83' lang='lat' dir='ltr'>dnus</span> <span class='ocrx_word' id='word_1_265' title='bbox 204 2705 235 2756; x_wconf 91' lang='lat' dir='ltr'>et</span> <span class='ocrx_word' id='word_1_266' title='bbox 259 2694 416 2779; x_wconf 76' lang='lat' dir='ltr'>sexaginte</span> <span class='ocrx_word' id='word_1_267' title='bbox 434 2695 644 2779; x_wconf 77' lang='lat' dir='ltr'>generationes</span> <span class='ocrx_word' id='word_1_268' title='bbox 659 2689 813 2760; x_wconf 77' lang='lat' dir='ltr'>Meltbneo</span> <span class='ocrx_word' id='word_1_269' title='bbox 835 2703 911 2760; x_wconf 85' lang='lat' dir='ltr'>teste</span> <span class='ocrx_word' id='word_1_270' title='bbox 937 2696 1070 2780; x_wconf 79' lang='lat' dir='ltr'>eontigit.</span> <span class='ocrx_word' id='word_1_271' title='bbox 1117 2695 1176 2781; x_wconf 84' lang='lat' dir='ltr'>Qui</span> <span class='ocrx_word' id='word_1_272' title='bbox 1200 2705 1405 2784; x_wconf 65' lang='lat' dir='ltr'>pos-metum.¹</span> 
     </span>
     <span class='ocr_line' id='line_1_26' title="bbox 101 2795 1268 2882; baseline 0.004 -22"><span class='ocrx_word' id='word_1_273' title='bbox 101 2807 176 2860; x_wconf 85' lang='lat' dir='ltr'>suot</span> <span class='ocrx_word' id='word_1_274' title='bbox 196 2795 288 2882; x_wconf 80' lang='lat' dir='ltr'>igitur</span> <span class='ocrx_word' id='word_1_275' title='bbox 309 2817 384 2882; x_wconf 80' lang='lat' dir='ltr'>quse</span> <span class='ocrx_word' id='word_1_276' title='bbox 406 2796 444 2860; x_wconf 82' lang='lat' dir='ltr'>eb</span> <span class='ocrx_word' id='word_1_277' title='bbox 466 2795 550 2860; x_wconf 92' lang='lat' dir='ltr'>initio</span> <span class='ocrx_word' id='word_1_278' title='bbox 573 2807 661 2881; x_wconf 84' lang='lat' dir='ltr'>etque</span> <span class='ocrx_word' id='word_1_279' title='bbox 683 2795 718 2860; x_wconf 86' lang='lat' dir='ltr'>eb</span> <span class='ocrx_word' id='word_1_280' title='bbox 741 2807 864 2862; x_wconf 74' lang='lat' dir='ltr'>aeterno</span> <span class='ocrx_word' id='word_1_281' title='bbox 883 2799 1001 2862; x_wconf 86' lang='lat' dir='ltr'>loeruot</span> <span class='ocrx_word' id='word_1_282' title='bbox 1017 2798 1053 2862; x_wconf 83' lang='lat' dir='ltr'>eb</span> <span class='ocrx_word' id='word_1_283' title='bbox 1071 2799 1121 2865; x_wconf 91' lang='lat' dir='ltr'>illo</span> <span class='ocrx_word' id='word_1_284' title='bbox 1140 2821 1268 2866; x_wconf 84' lang='lat' dir='ltr'>nomme-</span> 
     </span>
    </p>

    <p class='ocr_par' dir='ltr' id='par_1_9' title="bbox 2 2899 1381 3191">
     <span class='ocr_line' id='line_1_27' title="bbox 208 2899 238 2946; baseline 0 0"><span class='ocrx_word' id='word_1_285' title='bbox 208 2899 238 2946; x_wconf 78' lang='lat' dir='ltr'>‘r</span> 
     </span>
     <span class='ocr_line' id='line_1_28' title="bbox 102 2919 1366 3090; baseline 0.007 -24"><span class='ocrx_word' id='word_1_286' title='bbox 102 2919 305 3066; x_wconf 49' lang='grc' dir='ltr'>111οωιιιιιιιιιιι</span> <span class='ocrx_word' id='word_1_287' title='bbox 323 3001 574 3081; x_wconf 81' lang='lat' dir='ltr'>esoni-bomines,</span> <span class='ocrx_word' id='word_1_288' title='bbox 608 2971 642 3068; x_wconf 81' lang='lat' dir='ltr'>eo</span> <span class='ocrx_word' id='word_1_289' title='bbox 664 3013 725 3066; x_wconf 84' lang='lat' dir='ltr'>tote</span> <span class='ocrx_word' id='word_1_290' title='bbox 748 3003 796 3067; x_wconf 85' lang='lat' dir='ltr'>vie</span> <span class='ocrx_word' id='word_1_291' title='bbox 818 3003 951 3068; x_wconf 75' lang='lat' dir='ltr'>veritatis</span> <span class='ocrx_word' id='word_1_292' title='bbox 968 3003 1161 3086; x_wconf 78' lang='lat' dir='ltr'>oberrantes,</span> <span class='ocrx_word' id='word_1_293' title='bbox 1193 3006 1267 3070; x_wconf 85' lang='lat' dir='ltr'>beno</span> <span class='ocrx_word' id='word_1_294' title='bbox 1304 3025 1366 3090; x_wconf 74' lang='lat' dir='ltr'>cap.</span> 
     </span>
     <span class='ocr_line' id='line_1_29' title="bbox 2 3093 1381 3191; baseline 0.004 -24"><span class='ocrx_word' id='word_1_295' title='bbox 2 3098 5 3130; x_wconf 68' lang='lat'>‘&#39;</span> <span class='ocrx_word' id='word_1_296' title='bbox 101 3123 175 3168; x_wconf 88' lang='lat' dir='ltr'>esse</span> <span class='ocrx_word' id='word_1_297' title='bbox 191 3105 355 3190; x_wconf 85' lang='lat' dir='ltr'>seriptoree</span> <span class='ocrx_word' id='word_1_298' title='bbox 370 3105 613 3170; x_wconf 74' lang='lat' dir='ltr'>monsuetudinem</span> <span class='ocrx_word' id='word_1_299' title='bbox 630 3105 779 3191; x_wconf 83' lang='lat' dir='ltr'>ignorent,</span> <span class='ocrx_word' id='word_1_300' title='bbox 799 3117 830 3169; x_wconf 91' lang='lat' dir='ltr'>ut</span> <span class='ocrx_word' id='word_1_301' title='bbox 843 3125 1045 3191; x_wconf 79' lang='lat' dir='ltr'>quaecumque</span> <span class='ocrx_word' id='word_1_302' title='bbox 1059 3107 1167 3172; x_wconf 89' lang='lat' dir='ltr'>dooere</span> <span class='ocrx_word' id='word_1_303' title='bbox 1180 3107 1265 3189; x_wconf 85' lang='lat' dir='ltr'>velit,</span> <span class='ocrx_word' id='word_1_304' title='bbox 1292 3093 1381 3146; x_wconf 69' lang='grc' dir='ltr'><strong>ΧΧΗ·</strong></span> 
     </span>
    </p>
   </div>
   <div class='ocr_carea' id='block_1_9' title="bbox 2 3205 1268 3397">
    <p class='ocr_par' dir='ltr' id='par_1_10' title="bbox 2 3205 1268 3397">
     <span class='ocr_line' id='line_1_30' title="bbox 2 3205 1268 3296; baseline 0.003 -26"><span class='ocrx_word' id='word_1_305' title='bbox 2 3206 4 3234; x_wconf 80' lang='lat'>³</span> <span class='ocrx_word' id='word_1_306' title='bbox 101 3227 165 3270; x_wconf 88' lang='lat' dir='ltr'>uon</span> <span class='ocrx_word' id='word_1_307' title='bbox 182 3206 218 3269; x_wconf 85' lang='lat' dir='ltr'>ob</span> <span class='ocrx_word' id='word_1_308' title='bbox 235 3205 448 3292; x_wconf 77' lang='lat' dir='ltr'>antiquissimis</span> <span class='ocrx_word' id='word_1_309' title='bbox 464 3207 645 3293; x_wconf 88' lang='lat' dir='ltr'>temporibus</span> <span class='ocrx_word' id='word_1_310' title='bbox 666 3218 797 3292; x_wconf 82' lang='lat' dir='ltr'>repetet,</span> <span class='ocrx_word' id='word_1_311' title='bbox 829 3219 880 3273; x_wconf 88' lang='lat' dir='ltr'>snt</span> <span class='ocrx_word' id='word_1_312' title='bbox 899 3207 1018 3294; x_wconf 81' lang='lat' dir='ltr'>abipso</span> <span class='ocrx_word' id='word_1_313' title='bbox 1037 3209 1150 3296; x_wconf 85' lang='lat' dir='ltr'>ospito,</span> <span class='ocrx_word' id='word_1_314' title='bbox 1174 3220 1207 3274; x_wconf 91' lang='lat' dir='ltr'>ut</span> <span class='ocrx_word' id='word_1_315' title='bbox 1227 3211 1268 3274; x_wconf 84' lang='lat' dir='ltr'>its</span> 
     </span>
     <span class='ocr_line' id='line_1_31' title="bbox 2 3307 1268 3397; baseline 0.006 -27"><span class='ocrx_word' id='word_1_316' title='bbox 2 3308 4 3338; x_wconf 82' lang='lat'>&#39;</span> <span class='ocrx_word' id='word_1_317' title='bbox 101 3307 218 3388; x_wconf 83' lang='lat' dir='ltr'>dicem,</span> <span class='ocrx_word' id='word_1_318' title='bbox 242 3320 392 3388; x_wconf 82' lang='lat' dir='ltr'>eroesset,</span> <span class='ocrx_word' id='word_1_319' title='bbox 417 3310 471 3375; x_wconf 86' lang='lat' dir='ltr'>sed</span> <span class='ocrx_word' id='word_1_320' title='bbox 489 3309 526 3375; x_wconf 83' lang='lat' dir='ltr'>ab</span> <span class='ocrx_word' id='word_1_321' title='bbox 543 3309 580 3374; x_wconf 93' lang='lat' dir='ltr'>iis</span> <span class='ocrx_word' id='word_1_322' title='bbox 597 3331 673 3395; x_wconf 86' lang='lat' dir='ltr'>quse</span> <span class='ocrx_word' id='word_1_323' title='bbox 691 3311 825 3397; x_wconf 86' lang='lat' dir='ltr'>proxime</span> <span class='ocrx_word' id='word_1_324' title='bbox 843 3321 929 3390; x_wconf 88' lang='lat' dir='ltr'>sunt,</span> <span class='ocrx_word' id='word_1_325' title='bbox 955 3323 988 3376; x_wconf 91' lang='lat' dir='ltr'>nt</span> <span class='ocrx_word' id='word_1_326' title='bbox 1008 3314 1085 3397; x_wconf 91' lang='lat' dir='ltr'>qnod</span> <span class='ocrx_word' id='word_1_327' title='bbox 1104 3323 1190 3378; x_wconf 80' lang='lat' dir='ltr'>antee</span> <span class='ocrx_word' id='word_1_328' title='bbox 1213 3334 1268 3378; x_wconf 85' lang='lat' dir='ltr'>ex·</span> 
     </span>
    </p>
   </div>
   <div class='ocr_carea' id='block_1_10' title="bbox 101 3409 1409 3498">
    <p class='ocr_par' dir='ltr' id='par_1_11' title="bbox 101 3409 1409 3498">
     <span class='ocr_line' id='line_1_32' title="bbox 101 3409 1409 3498; baseline 0.003 -25"><span class='ocrx_word' id='word_1_329' title='bbox 101 3409 200 3474; x_wconf 89' lang='lat' dir='ltr'>titerit</span> <span class='ocrx_word' id='word_1_330' title='bbox 224 3423 403 3497; x_wconf 86' lang='lat' dir='ltr'>postremum</span> <span class='ocrx_word' id='word_1_331' title='bbox 426 3413 563 3498; x_wconf 85' lang='lat' dir='ltr'>eppellet.</span> <span class='ocrx_word' id='word_1_332' title='bbox 610 3414 709 3497; x_wconf 80' lang='lat' dir='ltr'>Atque</span> <span class='ocrx_word' id='word_1_333' title='bbox 731 3433 767 3478; x_wconf 85' lang='lat' dir='ltr'>ee</span> <span class='ocrx_word' id='word_1_334' title='bbox 790 3434 896 3480; x_wconf 84' lang='lat' dir='ltr'>osnsse</span> <span class='ocrx_word' id='word_1_335' title='bbox 922 3425 968 3479; x_wconf 91' lang='lat' dir='ltr'>est</span> <span class='ocrx_word' id='word_1_336' title='bbox 992 3436 1046 3480; x_wconf 86' lang='lat' dir='ltr'>our</span> <span class='ocrx_word' id='word_1_337' title='bbox 1071 3415 1197 3495; x_wconf 80' lang='lat' dir='ltr'>dixerit,</span> <span class='ocrx_word' id='word_1_338' title='bbox 1231 3420 1409 3488; x_wconf 59' lang='lat' dir='ltr'>Sirenses</span> 
     </span>
    </p>
   </div>
   <div class='ocr_carea' id='block_1_11' title="bbox 2 3515 1268 3704">
    <p class='ocr_par' dir='ltr' id='par_1_12' title="bbox 2 3515 1268 3704">
     <span class='ocr_line' id='line_1_33' title="bbox 2 3515 1268 3601; baseline 0.004 -25"><span class='ocrx_word' id='word_1_339' title='bbox 2 3537 3 3542; x_wconf 49' lang='lat'>¹</span> <span class='ocrx_word' id='word_1_340' title='bbox 100 3519 273 3576; x_wconf 69' lang='lat' dir='ltr'>amoenam</span> <span class='ocrx_word' id='word_1_341' title='bbox 291 3517 368 3578; x_wconf 82' lang='lat' dir='ltr'>uobis</span> <span class='ocrx_word' id='word_1_342' title='bbox 384 3537 456 3598; x_wconf 86' lang='lat' dir='ltr'>quoe</span> <span class='ocrx_word' id='word_1_343' title='bbox 475 3518 704 3597; x_wconf 73' lang='lat' dir='ltr'>quondr&#39;efiunt‚</span> <span class='ocrx_word' id='word_1_344' title='bbox 737 3515 842 3580; x_wconf 85' lang='lat' dir='ltr'>deinde</span> <span class='ocrx_word' id='word_1_345' title='bbox 864 3519 1083 3582; x_wconf 74' lang='lat' dir='ltr'>commemorabo</span> <span class='ocrx_word' id='word_1_346' title='bbox 1101 3541 1173 3601; x_wconf 79' lang='lat' dir='ltr'>qnae</span> <span class='ocrx_word' id='word_1_347' title='bbox 1190 3541 1208 3581; x_wconf 88' lang='lat' dir='ltr'>o</span> <span class='ocrx_word' id='word_1_348' title='bbox 1224 3539 1268 3581; x_wconf 87' lang='lat' dir='ltr'>re-</span> 
     </span>
     <span class='ocr_line' id='line_1_34' title="bbox 2 3615 1266 3704; baseline 0.006 -27"><span class='ocrx_word' id='word_1_349' title='bbox 2 3643 3 3646; x_wconf 40' lang='lat'><em>*</em></span> <span class='ocrx_word' id='word_1_350' title='bbox 100 3618 171 3678; x_wconf 79' lang='lat' dir='ltr'>outo</span> <span class='ocrx_word' id='word_1_351' title='bbox 187 3628 264 3678; x_wconf 83' lang='lat' dir='ltr'>sont.</span> <span class='ocrx_word' id='word_1_352' title='bbox 301 3615 369 3700; x_wconf 81' lang='lat' dir='ltr'>Qus</span> <span class='ocrx_word' id='word_1_353' title='bbox 386 3616 474 3681; x_wconf 86' lang='lat' dir='ltr'>etism</span> <span class='ocrx_word' id='word_1_354' title='bbox 489 3615 591 3704; x_wconf 79' lang='lat' dir='ltr'>Moysi</span> <span class='ocrx_word' id='word_1_355' title='bbox 607 3617 731 3701; x_wconf 89' lang='lat' dir='ltr'>primum</span> <span class='ocrx_word' id='word_1_356' title='bbox 747 3618 820 3682; x_wconf 93' lang='lat' dir='ltr'>dens</span> <span class='ocrx_word' id='word_1_357' title='bbox 837 3619 989 3683; x_wconf 88' lang='lat' dir='ltr'>urdontom</span> <span class='ocrx_word' id='word_1_358' title='bbox 1008 3619 1106 3704; x_wconf 78' lang='lat' dir='ltr'>ignem</span> <span class='ocrx_word' id='word_1_359' title='bbox 1124 3621 1266 3701; x_wconf 86' lang='lat' dir='ltr'>ostendit,</span> 
     </span>
    </p>
   </div>
   <div class='ocr_carea' id='block_1_12' title="bbox 100 3718 1421 4214">
    <p class='ocr_par' dir='ltr' id='par_1_13' title="bbox 100 3718 1421 4214">
     <span class='ocr_line' id='line_1_35' title="bbox 101 3718 1267 3806; baseline 0.004 -25"><span class='ocrx_word' id='word_1_360' title='bbox 101 3718 251 3805; x_wconf 81' lang='lat' dir='ltr'>pauloque</span> <span class='ocrx_word' id='word_1_361' title='bbox 269 3730 335 3806; x_wconf 90' lang='lat' dir='ltr'>post</span> <span class='ocrx_word' id='word_1_362' title='bbox 356 3719 386 3784; x_wconf 91' lang='lat' dir='ltr'>in</span> <span class='ocrx_word' id='word_1_363' title='bbox 404 3720 501 3784; x_wconf 91' lang='lat' dir='ltr'>medio</span> <span class='ocrx_word' id='word_1_364' title='bbox 520 3719 584 3784; x_wconf 92' lang='lat' dir='ltr'>rubi</span> <span class='ocrx_word' id='word_1_365' title='bbox 602 3720 737 3785; x_wconf 79' lang='lat' dir='ltr'>incendio</span> <span class='ocrx_word' id='word_1_366' title='bbox 755 3721 850 3786; x_wconf 88' lang='lat' dir='ltr'>visum</span> <span class='ocrx_word' id='word_1_367' title='bbox 870 3720 939 3785; x_wconf 91' lang='lat' dir='ltr'>illud</span> <span class='ocrx_word' id='word_1_368' title='bbox 961 3721 1089 3788; x_wconf 78' lang='lat' dir='ltr'>ostreum</span> <span class='ocrx_word' id='word_1_369' title='bbox 1113 3733 1175 3803; x_wconf 77' lang='lat' dir='ltr'>est3</span> <span class='ocrx_word' id='word_1_370' title='bbox 1206 3733 1267 3788; x_wconf 86' lang='lat' dir='ltr'>tum</span> 
     </span>
     <span class='ocr_line' id='line_1_36' title="bbox 100 3821 1270 3910; baseline 0.003 -26"><span class='ocrx_word' id='word_1_371' title='bbox 100 3821 230 3904; x_wconf 76' lang='lat' dir='ltr'>augelus</span> <span class='ocrx_word' id='word_1_372' title='bbox 248 3821 275 3884; x_wconf 89' lang='lat' dir='ltr'>ei</span> <span class='ocrx_word' id='word_1_373' title='bbox 291 3821 415 3887; x_wconf 84' lang='lat' dir='ltr'>subinde</span> <span class='ocrx_word' id='word_1_374' title='bbox 431 3824 547 3888; x_wconf 86' lang='lat' dir='ltr'>loeutus</span> <span class='ocrx_word' id='word_1_375' title='bbox 564 3834 627 3904; x_wconf 86' lang='lat' dir='ltr'>est,</span> <span class='ocrx_word' id='word_1_376' title='bbox 650 3844 685 3887; x_wconf 84' lang='lat' dir='ltr'>eo</span> <span class='ocrx_word' id='word_1_377' title='bbox 702 3833 804 3910; x_wconf 84' lang='lat' dir='ltr'>posteo</span> <span class='ocrx_word' id='word_1_378' title='bbox 823 3823 959 3888; x_wconf 91' lang='lat' dir='ltr'>dominos</span> <span class='ocrx_word' id='word_1_379' title='bbox 980 3845 1021 3889; x_wconf 83' lang='lat' dir='ltr'>ex</span> <span class='ocrx_word' id='word_1_380' title='bbox 1037 3825 1111 3888; x_wconf 87' lang='lat' dir='ltr'>rubo</span> <span class='ocrx_word' id='word_1_381' title='bbox 1134 3823 1270 3890; x_wconf 88' lang='lat' dir='ltr'>similitor</span> 
     </span>
     <span class='ocr_line' id='line_1_37' title="bbox 100 3923 1266 4012; baseline 0.005 -26"><span class='ocrx_word' id='word_1_382' title='bbox 100 3923 213 3988; x_wconf 80' lang='lat' dir='ltr'>effetus</span> <span class='ocrx_word' id='word_1_383' title='bbox 233 3936 290 3989; x_wconf 91' lang='lat' dir='ltr'>est.</span> <span class='ocrx_word' id='word_1_384' title='bbox 337 3923 379 3989; x_wconf 84' lang='grc' dir='ltr'>Αι</span> <span class='ocrx_word' id='word_1_385' title='bbox 393 3925 456 4010; x_wconf 90' lang='lat' dir='ltr'>ipse</span> <span class='ocrx_word' id='word_1_386' title='bbox 476 3947 535 3990; x_wconf 89' lang='lat' dir='ltr'>uon</span> <span class='ocrx_word' id='word_1_387' title='bbox 555 3945 590 3990; x_wconf 83' lang='lat' dir='ltr'>on</span> <span class='ocrx_word' id='word_1_388' title='bbox 610 3925 734 3990; x_wconf 87' lang='lat' dir='ltr'>subinde</span> <span class='ocrx_word' id='word_1_389' title='bbox 751 3945 826 4011; x_wconf 86' lang='lat' dir='ltr'>quse</span> <span class='ocrx_word' id='word_1_390' title='bbox 845 3927 1021 3992; x_wconf 86' lang='lat' dir='ltr'>ridebuntur</span> <span class='ocrx_word' id='word_1_391' title='bbox 1042 3928 1196 4012; x_wconf 80' lang='lat' dir='ltr'>alloquens</span> <span class='ocrx_word' id='word_1_392' title='bbox 1219 3947 1266 3992; x_wconf 89' lang='lat' dir='ltr'>re-</span> 
     </span>
     <span class='ocr_line' id='line_1_38' title="bbox 101 4025 1421 4115; baseline 0.004 -26"><span class='ocrx_word' id='word_1_393' title='bbox 101 4025 214 4111; x_wconf 83' lang='lat' dir='ltr'>quirit,</span> <span class='ocrx_word' id='word_1_394' title='bbox 245 4028 296 4092; x_wconf 86' lang='lat' dir='ltr'>sod</span> <span class='ocrx_word' id='word_1_395' title='bbox 316 4027 352 4092; x_wconf 88' lang='lat' dir='ltr'>de</span> <span class='ocrx_word' id='word_1_396' title='bbox 371 4027 416 4092; x_wconf 90' lang='lat' dir='ltr'>bis</span> <span class='ocrx_word' id='word_1_397' title='bbox 434 4048 509 4112; x_wconf 87' lang='lat' dir='ltr'>quse</span> <span class='ocrx_word' id='word_1_398' title='bbox 531 4027 568 4090; x_wconf 88' lang='lat' dir='ltr'>sb</span> <span class='ocrx_word' id='word_1_399' title='bbox 584 4027 669 4092; x_wconf 92' lang='lat' dir='ltr'>initio</span> <span class='ocrx_word' id='word_1_400' title='bbox 690 4029 807 4092; x_wconf 86' lang='lat' dir='ltr'>luerunt</span> <span class='ocrx_word' id='word_1_401' title='bbox 828 4027 1002 4114; x_wconf 77' lang='lat' dir='ltr'>interroget.</span> <span class='ocrx_word' id='word_1_402' title='bbox 1050 4035 1135 4104; x_wconf 77' lang='lat' dir='ltr'>Veni,</span> <span class='ocrx_word' id='word_1_403' title='bbox 1161 4029 1266 4115; x_wconf 88' lang='lat' dir='ltr'>inquit,</span> <span class='ocrx_word' id='word_1_404' title='bbox 1282 4045 1421 4106; x_wconf 66' lang='lat' dir='ltr'>stenen</span> 
     </span>
     <span class='ocr_line' id='line_1_39' title="bbox 101 4132 1270 4214; baseline 0.005 -24"><span class='ocrx_word' id='word_1_405' title='bbox 101 4142 133 4190; x_wconf 86' lang='lat' dir='ltr'>et</span> <span class='ocrx_word' id='word_1_406' title='bbox 157 4132 266 4192; x_wconf 79' lang='lat' dir='ltr'>mittum</span> <span class='ocrx_word' id='word_1_407' title='bbox 290 4142 316 4192; x_wconf 85' lang='lat' dir='ltr'>te</span> <span class='ocrx_word' id='word_1_408' title='bbox 337 4133 376 4192; x_wconf 89' lang='lat' dir='ltr'>od</span> <span class='ocrx_word' id='word_1_409' title='bbox 387 4133 472 4210; x_wconf 80' lang='lat' dir='ltr'>filios</span> <span class='ocrx_word' id='word_1_410' title='bbox 493 4133 603 4204; x_wconf 72' lang='lat' dir='ltr'>Isroe&#39;l,</span> <span class='ocrx_word' id='word_1_411' title='bbox 629 4142 658 4191; x_wconf 85' lang='lat' dir='ltr'>et</span> <span class='ocrx_word' id='word_1_412' title='bbox 678 4134 755 4194; x_wconf 84' lang='lat' dir='ltr'>de&#39;ees</span> <span class='ocrx_word' id='word_1_413' title='bbox 775 4135 815 4194; x_wconf 82' lang='lat' dir='ltr'>nd</span> <span class='ocrx_word' id='word_1_414' title='bbox 835 4153 899 4206; x_wconf 87' lang='lat' dir='ltr'>eos,</span> <span class='ocrx_word' id='word_1_415' title='bbox 930 4137 1007 4194; x_wconf 81' lang='lat' dir='ltr'>Beue</span> <span class='ocrx_word' id='word_1_416' title='bbox 1024 4144 1139 4214; x_wconf 79' lang='lat' dir='ltr'>potrum</span> <span class='ocrx_word' id='word_1_417' title='bbox 1163 4145 1270 4196; x_wconf 71' lang='lat' dir='ltr'>uerno·</span> 
     </span>
    </p>
   </div>
   <div class='ocr_carea' id='block_1_13' title="bbox 101 4313 1270 4520">
    <p class='ocr_par' dir='ltr' id='par_1_14' title="bbox 101 4313 1270 4520">
     <span class='ocr_line' id='line_1_40' title="bbox 137 4313 1270 4386; baseline 0.002 -18"><span class='ocrx_word' id='word_1_418' title='bbox 137 4316 164 4368; x_wconf 65' lang='lat'>3</span> <span class='ocrx_word' id='word_1_419' title='bbox 183 4313 287 4386; x_wconf 68' lang='grc' dir='ltr'>σημάνῃ</span> <span class='ocrx_word' id='word_1_420' title='bbox 305 4319 373 4369; x_wconf 75' lang='lat' dir='ltr'>mod</span> <span class='ocrx_word' id='word_1_421' title='bbox 390 4331 446 4368; x_wconf 82' lang='lat' dir='ltr'>mes.</span> <span class='ocrx_word' id='word_1_422' title='bbox 463 4323 485 4369; x_wconf 86' lang='lat' dir='ltr'>et</span> <span class='ocrx_word' id='word_1_423' title='bbox 501 4319 537 4370; x_wconf 72' lang='lat' dir='ltr'>ed</span> <span class='ocrx_word' id='word_1_424' title='bbox 553 4333 591 4382; x_wconf 85' lang='lat' dir='ltr'>pr.</span> <span class='ocrx_word' id='word_1_425' title='bbox 626 4334 673 4385; x_wconf 83' lang='grc' dir='ltr'>ση-</span> <span class='ocrx_word' id='word_1_426' title='bbox 706 4324 773 4371; x_wconf 77' lang='lat' dir='ltr'>mute</span> <span class='ocrx_word' id='word_1_427' title='bbox 792 4321 915 4382; x_wconf 74' lang='lat' dir='ltr'>comneno,</span> <span class='ocrx_word' id='word_1_428' title='bbox 931 4323 973 4384; x_wconf 78' lang='lat' dir='ltr'>qut</span> <span class='ocrx_word' id='word_1_429' title='bbox 989 4325 1100 4373; x_wconf 78' lang='lat' dir='ltr'>oonomr&#39;t</span> <span class='ocrx_word' id='word_1_430' title='bbox 1114 4328 1142 4371; x_wconf 84' lang='lat' dir='ltr'>et</span> <span class='ocrx_word' id='word_1_431' title='bbox 1158 4319 1270 4371; x_wconf 82' lang='lat' dir='ltr'>mentio-</span> 
     </span>
     <span class='ocr_line' id='line_1_41' title="bbox 101 4382 1269 4458; baseline 0.004 -23"><span class='ocrx_word' id='word_1_432' title='bbox 101 4382 185 4454; x_wconf 71' lang='grc' dir='ltr'>μαιιῃ</span> <span class='ocrx_word' id='word_1_433' title='bbox 204 4386 241 4435; x_wconf 83' lang='lat' dir='ltr'>ed.</span> <span class='ocrx_word' id='word_1_434' title='bbox 256 4389 338 4436; x_wconf 84' lang='lat' dir='ltr'>Petne.</span> <span class='ocrx_word' id='word_1_435' title='bbox 705 4403 763 4438; x_wconf 84' lang='lat' dir='ltr'>uem</span> <span class='ocrx_word' id='word_1_436' title='bbox 789 4387 880 4440; x_wconf 77' lang='lat' dir='ltr'>leolum</span> <span class='ocrx_word' id='word_1_437' title='bbox 906 4404 1080 4458; x_wconf 74' lang='lat' dir='ltr'>eorumquae</span> <span class='ocrx_word' id='word_1_438' title='bbox 1111 4389 1144 4441; x_wconf 84' lang='lat' dir='ltr'>eb</span> <span class='ocrx_word' id='word_1_439' title='bbox 1164 4399 1269 4442; x_wconf 83' lang='lat' dir='ltr'>eetemo</span> 
     </span>
     <span class='ocr_line' id='line_1_42' title="bbox 136 4449 773 4520; baseline 0.008 -15"><span class='ocrx_word' id='word_1_440' title='bbox 136 4451 162 4505; x_wconf 76' lang='lat'>4.</span> <span class='ocrx_word' id='word_1_441' title='bbox 182 4449 352 4520; x_wconf 77' lang='grc' dir='ltr'>μιημιιιιισω</span> <span class='ocrx_word' id='word_1_442' title='bbox 364 4456 458 4518; x_wconf 63' lang='lat' dir='ltr'>monuit</span> <span class='ocrx_word' id='word_1_443' title='bbox 472 4457 585 4519; x_wconf 70' lang='lat' dir='ltr'>retorto,</span> <span class='ocrx_word' id='word_1_444' title='bbox 601 4469 673 4520; x_wconf 80' lang='lat' dir='ltr'>proe-</span> <span class='ocrx_word' id='word_1_445' title='bbox 706 4465 773 4510; x_wconf 78' lang='lat' dir='ltr'>root.</span> 
     </span>
    </p>
   </div>
   <div class='ocr_carea' id='block_1_14' title="bbox 0 0 1578 4938">
    <p class='ocr_par' dir='ltr' id='par_1_15' title="bbox 0 0 1578 4938">
     <span class='ocr_line' id='line_1_43' title="bbox 0 0 1578 4938; baseline 0 1"><span class='ocrx_word' id='word_1_446' title='bbox 0 0 1578 4938; x_wconf 95' lang='lat' dir='ltr'> </span> 
     </span>
    </p>
   </div>
  </div>
 </body>
</html>
