3116 4934
352 259 487 314 l’blldel
503 261 567 320 le·
581 259 614 312 ll.
630 259 713 314 nott.
725 261 745 312 l.
763 259 861 312 aaut.
874 257 966 312 LXIV.
1175 245 1235 312 238

89 380 232 446 ministris
252 379 420 446 necamaria
444 391 546 460 erunt,
570 401 685 446 necnon
706 391 737 445 et
752 380 881 445 ohannem
900 384 935 444 a'c
955 377 1084 464 reliquos
1105 389 1237 463 sumptus

89 483 217 568 benigne
241 484 467 570 suppeditaret,
491 494 522 547 et
542 480 691 568 Origenes
715 483 828 566 magnis
853 481 962 566 vigiliis
987 481 1156 567 ingentique
1178 481 1239 546 otio

90 587 163 652 lunc
180 587 366 652 enarrandae
382 585 545 672 scripturae
558 586 687 651 laborem
703 594 941 672 prosequeretur.
985 581 1115 650 Primum
1132 583 1160 648 ei
1176 593 1238 648 stu·

90 689 163 752 dium
183 689 239 753 tait
254 709 310 753 sex
327 689 357 753 in
373 709 460 754 onom
478 689 737 774 interpretationes
754 689 908 767 nonime,
933 686 1076 772 Aquilae,
1101 683 1240 771 Symma-

90 791 151 869 cbi,
176 788 372 877 Septuaginta
390 791 532 869 duorum,
558 789 789 870 Theodotionis‚
813 810 870 854 oon
889 811 955 853 eom
970 788 1110 854 Editioue
1126 786 1238 872 Quinta

89 913 121 957 an
139 889 254 974 Senum
286 892 390 979 quibus
413 904 501 958 aesta
526 893 656 978 singulas
675 891 836 956 ldebraicas
863 891 1005 956 dictiones
1029 889 1154 976 propriis
1177 890 1238 952 ele·

88 995 194 1060 nentis
211 995 390 1081 perscriptas
407 995 533 1074 addidit,
558 1005 617 1060 tuna
633 1015 673 1058 ex
690 995 816 1060 aduerso
833 994 926 1059 altero
944 993 974 1058 iu
993 990 1098 1079 pagina
1113 1003 1237 1056 contex-

90 1108 144 1162 tom
162 1097 290 1162 alternus
310 1099 378 1162 lecit
398 1118 438 1162 ex
456 1096 612 1162 Hebraicis
635 1095 809 1162 dictionibus
829 1093 954 1161 Graecis
976 1095 1069 1159 literis
1091 1095 1236 1161 exuretis.

88 1197 172 1264 llnnc
189 1199 222 1264 in
247 1199 362 1264 modurn
382 1200 527 1266 uolumina
546 1200 611 1278 illa,
636 1219 710 1284 quae
728 1197 862 1286 llexaple
884 1199 1037 1277 dicuntur,
1059 1195 1234 1283 composuit,

89 1320 158 1386 quae
176 1311 299 1387 praeter
314 1299 448 1366 Graecus
466 1302 611 1367 editiones
629 1303 700 1366 duas
723 1302 844 1386 iusuper
858 1299 999 1366 ldebraicl
1020 1299 1165 1364 sermonis
1188 1319 1238 1362 eo-

86 1403 199 1468 lumnas
216 1404 383 1484 continent,
407 1405 529 1469 alteram
545 1402 700 1468 Hebraicis
714 1403 804 1489 ipsis,
827 1404 949 1468 alteram
967 1401 1092 1468 Graecis
1110 1401 1238 1466 elemen-

88 1504 122 1568 tis
148 1506 370 1592 conseriptanrq
401 1509 477 1571 adeo
502 1518 535 1570 ut
561 1518 647 1570 vetus
674 1527 760 1570 omne
784 1516 988 1570 testamentum
1014 1516 1072 1570 tan
1094 1503 1237 1589 ldexaplia

88 1607 230 1672 eiusmodi
253 1629 338 1692 qnam
358 1609 463 1695 duplici
480 1608 692 1674 Hebraioorom
710 1607 919 1673 vocabulorum
942 1618 1083 1672 oontextn
1105 1625 1238 1691 compre·

87 1709 209 1774 beusnm
229 1711 328 1774 luerit.
375 1706 450 1775 Com
469 1711 524 1775 boo
538 1720 630 1776 totum
649 1731 722 1797 opue
737 1731 851 1776 summo
866 1710 914 1774 ille
931 1731 996 1774 cunr
1009 1709 1110 1774 labore
1126 1707 1237 1774 studio·

88 1833 141 1896 que
162 1813 359 1896 perfecisset,
387 1834 445 1878 noo
468 1825 610 1899 perpetuo
633 1813 758 1880 nominis
781 1814 827 1876 aui
849 1833 884 1878 ac
905 1812 1017 1897 gloriae
1039 1811 1235 1896 integritatem

85 1913 225 1992 retinnit,
248 1917 300 1979 sed
319 1926 399 1982 tanta
421 1917 573 1980 doctrinae
594 1917 641 1980 vis
663 1937 698 1980 ac
715 1915 798 2002 copia
822 1916 925 1980 ruinae
947 1915 988 1979 illi
1007 1935 1042 1978 ac
1063 1913 1237 1978 calamitatis

86 2015 273 2080 occasionem
289 2017 379 2082 dedit.
423 2015 501 2084 Nam
519 2040 597 2100 nom,
621 2031 654 2084 ut
665 2019 720 2086 sibi
737 2029 941 2105 proposuerat,
965 2017 1071 2082 nnllam
1086 2037 1237 2082 sacrarum

85 2117 236 2183 literarum
257 2129 385 2204 partem,
409 2141 495 2206 qoam
514 2143 572 2186 non
596 2123 774 2205 explicaret,
798 2120 933 2186 omittere
950 2119 1057 2199 uellet,
1080 2119 1111 2184 in
1133 2120 1237 2204 iugens

85 2240 116 2284 se
134 2230 290 2306 peccatum
306 2223 467 2303 commisit,
491 2245 527 2288 ac
544 2225 711 2288 mortiferas
727 2223 866 2310 quasdam
883 2241 973 2288 voces
989 2223 1137 2307 exposuit,
1160 2222 1238 2286 unde

84 2318 324 2408 origenistarum
345 2335 426 2388 secta
450 2326 605 2411 produxit,
628 2347 687 2392 non
703 2326 887 2412 superiorum
901 2325 1035 2403 illorum,
1059 2325 1107 2410 qui
1130 2321 1239 2408 insigni

85 2425 269 2512 turpitudine
290 2437 371 2490 suot.
415 2425 462 2491 lle
477 2428 535 2492 illis
552 2430 647 2509 enirn,
671 2440 704 2492 ut
720 2439 789 2493 ante
810 2427 888 2508 dixi,
911 2428 984 2490 certi
1002 2426 1071 2490 nibil
1094 2427 1239 2490 offirmare

83 2547 203 2611 possm
222 2538 319 2596 utrum
339 2529 376 2592 ab
393 2529 569 2595 Adamantio
587 2528 731 2616 Origene,
755 2551 792 2594 ao
810 2530 846 2595 ab
866 2527 963 2613 aliquo
981 2529 1039 2593 alio
1056 2527 1107 2613 qui
1123 2537 1153 2592 et
1168 2524 1238 2593 Ori·

83 2649 184 2712 genes·
202 2631 269 2715 ipse
294 2629 458 2712 diceretur,
487 2631 601 2698 initium
627 2632 804 2718 acceperint.
851 2629 990 2696 Ceterum
1012 2633 1136 2694 eundem
1158 2630 1238 2694 illum

84 2727 251 2816 Origenem
272 2735 395 2796 narrant
417 2734 550 2819 quiddam
569 2737 599 2799 in
617 2735 821 2822 corpusculum
843 2735 1030 2818 excogitasse
1048 2753 1150 2812 soum,
1174 2733 1239 2796 sire

83 2854 211 2898 aerunna
231 2833 306 2912 eibi,
330 2845 362 2898 ut
379 2835 494 2920 quidam
511 2837 701 2920 existimant,
724 2835 877 2917 inciderit,
900 2858 959 2922 quo
980 2857 1013 2900 ee
1035 2835 1239 2902 illecebrarum

80 2937 224 3002 molestie
244 2937 400 3016 liberaret,
425 2959 519 3024 nequo
544 2939 676 3025 turpibus
699 2941 832 3027 corporis
855 2939 980 3004 motibus
1000 2938 1083 3004 velut
1103 2938 1239 3002 incendio

82 3041 211 3123 quodam
228 3049 395 3118 aestuaret,
419 3041 500 3119 sive,
525 3043 601 3126 quod
616 3043 665 3107 alii
682 3043 809 3122 malunt,
833 3041 1045 3106 medicamento
1061 3041 1157 3125 aliquo
1172 3061 1240 3126 par·

81 3141 161 3206 tibus
186 3141 247 3205 illis
266 3141 400 3227 imposita
423 3143 589 3208 reeicoarit.
634 3142 711 3210 Snnt
728 3145 776 3230 qui
794 3144 852 3209 alia
871 3144 1010 3228 qnondam
1033 3142 1075 3206 illi
1097 3143 1236 3221 tribuant,
1248 3179 1268 3216 0

80 3243 174 3308 relnti
194 3243 272 3328 quod
289 3245 326 3307 ad
341 3245 497 3309 iuvandam
519 3245 689 3312 memorium
708 3247 879 3312 medicatam
896 3247 1038 3331 qnondam
1056 3243 1175 3308 herbam
1190 3265 1238 3308 ra·

79 3346 207 3429 pererit.
256 3341 342 3428 Quae
364 3347 456 3431 igitur
477 3349 599 3432 grandia
618 3349 654 3413 de
670 3349 721 3414 illo
739 3371 774 3414 ao
795 3348 947 3432 mugnilioa
972 3349 1148 3433 produntur,
1178 3367 1238 3410 non

78 3448 204 3512 omnino
222 3447 280 3511 lide
297 3449 385 3534 digna
406 3469 573 3515 censemus.
618 3447 817 3518 Nihilominus
836 3471 911 3536 quae
933 3451 1078 3519 communi
1100 3468 1237 3514 sermone

78 3550 336 3634 percrebuerunt,
360 3553 522 3636 praeterire
545 3553 702 3619 noluimus.

167 3649 259 3735 Quod
276 3655 312 3717 ad
330 3653 467 3722 baeresiu
483 3655 562 3721 illam
576 3655 681 3720 attinet
696 3655 781 3722 cuius
799 3666 903 3720 auctor
919 3657 989 3736 luit,
1012 3675 1047 3720 ea
1069 3655 1191 3742 primum
1206 3653 1237 3718 in
1253 3661 1314 3732 cap.
1328 3661 1370 3714 tt.

77 3751 225 3842 Aegypto
245 3769 407 3842 propagata
426 3757 511 3822 bodie
528 3759 607 3822 iuter
629 3759 803 3846 praecipuos
825 3771 913 3845 atque
934 3779 987 3824 eos
1009 3757 1136 3823 maxime
1157 3755 1238 3840 riget

74 3941 134 4008 asel
151 3940 268 4004 norme
285 3943 330 3997 καὶ
347 3943 380 4000 roi
393 3947 499 4004 πλεῖστα
516 3946 567 4000 coia
584 3963 643 4015 γρα-
676 3957 688 4000 ι
735 3947 855 4000 itndinem
871 3947 954 4000 locum
972 3946 1094 4000 obtinent.

75 4011 133 4079 pais
152 4011 246 4071 κακῶς
261 4009 392 4078 φράσας.“
730 4012 841 4069 ,τούτου
859 4018 903 4069 τοῦ
921 4019 971 4068 cod.
989 4017 1065 4066 l'enet.

106 4081 134 4132 3.
155 4081 272 4132 sesam
284 4095 452 4134 mosomense
464 4085 593 4135 modom
606 4087 644 4133 tu-
712 4087 737 4136 5.
755 4080 832 4148 σῶμά
845 4099 884 4144 τι,
903 4075 930 4137 ba
947 4085 969 4138 cl
983 4081 1029 4150 pto
1045 4095 1100 4132 meo
1114 4085 1147 4132 eet
1161 4095 1237 4134 enen·

73 4149 180 4200 ἀιωιιιῖ.
216 4151 345 4201 Gonanrttrs
358 4151 475 4202 reddidit:
498 4167 548 4202 non
571 4150 645 4218 primi
678 4155 751 4204 dntio.
784 4153 850 4201 Libri
871 4155 948 4216 enlm,
974 4156 1082 4216 quotquot
1098 4154 1169 4214 nom,
1194 4154 1237 4204 bn·

72 4215 109 4266 illi
132 4215 182 4284 qni
203 4224 302 4283 turpem
323 4217 448 4269 actionem
466 4217 568 4270 iaciunt.
603 4221 644 4269 Lt-
678 4223 729 4271 bent
746 4215 812 4272 κατὰ
828 4215 857 4273 cd
873 4215 1007 4286 σωμάτιον.
1043 4217 1066 4270 οἱ
1083 4215 1127 4286 μὲν
1144 4225 1194 4271 cett.

73 4287 109 4336 tn·
129 4287 224 4335 tabent
246 4280 293 4356 οὐχ
314 4286 338 4340 ot
358 4287 467 4354 πρῶτοι,
492 4287 514 4342 ol
537 4285 583 4353 τήν
606 4287 644 4340 nl·
711 4287 736 4340 6.
761 4288 941 4352 πυρπολεῖσθαι
966 4289 1030 4338 eod·
1044 4290 1121 4338 Venet.
1164 4290 1238 4353 Vulgo

74 4351 243 4420 monentes·
282 4357 388 4408 Mende
413 4369 463 4406 unc
487 4361 538 4408 ont
559 4359 645 4409 noculo
678 4357 785 4410 mendose
799 4357 986 4426 conponentes
1003 4385 1038 4396 -
1070 4358 1097 4408 ln
1111 4369 1172 4422 seqq.
1186 4372 1237 4409 eor·

73 4421 102 4478 el.
121 4435 193 4485 quare
207 4435 238 4471 ex
250 4435 307 4474 uene
354 4424 417 4481 uiros
430 4430 570 4476 consonet
590 4427 645 4476 Ver-
677 4429 729 4478 rent
744 4439 828 4493 φασιν.
863 4427 937 4489 Vutqo
953 4429 1015 4480 entre
1031 4430 1095 4478 mot
1111 4439 1196 4495 φησιν.

72 4491 177 4544 tendam
192 4495 241 4542 eet:
264 4490 339 4545 noe'
359 4491 366 4504 '
383 4489 425 4564 qui
438 4491 544 4562 primum
561 4491 646 4564 quoad
1077 4519 1080 4528 ‹
