3186 4928
381 187 517 242 aauanu
534 188 598 242 urs.
611 189 644 240 u.
662 188 743 242 rou.
757 190 788 240 u.
806 187 1010 242 uaanuxvr.
1214 179 1276 247 423

116 310 212 375 altero
231 327 397 374 commune.
438 303 533 392 Igitur
547 329 565 374 a
581 328 614 372 se
632 307 682 372 illa
700 319 797 374 mutua
814 329 946 394 separas,
972 329 1066 393 neque
1082 308 1199 376 dubium
1218 322 1275 390 est,

118 411 372 496 quandoquidem,
396 421 428 474 ιιι
451 408 541 491 dicis,
570 411 720 474 contraria
744 423 823 476 suut.
869 411 961 496 Atqui
982 412 1007 474 si
1032 433 1072 476 eu
1098 423 1202 478 natura
1223 433 1278 479 sua

117 536 177 578 uua
193 523 362 592 versentur,
387 534 571 597 consequeus
588 524 634 578 est
651 524 682 578 ut
698 525 727 578 et
741 511 833 578 antioc
848 513 975 580 invicem
993 515 1190 595 consentiant,
1213 538 1277 580 mu-

118 629 226 702 tuaque
251 616 458 680 oouiouotioue
481 637 516 680 ao
538 617 750 680 cousuetudine
770 617 938 694 socientur,
963 637 1058 700 neque
1078 637 1095 680 a
1117 637 1185 682 sese
1206 639 1277 703 prae

117 740 218 783 amore
245 740 280 783 nc
307 719 465 784 concordia
492 717 679 782 divellantur.
727 715 812 801 Quod
839 721 863 782 si
888 719 1014 784 invicem
1037 731 1173 805 separata
1195 733 1275 800 sont,

118 821 221 884 luorum
246 821 470 906 unumquodque
494 819 605 884 linitum
626 821 665 884 sit
684 831 809 905 oportet.
857 820 944 905 Quod
966 832 1062 886 autem
1085 822 1196 886 linitum
1217 833 1274 903 est,

117 926 280 1008 perlectum
301 945 360 988 uou
380 934 442 1003 est,
468 935 513 986 est
539 924 615 987 enim
642 923 699 986 line
719 945 773 988 suo
798 923 1061 1009 circumscriptum.
1108 924 1277 1009 Quinetiam

117 1025 262 1090 terminus
286 1025 390 1111 aliquis
410 1025 604 1110 requirendus
623 1024 695 1106 erit,
721 1026 768 1110 qui
786 1035 940 1110 utrumque
956 1026 1093 1106 definiat,
1117 1048 1172 1106 ue,
1196 1025 1223 1090 si
1244 1048 1278 1092 se

117 1142 218 1194 mutuo
242 1127 437 1212 contigerint,
462 1129 667 1192 commuuione
688 1125 785 1211 aliqua
805 1128 946 1192 extremis
970 1128 1026 1192 illis
1050 1127 1204 1196 infinibus
1227 1151 1277 1194 co·

117 1232 272 1319 pulentur,
295 1243 382 1316 atquc
400 1230 441 1293 ita
458 1229 618 1294 constituta
633 1228 683 1293 illa
699 1231 894 1294 contrarietas
910 1231 1077 1300 intercidat.
1123 1229 1185 1296 lum
1204 1252 1284 1311 vero·

116 1333 143 1400 si
159 1333 317 1420 quidpiam,
342 1333 418 1418 quod
435 1333 484 1396 illa
501 1333 628 1412 dirimat,
652 1332 804 1398 amborum
823 1333 854 1398 iu
873 1335 969 1397 medio
985 1333 1193 1414 collocaveris,
1217 1355 1277 1398 uon

117 1445 215 1524 potest
229 1437 258 1502 id
276 1437 352 1520 quod
366 1434 476 1498 dirimit
493 1435 608 1500 illorum
626 1455 692 1500 esse
708 1433 821 1516 simile,
845 1437 897 1500 sed
914 1436 951 1499 ab
970 1445 1093 1522 utraque
1114 1437 1273 1504 diversum.

116 1537 235 1632 Etenim
252 1539 277 1602 si
296 1538 333 1601 ab
352 1558 410 1614 noa
428 1546 512 1623 parte
531 1537 557 1602 id
576 1539 652 1622 quod
670 1549 787 1622 separat
806 1538 890 1602 alteri
916 1559 956 1602 ex
973 1539 1103 1604 aeternis
1123 1540 1181 1604 illis
1198 1540 1277 1626 prin·

12 1723 13 1730 ἵ
115 1641 201 1727 oipiis
221 1640 315 1705 simile
333 1641 438 1720 luerit,
461 1640 498 1703 ab
516 1661 553 1703 eo
574 1640 657 1707 cuius
677 1640 895 1705 similitudinem
916 1641 1020 1720 labet,
1044 1663 1103 1706 uou
1126 1643 1185 1708 crit
1206 1645 1277 1708 alie·

116 1766 198 1821 uum,
223 1743 274 1808 sed
290 1765 354 1808 cum
374 1764 410 1806 eo
427 1743 626 1806 coniunctum.
668 1740 784 1828 Quippe
801 1764 854 1828 per
871 1743 946 1807 hauc
963 1743 1055 1829 ipsam
1072 1757 1196 1830 partem,
1221 1767 1278 1830 qua

116 1849 154 1912 ad
171 1847 239 1910 illud
256 1845 387 1925 accedit,
413 1845 553 1930 quaedam
578 1845 769 1908 contrahetur
785 1845 927 1925 affinitas,
952 1847 1029 1910 unde
1047 1847 1143 1914 uullus
1167 1846 1223 1912 iam
1247 1849 1277 1912 iu

116 1950 268 2016 ambarum
290 1947 503 2034 contrariarum
527 1946 654 2012 iuviocm
675 1957 844 2022 naturarum
869 1948 995 2012 divortio
1020 1951 1162 2014 terminus
1188 1951 1278 2016 reliu-

116 2063 233 2138 quetur.
278 2051 319 2114 At
337 2049 363 2115 si
386 2070 480 2134 neque
502 2049 654 2115 amborum
672 2049 767 2114 simile
791 2061 854 2132 est,
880 2072 933 2114 nec
954 2051 1011 2114 ulla
1035 2052 1082 2116 sui
1104 2065 1187 2137 parte
1210 2075 1275 2118 cum

116 2155 211 2220 altero
232 2152 444 2240 communicat,
470 2151 576 2218 laisum
595 2163 641 2224 est
661 2165 784 2216 aeterua
801 2173 870 2218 esse
889 2154 946 2220 duo
966 2173 1039 2237 quac
1061 2175 1179 2240 semper
1200 2156 1276 2220 exti-

115 2258 224 2336 teriut,
248 2279 312 2320 oum
328 2257 383 2319 tria
400 2265 590 2338 consurgant.
637 2251 741 2339 ltaque
756 2275 851 2339 neque
868 2255 925 2320 duo
942 2253 999 2319 iam
1016 2267 1104 2320 erunt
1120 2259 1273 2344 principia,

117 2379 213 2446 neque
233 2359 290 2422 duo
313 2358 406 2442 prima
429 2358 556 2422 invicem
583 2357 748 2438 contraria,
773 2359 825 2422 sed
845 2359 963 2423 tertium
983 2359 1126 2444 quoddam
1150 2360 1274 2440 orietur,

115 2463 233 2550 utrique
254 2461 434 2544 eontrarium
458 2481 493 2524 ac
518 2459 676 2538 dissimile,
706 2482 763 2544 quo
788 2461 889 2524 eadem
914 2461 1170 2547 illaseparantur,
1200 2465 1276 2548 quod

115 2564 189 2628 nihil
205 2586 271 2630 cum
287 2565 431 2634 alterutro
450 2583 604 2626 commuue
627 2573 747 2647 propter
768 2563 968 2628 diversitatem
989 2563 1111 2644 habeat,
1137 2587 1192 2629 uec
1214 2586 1275 2630 am-

114 2668 219 2732 borum
243 2667 338 2732 simile
360 2667 409 2730 sit.
456 2663 500 2728 lto
518 2687 579 2738 nou
602 2665 660 2728 iam
682 2667 756 2744 duo,
781 2665 850 2744 sed,
876 2667 916 2729 uti
937 2667 1124 2746 dictumest,
1148 2668 1205 2732 tria
1222 2690 1275 2734 uu·

114 2770 255 2836 meranda
272 2780 352 2834 sunt.
398 2765 460 2832 Sed
476 2780 506 2831 et
521 2767 594 2831 alios
612 2767 746 2852 quidam,
771 2767 819 2852 qui
836 2769 950 2832 medius
965 2769 1161 2850 interveniat,
1186 2793 1275 2855 quae·

114 2875 226 2939 rcudus
242 2883 299 2952 est,
324 2872 389 2936 sive
404 2883 537 2956 quartos,
563 2870 610 2954 qui
627 2870 790 2936 istiusmodi
808 2871 963 2936 terminum
979 2872 1125 2938 immittat.
1163 2871 1275 2958 ¹Neque

114 2975 194 3042 enim
212 2976 269 3040 duo
288 2974 344 3038 soli
363 2973 518 3038 terminum
535 2973 629 3052 huno,
653 2993 688 3054 ao
702 2971 795 3036 veluti
810 2994 924 3037 murum
942 2975 1122 3040 constituere
1137 2987 1273 3062 possunt,

114 3080 174 3144 nisi
193 3079 269 3146 alter
292 3078 406 3162 quidam
426 3077 525 3139 linitor
544 3076 666 3140 accedat
683 3075 730 3160 qui
748 3075 826 3140 iuter
841 3075 889 3140 illa
905 3077 962 3141 duo
986 3079 1130 3163 quiopiarn
1153 3101 1210 3164 quo
1226 3100 1276 3144 sc-

117 3193 239 3268 paretur
263 3180 387 3246 iuiioiat.
435 3176 604 3261 Quinetiam
629 3189 658 3242 et
684 3178 808 3242 scientia
835 3176 996 3243 instructus
1018 3180 1095 3244 idem
1117 3179 1166 3244 ille
1189 3181 1275 3245 debet

114 3306 204 3364 esse,
228 3295 259 3348 et
273 3285 417 3370 prudeus,
442 3292 473 3344 et
488 3281 636 3365 aequitate
654 3280 814 3366 praeditus,
839 3292 869 3346 ct
885 3281 1020 3364 illustris,
1044 3292 1075 3346 ut
1091 3283 1193 3348 ambos
1208 3284 1274 3348 illos

113 3390 151 3454 ad
172 3408 272 3473 pacem
297 3385 541 3468 concordiamque
566 3394 697 3449 revocet.
744 3381 794 3448 Ex
813 3383 916 3468 quibus
941 3386 1075 3471 sequitur
1095 3409 1182 3450 uuum
1207 3407 1274 3452 esse

115 3492 277 3568 finitorem,
301 3499 503 3575 separatorem
520 3486 654 3568 alterum,
680 3508 714 3551 ao
729 3488 785 3551 duo
803 3486 927 3573 denique
942 3488 1068 3554 termino
1082 3488 1133 3554 illo
1151 3488 1273 3553 eircum-

116 3593 245 3679 scripte,
271 3613 366 3677 neque
386 3591 442 3654 duo
466 3591 524 3654 iam
544 3610 630 3670 esse,
653 3591 706 3654 sed
726 3590 781 3653 tria
804 3602 986 3676 quatuorque
1006 3590 1160 3677 principia.
1204 3588 1273 3674 Qua

111 3696 231 3762 ratione
245 3695 330 3781 plura
344 3694 374 3757 in
393 3693 533 3779 principia
549 3693 765 3758 eorrvcrteudoa
782 3704 828 3757 est
844 3693 979 3772 animus,
1005 3703 1035 3757 et
1049 3693 1111 3774 tis,
1136 3713 1209 3777 quae
1225 3714 1273 3756 re-

112 3801 180 3884 ipsa
202 3808 288 3878 suut,
314 3797 442 3875 relictis,
467 3816 542 3880 quae
565 3816 624 3860 uon
645 3807 714 3860 suut
736 3795 913 3882 cogitatione
936 3797 1083 3882 fingenda.

203 3899 288 3985 Quod
314 3910 410 3964 auteur
433 3898 563 3962 uelocius
581 3898 630 3963 ille
649 3897 779 3983 quaerit,
804 3911 836 3964 ut
852 3921 889 3964 ne
906 3900 962 3964 deo
980 3899 1116 3964 malitiam
1139 3898 1269 3984 affingat,
1291 3903 1349 3975 Cep.
1367 3905 1425 3959 xv.

88 3995 92 4003 ’
114 4015 163 4070 cst
181 4003 209 4068 id
230 4003 344 4088 quidem
364 4005 459 4066 lateor
474 4001 630 4065 absurdum
648 4000 724 4064 istud
748 4000 841 4086 ipsum
858 4002 988 4068 tribuere
1006 4002 1071 4067 deo.
1115 3999 1201 4066 Unde
1223 4023 1272 4068 ee·

111 4226 216 4288 κωιίαι,
235 4231 259 4281 a.
270 4243 345 4292 μπρ.
362 4227 424 4292 qood
436 4225 551 4289 quomodo
565 4227 677 4287 interpre-
711 4222 830 4276 malitiam
847 4223 896 4274 deo
912 4223 1070 4284 ammiscent,
1095 4229 1194 4278 uetutn
1214 4231 1272 4280 eert-

110 4299 216 4349 tnndum
240 4299 269 4346 att
291 4298 375 4346 neceto
413 4296 553 4356 omullus,
576 4309 622 4343 non
643 4294 677 4342 tto
709 4295 792 4356 paisant
807 4295 952 4358 Epiphanius
962 4285 1015 4345 “Eu
1031 4290 1061 4347 δὲ
1077 4295 1151 4350 τοῦτο
1170 4291 1271 4364 ζητεῖᾶ

111 4371 183 4430 tonpe
206 4379 223 4413 u
244 4377 297 4414 ocra
313 4365 441 4424 admone,
468 4366 578 4413 conumtt
594 4363 678 4412 Unum
711 4355 854 4428 ἀλιτήριος,
872 4359 962 4414 κακίαι
977 4361 1056 4428 δῆθεν
1073 4369 1123 4414 cett.

112 4451 178 4485 vero
194 4431 244 4484 hoc
261 4432 357 4500 quaerit
373 4429 500 4500 improbus
517 4429 575 4494 ille,
603 4439 630 4479 nt
647 4446 678 4483 ne
746 4431 770 4482 2.
788 4428 1090 4497 spectantiumque
