<?xml version="1.0" encoding="UTF-8"?>
<!DOCTYPE html PUBLIC "-//W3C//DTD XHTML 1.0 Transitional//EN"
    "http://www.w3.org/TR/xhtml1/DTD/xhtml1-transitional.dtd">
<html xmlns="http://www.w3.org/1999/xhtml" xml:lang="en" lang="en">
 <head>
  <title>
</title>
<meta http-equiv="Content-Type" content="text/html;charset=utf-8" />
  <meta name='ocr-system' content='tesseract 3.04.00' />
  <meta name='ocr-capabilities' content='ocr_page ocr_carea ocr_par ocr_line ocrx_word'/>
</head>
<body>
  <div class='ocr_page' id='page_1' title='image "./corporishaerese02oehlgoog_0122.png"; bbox 0 0 3128 4930; ppageno 0'>
   <div class='ocr_carea' id='block_1_1' title="bbox 390 177 1249 246">
    <p class='ocr_par' dir='ltr' id='par_1_1' title="bbox 390 177 1249 246">
     <span class='ocr_line' id='line_1_1' title="bbox 390 177 1249 246; baseline 0.002 -4"><span class='ocrx_word' id='word_1_1' title='bbox 390 193 524 244; x_wconf 81' lang='lat' dir='ltr'><strong>nauann</strong></span> <span class='ocrx_word' id='word_1_2' title='bbox 543 193 605 246; x_wconf 82' lang='lat' dir='ltr'><strong>raa.</strong></span> <span class='ocrx_word' id='word_1_3' title='bbox 618 193 650 244; x_wconf 88' lang='lat' dir='ltr'><strong>n.</strong></span> <span class='ocrx_word' id='word_1_4' title='bbox 666 192 748 245; x_wconf 82' lang='lat' dir='ltr'><strong>non.</strong></span> <span class='ocrx_word' id='word_1_5' title='bbox 761 193 780 242; x_wconf 86' lang='lat'><strong>1.</strong></span> <span class='ocrx_word' id='word_1_6' title='bbox 798 190 897 244; x_wconf 82' lang='lat' dir='ltr'><strong>nane.</strong></span> <span class='ocrx_word' id='word_1_7' title='bbox 910 191 953 242; x_wconf 79' lang='lat' dir='ltr'><strong>nr.</strong></span> <span class='ocrx_word' id='word_1_8' title='bbox 1190 177 1249 244; x_wconf 82' lang='grc' dir='ltr'><strong>ιιι</strong></span> 
     </span>
    </p>
   </div>
   <div class='ocr_carea' id='block_1_2' title="bbox 14 308 1382 4355">
    <p class='ocr_par' dir='ltr' id='par_1_2' title="bbox 96 308 1382 1922">
     <span class='ocr_line' id='line_1_2' title="bbox 96 308 1252 396; baseline 0.003 -22"><span class='ocrx_word' id='word_1_9' title='bbox 96 312 167 376; x_wconf 87' lang='lat' dir='ltr'><strong>iano</strong></span> <span class='ocrx_word' id='word_1_10' title='bbox 186 333 267 376; x_wconf 82' lang='lat' dir='ltr'><strong>eoas.</strong></span> <span class='ocrx_word' id='word_1_11' title='bbox 314 308 394 394; x_wconf 76' lang='lat' dir='ltr'><strong>Quin</strong></span> <span class='ocrx_word' id='word_1_12' title='bbox 412 311 480 376; x_wconf 92' lang='lat' dir='ltr'><strong>illud</strong></span> <span class='ocrx_word' id='word_1_13' title='bbox 497 312 584 374; x_wconf 86' lang='lat' dir='ltr'><strong>etiam</strong></span> <span class='ocrx_word' id='word_1_14' title='bbox 602 309 806 386; x_wconf 83' lang='lat' dir='ltr'><strong>animadverti,</strong></span> <span class='ocrx_word' id='word_1_15' title='bbox 829 331 882 376; x_wconf 89' lang='lat' dir='ltr'><strong>eos</strong></span> <span class='ocrx_word' id='word_1_16' title='bbox 899 312 947 392; x_wconf 82' lang='lat' dir='ltr'><strong>qui</strong></span> <span class='ocrx_word' id='word_1_17' title='bbox 962 311 1162 396; x_wconf 72' lang='lat' dir='ltr'><strong>conceptionis</strong></span> <span class='ocrx_word' id='word_1_18' title='bbox 1176 311 1252 377; x_wconf 87' lang='lat' dir='ltr'><strong>diem</strong></span> 
     </span>
     <span class='ocr_line' id='line_1_3' title="bbox 96 410 1251 497; baseline 0 -19"><span class='ocrx_word' id='word_1_19' title='bbox 96 416 222 478; x_wconf 78' lang='lat' dir='ltr'><strong>debelre</strong></span> <span class='ocrx_word' id='word_1_20' title='bbox 239 415 337 478; x_wconf 87' lang='lat' dir='ltr'><strong>conati</strong></span> <span class='ocrx_word' id='word_1_21' title='bbox 352 423 436 493; x_wconf 86' lang='lat' dir='ltr'><strong>sunt,</strong></span> <span class='ocrx_word' id='word_1_22' title='bbox 462 435 519 497; x_wconf 82' lang='lat' dir='ltr'><strong>quo</strong></span> <span class='ocrx_word' id='word_1_23' title='bbox 538 423 658 477; x_wconf 85' lang='lat' dir='ltr'><strong>sanetus</strong></span> <span class='ocrx_word' id='word_1_24' title='bbox 676 410 796 476; x_wconf 90' lang='lat' dir='ltr'><strong>Gabriel</strong></span> <span class='ocrx_word' id='word_1_25' title='bbox 817 413 973 477; x_wconf 83' lang='lat' dir='ltr'><strong>coelestem</strong></span> <span class='ocrx_word' id='word_1_26' title='bbox 991 413 1096 496; x_wconf 82' lang='lat' dir='ltr'><strong>virgini</strong></span> <span class='ocrx_word' id='word_1_27' title='bbox 1121 412 1251 478; x_wconf 77' lang='lat' dir='ltr'><strong>nutritium</strong></span> 
     </span>
     <span class='ocr_line' id='line_1_4' title="bbox 96 511 1253 600; baseline 0 -20"><span class='ocrx_word' id='word_1_28' title='bbox 96 516 211 595; x_wconf 86' lang='lat' dir='ltr'><strong>attulit,</strong></span> <span class='ocrx_word' id='word_1_29' title='bbox 236 516 442 580; x_wconf 84' lang='lat' dir='ltr'><strong>nonnullorum</strong></span> <span class='ocrx_word' id='word_1_30' title='bbox 460 515 623 580; x_wconf 81' lang='lat' dir='ltr'><strong>inhaesisse</strong></span> <span class='ocrx_word' id='word_1_31' title='bbox 639 515 820 590; x_wconf 87' lang='lat' dir='ltr'><strong>sententiae,</strong></span> <span class='ocrx_word' id='word_1_32' title='bbox 844 513 893 598; x_wconf 87' lang='lat' dir='ltr'><strong>qui</strong></span> <span class='ocrx_word' id='word_1_33' title='bbox 910 516 1035 600; x_wconf 75' lang='lat' dir='ltr'><strong>septimo</strong></span> <span class='ocrx_word' id='word_1_34' title='bbox 1050 535 1150 580; x_wconf 85' lang='lat' dir='ltr'><strong>nneose</strong></span> <span class='ocrx_word' id='word_1_35' title='bbox 1167 511 1253 580; x_wconf 89' lang='lat' dir='ltr'><strong>Cbri·</strong></span> 
     </span>
     <span class='ocr_line' id='line_1_5' title="bbox 96 614 1251 701; baseline -0.001 -19"><span class='ocrx_word' id='word_1_36' title='bbox 96 631 172 682; x_wconf 86' lang='lat' dir='ltr'><strong>stum</strong></span> <span class='ocrx_word' id='word_1_37' title='bbox 189 618 221 680; x_wconf 92' lang='lat' dir='ltr'><strong>in</strong></span> <span class='ocrx_word' id='word_1_38' title='bbox 242 617 337 680; x_wconf 80' lang='lat' dir='ltr'><strong>quena</strong></span> <span class='ocrx_word' id='word_1_39' title='bbox 357 615 466 680; x_wconf 85' lang='lat' dir='ltr'><strong>editum</strong></span> <span class='ocrx_word' id='word_1_40' title='bbox 487 617 618 680; x_wconf 85' lang='lat' dir='ltr'><strong>arbitrali</strong></span> <span class='ocrx_word' id='word_1_41' title='bbox 639 627 718 680; x_wconf 89' lang='lat' dir='ltr'><strong>sunt.</strong></span> <span class='ocrx_word' id='word_1_42' title='bbox 765 614 914 700; x_wconf 78' lang='lat' dir='ltr'>Siquidem</span> <span class='ocrx_word' id='word_1_43' title='bbox 938 617 1040 683; x_wconf 88' lang='lat' dir='ltr'><strong>abillo</strong></span> <span class='ocrx_word' id='word_1_44' title='bbox 1064 627 1194 701; x_wconf 77' lang='lat' dir='ltr'><strong>temnere</strong></span> <span class='ocrx_word' id='word_1_45' title='bbox 1215 619 1251 682; x_wconf 91' lang='lat' dir='ltr'><strong>ad</strong></span> 
     </span>
     <span class='ocr_line' id='line_1_6' title="bbox 96 717 1252 806; baseline -0.003 -23"><span class='ocrx_word' id='word_1_46' title='bbox 96 717 154 784; x_wconf 86' lang='lat' dir='ltr'>III.</span> <span class='ocrx_word' id='word_1_47' title='bbox 173 719 277 806; x_wconf 67' lang='lat' dir='ltr'><strong>Tyle,</strong></span> <span class='ocrx_word' id='word_1_48' title='bbox 302 719 367 782; x_wconf 88' lang='lat' dir='ltr'><strong>sive</strong></span> <span class='ocrx_word' id='word_1_49' title='bbox 385 717 470 782; x_wconf 85' lang='lat' dir='ltr'>VIII.</span> <span class='ocrx_word' id='word_1_50' title='bbox 493 717 537 782; x_wconf 89' lang='lat' dir='ltr'><strong>Id.</strong></span> <span class='ocrx_word' id='word_1_51' title='bbox 561 717 637 798; x_wconf 77' lang='lat' dir='ltr'><strong>Iam,</strong></span> <span class='ocrx_word' id='word_1_52' title='bbox 667 739 724 802; x_wconf 86' lang='lat' dir='ltr'><strong>qao</strong></span> <span class='ocrx_word' id='word_1_53' title='bbox 749 719 794 782; x_wconf 88' lang='lat' dir='ltr'><strong>die</strong></span> <span class='ocrx_word' id='word_1_54' title='bbox 819 739 890 781; x_wconf 88' lang='lat' dir='ltr'><strong>nene</strong></span> <span class='ocrx_word' id='word_1_55' title='bbox 913 718 1104 802; x_wconf 82' lang='lat' dir='ltr'><strong>tbeopbaoia,</strong></span> <span class='ocrx_word' id='word_1_56' title='bbox 1130 719 1185 782; x_wconf 89' lang='lat' dir='ltr'><strong>boe</strong></span> <span class='ocrx_word' id='word_1_57' title='bbox 1206 731 1252 782; x_wconf 89' lang='lat' dir='ltr'><strong>est</strong></span> 
     </span>
     <span class='ocr_line' id='line_1_7' title="bbox 96 820 1252 906; baseline 0 -22"><span class='ocrx_word' id='word_1_58' title='bbox 96 821 332 906; x_wconf 69' lang='lat' dir='ltr'><strong>apparatione,</strong></span> <span class='ocrx_word' id='word_1_59' title='bbox 358 833 477 905; x_wconf 82' lang='lat' dir='ltr'><strong>propter</strong></span> <span class='ocrx_word' id='word_1_60' title='bbox 497 820 657 884; x_wconf 85' lang='lat' dir='ltr'><strong>salvatoris.</strong></span> <span class='ocrx_word' id='word_1_61' title='bbox 672 829 768 884; x_wconf 86' lang='lat' dir='ltr'><strong>ortum</strong></span> <span class='ocrx_word' id='word_1_62' title='bbox 793 821 975 897; x_wconf 75' lang='lat' dir='ltr'><strong>lactarunt,</strong></span> <span class='ocrx_word' id='word_1_63' title='bbox 1006 821 1147 884; x_wconf 75' lang='lat' dir='ltr'><strong>menesium</strong></span> <span class='ocrx_word' id='word_1_64' title='bbox 1170 821 1252 884; x_wconf 86' lang='lat' dir='ltr'><strong>qua-</strong></span> 
     </span>
     <span class='ocr_line' id='line_1_8' title="bbox 96 919 1250 1006; baseline 0 -20"><span class='ocrx_word' id='word_1_65' title='bbox 96 925 168 986; x_wconf 85' lang='lat' dir='ltr'><strong>nium</strong></span> <span class='ocrx_word' id='word_1_66' title='bbox 188 935 316 1006; x_wconf 60' lang='lat' dir='ltr'><strong>semem,</strong></span> <span class='ocrx_word' id='word_1_67' title='bbox 340 927 364 985; x_wconf 90' lang='lat' dir='ltr'><strong>si</strong></span> <span class='ocrx_word' id='word_1_68' title='bbox 381 923 444 988; x_wconf 85' lang='lat' dir='ltr'><strong>dies</strong></span> <span class='ocrx_word' id='word_1_69' title='bbox 460 921 504 986; x_wconf 94' lang='lat' dir='ltr'><strong>IV</strong></span> <span class='ocrx_word' id='word_1_70' title='bbox 521 923 663 1006; x_wconf 73' lang='lat' dir='ltr'><strong>excipias,</strong></span> <span class='ocrx_word' id='word_1_71' title='bbox 683 921 809 1006; x_wconf 84' lang='lat' dir='ltr'><strong>spatium</strong></span> <span class='ocrx_word' id='word_1_72' title='bbox 824 923 1019 987; x_wconf 77' lang='lat' dir='ltr'><strong>intercedere.</strong></span> <span class='ocrx_word' id='word_1_73' title='bbox 1053 919 1250 1004; x_wconf 72' lang='lat' dir='ltr'><strong>Quamobrem</strong></span> 
     </span>
     <span class='ocr_line' id='line_1_9' title="bbox 96 1023 1249 1107; baseline 0.001 -20"><span class='ocrx_word' id='word_1_74' title='bbox 96 1027 120 1087; x_wconf 85' lang='lat' dir='ltr'><strong>si</strong></span> <span class='ocrx_word' id='word_1_75' title='bbox 134 1026 210 1088; x_wconf 83' lang='lat' dir='ltr'><strong>boae</strong></span> <span class='ocrx_word' id='word_1_76' title='bbox 228 1024 334 1088; x_wconf 87' lang='lat' dir='ltr'><strong>alieubi</strong></span> <span class='ocrx_word' id='word_1_77' title='bbox 351 1025 472 1088; x_wconf 75' lang='lat' dir='ltr'><strong>forsitan</strong></span> <span class='ocrx_word' id='word_1_78' title='bbox 489 1023 625 1090; x_wconf 86' lang='lat' dir='ltr'><strong>adnotata</strong></span> <span class='ocrx_word' id='word_1_79' title='bbox 644 1023 763 1107; x_wconf 83' lang='lat' dir='ltr'><strong>legeris,</strong></span> <span class='ocrx_word' id='word_1_80' title='bbox 789 1043 861 1086; x_wconf 86' lang='lat' dir='ltr'><strong>eane</strong></span> <span class='ocrx_word' id='word_1_81' title='bbox 877 1044 914 1086; x_wconf 92' lang='lat' dir='ltr'><strong>ne</strong></span> <span class='ocrx_word' id='word_1_82' title='bbox 930 1023 959 1088; x_wconf 90' lang='lat' dir='ltr'><strong>in</strong></span> <span class='ocrx_word' id='word_1_83' title='bbox 979 1045 1108 1088; x_wconf 84' lang='lat' dir='ltr'><strong>erronem</strong></span> <span class='ocrx_word' id='word_1_84' title='bbox 1126 1025 1249 1088; x_wconf 81' lang='lat' dir='ltr'><strong>incidas.</strong></span> 
     </span>
     <span class='ocr_line' id='line_1_10' title="bbox 97 1122 1249 1212; baseline 0 -22"><span class='ocrx_word' id='word_1_85' title='bbox 97 1123 175 1190; x_wconf 85' lang='lat' dir='ltr'><strong>Sana</strong></span> <span class='ocrx_word' id='word_1_86' title='bbox 191 1126 309 1209; x_wconf 85' lang='lat' dir='ltr'><strong>quidem</strong></span> <span class='ocrx_word' id='word_1_87' title='bbox 332 1126 418 1190; x_wconf 75' lang='lat' dir='ltr'><strong>anatoli</strong></span> <span class='ocrx_word' id='word_1_88' title='bbox 437 1122 548 1191; x_wconf 87' lang='lat' dir='ltr'><strong>Cbnisti</strong></span> <span class='ocrx_word' id='word_1_89' title='bbox 575 1127 631 1188; x_wconf 87' lang='lat' dir='ltr'><strong>lixa</strong></span> <span class='ocrx_word' id='word_1_90' title='bbox 654 1127 716 1188; x_wconf 90' lang='lat' dir='ltr'><strong>dies</strong></span> <span class='ocrx_word' id='word_1_91' title='bbox 740 1136 785 1188; x_wconf 87' lang='lat' dir='ltr'><strong>est</strong></span> <span class='ocrx_word' id='word_1_92' title='bbox 804 1123 862 1188; x_wconf 82' lang='lat' dir='ltr'><strong>xl.</strong></span> <span class='ocrx_word' id='word_1_93' title='bbox 882 1125 973 1212; x_wconf 61' lang='lat' dir='ltr'><strong>Tyba</strong></span> <span class='ocrx_word' id='word_1_94' title='bbox 1019 1125 1078 1190; x_wconf 89' lang='lat' dir='ltr'><strong>Sed</strong></span> <span class='ocrx_word' id='word_1_95' title='bbox 1102 1127 1249 1190; x_wconf 84' lang='lat' dir='ltr'><strong>riournullis</strong></span> 
     </span>
     <span class='ocr_line' id='line_1_11' title="bbox 97 1225 1252 1312; baseline -0.001 -22"><span class='ocrx_word' id='word_1_96' title='bbox 97 1229 191 1312; x_wconf 80' lang='lat' dir='ltr'><strong>planet</strong></span> <span class='ocrx_word' id='word_1_97' title='bbox 208 1225 242 1290; x_wconf 82' lang='lat' dir='ltr'>X</span> <span class='ocrx_word' id='word_1_98' title='bbox 262 1249 380 1292; x_wconf 83' lang='lat' dir='ltr'><strong>nienses</strong></span> <span class='ocrx_word' id='word_1_99' title='bbox 398 1230 428 1290; x_wconf 92' lang='lat' dir='ltr'><strong>in</strong></span> <span class='ocrx_word' id='word_1_100' title='bbox 447 1237 531 1290; x_wconf 89' lang='lat' dir='ltr'><strong>utero</strong></span> <span class='ocrx_word' id='word_1_101' title='bbox 551 1228 639 1292; x_wconf 87' lang='lat' dir='ltr'><strong>luisse</strong></span> <span class='ocrx_word' id='word_1_102' title='bbox 657 1239 819 1312; x_wconf 81' lang='lat' dir='ltr'><strong>gestatum,</strong></span> <span class='ocrx_word' id='word_1_103' title='bbox 844 1239 961 1312; x_wconf 83' lang='lat' dir='ltr'><strong>praeter</strong></span> <span class='ocrx_word' id='word_1_104' title='bbox 978 1228 1040 1290; x_wconf 86' lang='lat' dir='ltr'><strong>dies</strong></span> <span class='ocrx_word' id='word_1_105' title='bbox 1057 1225 1132 1292; x_wconf 84' lang='lat' dir='ltr'><strong>xlv</strong></span> <span class='ocrx_word' id='word_1_106' title='bbox 1151 1239 1183 1288; x_wconf 85' lang='lat' dir='ltr'><strong>et</strong></span> <span class='ocrx_word' id='word_1_107' title='bbox 1200 1228 1252 1290; x_wconf 88' lang='lat' dir='ltr'><strong>bo·</strong></span> 
     </span>
     <span class='ocr_line' id='line_1_12' title="bbox 97 1325 1250 1413; baseline -0.002 -19"><span class='ocrx_word' id='word_1_108' title='bbox 97 1351 142 1394; x_wconf 86' lang='lat' dir='ltr'><strong>ras</strong></span> <span class='ocrx_word' id='word_1_109' title='bbox 168 1341 257 1406; x_wconf 83' lang='lat' dir='ltr'><strong>neto,</strong></span> <span class='ocrx_word' id='word_1_110' title='bbox 288 1329 335 1412; x_wconf 92' lang='lat' dir='ltr'><strong>qui</strong></span> <span class='ocrx_word' id='word_1_111' title='bbox 361 1340 429 1393; x_wconf 90' lang='lat' dir='ltr'><strong>sunt</strong></span> <span class='ocrx_word' id='word_1_112' title='bbox 455 1349 572 1392; x_wconf 84' lang='lat' dir='ltr'><strong>menses</strong></span> <span class='ocrx_word' id='word_1_113' title='bbox 592 1327 654 1407; x_wconf 86' lang='lat' dir='ltr'><strong>tx,</strong></span> <span class='ocrx_word' id='word_1_114' title='bbox 684 1330 746 1394; x_wconf 83' lang='lat' dir='ltr'><strong>ties</strong></span> <span class='ocrx_word' id='word_1_115' title='bbox 766 1327 840 1407; x_wconf 83' lang='lat' dir='ltr'><strong>XV,</strong></span> <span class='ocrx_word' id='word_1_116' title='bbox 870 1330 959 1392; x_wconf 82' lang='lat' dir='ltr'><strong>lionae</strong></span> <span class='ocrx_word' id='word_1_117' title='bbox 978 1328 1033 1394; x_wconf 91' lang='lat' dir='ltr'><strong>IV.</strong></span> <span class='ocrx_word' id='word_1_118' title='bbox 1079 1325 1112 1392; x_wconf 92' lang='lat' dir='ltr'><strong>In</strong></span> <span class='ocrx_word' id='word_1_119' title='bbox 1136 1351 1193 1413; x_wconf 84' lang='lat' dir='ltr'><strong>quo</strong></span> <span class='ocrx_word' id='word_1_120' title='bbox 1215 1328 1250 1392; x_wconf 87' lang='lat' dir='ltr'><strong>ad</strong></span> 
     </span>
     <span class='ocr_line' id='line_1_13' title="bbox 98 1430 1382 1514; baseline -0.007 -18"><span class='ocrx_word' id='word_1_121' title='bbox 98 1431 268 1496; x_wconf 86' lang='lat' dir='ltr'><strong>Salomonis</strong></span> <span class='ocrx_word' id='word_1_122' title='bbox 284 1432 390 1494; x_wconf 87' lang='lat' dir='ltr'><strong>dietum</strong></span> <span class='ocrx_word' id='word_1_123' title='bbox 408 1432 476 1494; x_wconf 90' lang='lat' dir='ltr'><strong>illud</strong></span> <span class='ocrx_word' id='word_1_124' title='bbox 493 1430 628 1494; x_wconf 76' lang='lat' dir='ltr'><strong>allusisse</strong></span> <span class='ocrx_word' id='word_1_125' title='bbox 642 1431 795 1494; x_wconf 80' lang='lat' dir='ltr'><strong>ridentur:</strong></span> <span class='ocrx_word' id='word_1_126' title='bbox 819 1436 918 1494; x_wconf 80' lang='lat' dir='ltr'><strong><em>Decem</em></strong></span> <span class='ocrx_word' id='word_1_127' title='bbox 935 1437 1067 1494; x_wconf 75' lang='lat' dir='ltr'><strong>arenariam</strong></span> <span class='ocrx_word' id='word_1_128' title='bbox 1080 1437 1171 1514; x_wconf 78' lang='lat' dir='ltr'><strong>spatio</strong></span> <span class='ocrx_word' id='word_1_129' title='bbox 1184 1453 1250 1494; x_wconf 84' lang='lat' dir='ltr'><strong>eoa·</strong></span> <span class='ocrx_word' id='word_1_130' title='bbox 1263 1447 1317 1502; x_wconf 72' lang='lat' dir='ltr'><strong>sap.</strong></span> <span class='ocrx_word' id='word_1_131' title='bbox 1328 1444 1382 1498; x_wconf 76' lang='lat' dir='ltr'><strong>aa</strong></span> 
     </span>
     <span class='ocr_line' id='line_1_14' title="bbox 97 1530 1251 1618; baseline 0 -22"><span class='ocrx_word' id='word_1_132' title='bbox 97 1547 189 1596; x_wconf 79' lang='lat' dir='ltr'><strong>cretas</strong></span> <span class='ocrx_word' id='word_1_133' title='bbox 209 1537 240 1594; x_wconf 79' lang='lat' dir='ltr'><strong>in</strong></span> <span class='ocrx_word' id='word_1_134' title='bbox 257 1537 406 1612; x_wconf 72' lang='lat' dir='ltr'><strong>aragoniae.</strong></span> <span class='ocrx_word' id='word_1_135' title='bbox 442 1530 585 1615; x_wconf 80' lang='lat' dir='ltr'><strong>Quioqnid</strong></span> <span class='ocrx_word' id='word_1_136' title='bbox 604 1533 654 1610; x_wconf 85' lang='lat' dir='ltr'><strong>sit,</strong></span> <span class='ocrx_word' id='word_1_137' title='bbox 679 1553 737 1597; x_wconf 93' lang='lat' dir='ltr'><strong>non</strong></span> <span class='ocrx_word' id='word_1_138' title='bbox 754 1533 870 1596; x_wconf 90' lang='lat' dir='ltr'><strong>dubium</strong></span> <span class='ocrx_word' id='word_1_139' title='bbox 890 1544 936 1596; x_wconf 85' lang='lat' dir='ltr'><strong>est</strong></span> <span class='ocrx_word' id='word_1_140' title='bbox 952 1532 994 1596; x_wconf 84' lang='lat' dir='ltr'><strong>IV</strong></span> <span class='ocrx_word' id='word_1_141' title='bbox 999 1579 1006 1596; x_wconf 90' lang='lat'><strong>.</strong></span> <span class='ocrx_word' id='word_1_142' title='bbox 1025 1535 1071 1609; x_wconf 81' lang='lat' dir='ltr'><strong>ilie</strong></span> <span class='ocrx_word' id='word_1_143' title='bbox 1089 1532 1180 1618; x_wconf 74' lang='lat' dir='ltr'><strong>Tybi,</strong></span> <span class='ocrx_word' id='word_1_144' title='bbox 1201 1553 1251 1596; x_wconf 82' lang='lat' dir='ltr'><strong>se·</strong></span> 
     </span>
     <span class='ocr_line' id='line_1_15' title="bbox 98 1633 1251 1719; baseline 0.002 -21"><span class='ocrx_word' id='word_1_145' title='bbox 98 1637 224 1700; x_wconf 86' lang='lat' dir='ltr'><strong>nondum</strong></span> <span class='ocrx_word' id='word_1_146' title='bbox 240 1634 416 1719; x_wconf 77' lang='lat' dir='ltr'><strong>Aegyptios,</strong></span> <span class='ocrx_word' id='word_1_147' title='bbox 434 1633 589 1698; x_wconf 83' lang='lat' dir='ltr'><strong>salvatoris</strong></span> <span class='ocrx_word' id='word_1_148' title='bbox 605 1646 699 1698; x_wconf 83' lang='lat' dir='ltr'><strong>ortum</strong></span> <span class='ocrx_word' id='word_1_149' title='bbox 716 1635 869 1698; x_wconf 84' lang='lat' dir='ltr'><strong>annidIsse.</strong></span> <span class='ocrx_word' id='word_1_150' title='bbox 896 1633 958 1700; x_wconf 86' lang='lat' dir='ltr'><strong>Sub</strong></span> <span class='ocrx_word' id='word_1_151' title='bbox 973 1636 1046 1700; x_wconf 82' lang='lat' dir='ltr'><strong>idaea</strong></span> <span class='ocrx_word' id='word_1_152' title='bbox 1062 1656 1133 1698; x_wconf 86' lang='lat' dir='ltr'><strong>vern</strong></span> <span class='ocrx_word' id='word_1_153' title='bbox 1149 1646 1251 1719; x_wconf 85' lang='lat' dir='ltr'><strong>postea</strong></span> 
     </span>
     <span class='ocr_line' id='line_1_16' title="bbox 101 1735 1250 1822; baseline 0.004 -25"><span class='ocrx_word' id='word_1_154' title='bbox 101 1749 231 1822; x_wconf 82' lang='lat' dir='ltr'><strong>tempus,</strong></span> <span class='ocrx_word' id='word_1_155' title='bbox 257 1737 407 1800; x_wconf 75' lang='lat' dir='ltr'><strong>tricesimo</strong></span> <span class='ocrx_word' id='word_1_156' title='bbox 428 1757 503 1800; x_wconf 87' lang='lat' dir='ltr'><strong>anno</strong></span> <span class='ocrx_word' id='word_1_157' title='bbox 523 1747 676 1813; x_wconf 84' lang='lat' dir='ltr'><strong>vertente,</strong></span> <span class='ocrx_word' id='word_1_158' title='bbox 701 1738 822 1820; x_wconf 83' lang='lat' dir='ltr'><strong>prImum</strong></span> <span class='ocrx_word' id='word_1_159' title='bbox 847 1737 876 1800; x_wconf 90' lang='lat' dir='ltr'><strong>iu</strong></span> <span class='ocrx_word' id='word_1_160' title='bbox 895 1735 978 1802; x_wconf 86' lang='lat' dir='ltr'><strong>Cana</strong></span> <span class='ocrx_word' id='word_1_161' title='bbox 996 1735 1146 1804; x_wconf 77' lang='lat' dir='ltr'><strong>Galilaeae</strong></span> <span class='ocrx_word' id='word_1_162' title='bbox 1164 1736 1250 1802; x_wconf 78' lang='lat' dir='ltr'><strong>nina·</strong></span> 
     </span>
     <span class='ocr_line' id='line_1_17' title="bbox 98 1837 985 1922; baseline -0.001 -20"><span class='ocrx_word' id='word_1_163' title='bbox 98 1841 190 1902; x_wconf 75' lang='lat' dir='ltr'><strong>aulone</strong></span> <span class='ocrx_word' id='word_1_164' title='bbox 215 1837 322 1916; x_wconf 81' lang='lat' dir='ltr'><strong>edidit,</strong></span> <span class='ocrx_word' id='word_1_165' title='bbox 346 1849 406 1902; x_wconf 87' lang='lat' dir='ltr'><strong>tum</strong></span> <span class='ocrx_word' id='word_1_166' title='bbox 430 1859 494 1902; x_wconf 85' lang='lat' dir='ltr'><strong>ourn</strong></span> <span class='ocrx_word' id='word_1_167' title='bbox 518 1859 556 1901; x_wconf 88' lang='lat' dir='ltr'><strong>ex</strong></span> <span class='ocrx_word' id='word_1_168' title='bbox 580 1859 656 1922; x_wconf 90' lang='lat' dir='ltr'><strong>aqna</strong></span> <span class='ocrx_word' id='word_1_169' title='bbox 679 1839 777 1902; x_wconf 88' lang='lat' dir='ltr'><strong>vinum</strong></span> <span class='ocrx_word' id='word_1_170' title='bbox 800 1849 846 1902; x_wconf 87' lang='lat' dir='ltr'><strong>est</strong></span> <span class='ocrx_word' id='word_1_171' title='bbox 869 1841 985 1902; x_wconf 84' lang='lat' dir='ltr'><strong>laetum.</strong></span> 
     </span>
    </p>

    <p class='ocr_par' dir='ltr' id='par_1_3' title="bbox 14 1937 1354 4270">
     <span class='ocr_line' id='line_1_18' title="bbox 14 1937 1339 2028; baseline -0.004 -24"><span class='ocrx_word' id='word_1_172' title='bbox 14 2021 16 2028; x_wconf 17' lang='grc' dir='ltr'><strong><em>Α</em></strong></span> <span class='ocrx_word' id='word_1_173' title='bbox 179 1937 215 2004; x_wconf 91' lang='lat' dir='ltr'><strong>ln</strong></span> <span class='ocrx_word' id='word_1_174' title='bbox 243 1941 326 2004; x_wconf 88' lang='lat' dir='ltr'><strong>euius</strong></span> <span class='ocrx_word' id='word_1_175' title='bbox 351 1941 395 2002; x_wconf 89' lang='lat' dir='ltr'><strong>rei</strong></span> <span class='ocrx_word' id='word_1_176' title='bbox 419 1941 501 2004; x_wconf 76' lang='grc' dir='ltr'><strong>ιίιιειιι</strong></span> <span class='ocrx_word' id='word_1_177' title='bbox 528 1941 670 2024; x_wconf 83' lang='lat' dir='ltr'><strong>badioque</strong></span> <span class='ocrx_word' id='word_1_178' title='bbox 688 1941 818 2025; x_wconf 85' lang='lat' dir='ltr'><strong>pluribus</strong></span> <span class='ocrx_word' id='word_1_179' title='bbox 838 1941 868 2004; x_wconf 88' lang='lat' dir='ltr'><strong>ia</strong></span> <span class='ocrx_word' id='word_1_180' title='bbox 893 1941 965 2004; x_wconf 88' lang='lat' dir='ltr'><strong>loeis</strong></span> <span class='ocrx_word' id='word_1_181' title='bbox 989 1941 1063 2004; x_wconf 86' lang='lat' dir='ltr'><strong>idem</strong></span> <span class='ocrx_word' id='word_1_182' title='bbox 1084 1941 1159 2024; x_wconf 87' lang='lat' dir='ltr'><strong>qnod</strong></span> <span class='ocrx_word' id='word_1_183' title='bbox 1182 1940 1249 2004; x_wconf 83' lang='lat' dir='ltr'><strong>olim</strong></span> <span class='ocrx_word' id='word_1_184' title='bbox 1279 1949 1339 2014; x_wconf 78' lang='lat' dir='ltr'><strong>cap.</strong></span> 
     </span>
     <span class='ocr_line' id='line_1_19' title="bbox 99 2017 1354 2126; baseline 0 -20"><span class='ocrx_word' id='word_1_185' title='bbox 99 2045 205 2106; x_wconf 86' lang='lat' dir='ltr'><strong>Iactum</strong></span> <span class='ocrx_word' id='word_1_186' title='bbox 229 2053 277 2108; x_wconf 88' lang='lat' dir='ltr'><strong>est</strong></span> <span class='ocrx_word' id='word_1_187' title='bbox 299 2041 461 2126; x_wconf 79' lang='lat' dir='ltr'><strong>prodigium</strong></span> <span class='ocrx_word' id='word_1_188' title='bbox 482 2043 677 2120; x_wconf 84' lang='lat' dir='ltr'><strong>instauratur,</strong></span> <span class='ocrx_word' id='word_1_189' title='bbox 708 2043 794 2126; x_wconf 81' lang='lat' dir='ltr'><strong>idque</strong></span> <span class='ocrx_word' id='word_1_190' title='bbox 812 2044 905 2126; x_wconf 76' lang='lat' dir='ltr'><strong>ipsum</strong></span> <span class='ocrx_word' id='word_1_191' title='bbox 932 2045 1026 2106; x_wconf 82' lang='lat' dir='ltr'><strong>tontes</strong></span> <span class='ocrx_word' id='word_1_192' title='bbox 1048 2043 1184 2125; x_wconf 83' lang='lat' dir='ltr'><strong>lluviique</strong></span> <span class='ocrx_word' id='word_1_193' title='bbox 1207 2053 1250 2106; x_wconf 92' lang='lat' dir='ltr'><strong>te·</strong></span> <span class='ocrx_word' id='word_1_194' title='bbox 1267 2017 1354 2068; x_wconf 69' lang='lat' dir='ltr'>XXX·</span> 
     </span>
     <span class='ocr_line' id='line_1_20' title="bbox 98 2140 1249 2230; baseline 0 -24"><span class='ocrx_word' id='word_1_195' title='bbox 98 2155 212 2208; x_wconf 76' lang='lat' dir='ltr'><strong>stantiae</strong></span> <span class='ocrx_word' id='word_1_196' title='bbox 230 2145 336 2230; x_wconf 86' lang='lat' dir='ltr'><strong>passim</strong></span> <span class='ocrx_word' id='word_1_197' title='bbox 350 2144 381 2206; x_wconf 90' lang='lat' dir='ltr'><strong>in</strong></span> <span class='ocrx_word' id='word_1_198' title='bbox 396 2144 465 2206; x_wconf 82' lang='lat' dir='ltr'><strong>viiia</strong></span> <span class='ocrx_word' id='word_1_199' title='bbox 482 2145 630 2208; x_wconf 86' lang='lat' dir='ltr'><strong>conversi.</strong></span> <span class='ocrx_word' id='word_1_200' title='bbox 677 2141 848 2210; x_wconf 84' lang='lat' dir='ltr'><strong>Cuiusmodi</strong></span> <span class='ocrx_word' id='word_1_201' title='bbox 865 2145 899 2206; x_wconf 89' lang='lat' dir='ltr'><strong>ad</strong></span> <span class='ocrx_word' id='word_1_202' title='bbox 918 2141 1058 2228; x_wconf 82' lang='lat' dir='ltr'><strong>Cibyram</strong></span> <span class='ocrx_word' id='word_1_203' title='bbox 1076 2140 1182 2207; x_wconf 82' lang='lat' dir='ltr'><strong>Cariae</strong></span> <span class='ocrx_word' id='word_1_204' title='bbox 1197 2165 1249 2228; x_wconf 76' lang='grc' dir='ltr'><strong>ορ-</strong></span> 
     </span>
     <span class='ocr_line' id='line_1_21' title="bbox 98 2233 1348 2331; baseline -0.002 -23"><span class='ocrx_word' id='word_1_205' title='bbox 98 2248 192 2331; x_wconf 82' lang='lat' dir='ltr'><strong>pidum</strong></span> <span class='ocrx_word' id='word_1_206' title='bbox 214 2249 280 2308; x_wconf 88' lang='lat' dir='ltr'><strong>loos</strong></span> <span class='ocrx_word' id='word_1_207' title='bbox 301 2255 363 2324; x_wconf 89' lang='lat' dir='ltr'><strong>est,</strong></span> <span class='ocrx_word' id='word_1_208' title='bbox 388 2246 436 2330; x_wconf 90' lang='lat' dir='ltr'><strong>qui</strong></span> <span class='ocrx_word' id='word_1_209' title='bbox 452 2247 552 2308; x_wconf 85' lang='lat' dir='ltr'><strong>eadem</strong></span> <span class='ocrx_word' id='word_1_210' title='bbox 572 2247 620 2309; x_wconf 89' lang='lat' dir='ltr'><strong>illa</strong></span> <span class='ocrx_word' id='word_1_211' title='bbox 641 2247 711 2308; x_wconf 90' lang='lat' dir='ltr'><strong>bona</strong></span> <span class='ocrx_word' id='word_1_212' title='bbox 730 2267 783 2330; x_wconf 82' lang='lat' dir='ltr'><strong>qaia</strong></span> <span class='ocrx_word' id='word_1_213' title='bbox 802 2246 926 2309; x_wconf 84' lang='lat' dir='ltr'><strong>ministri</strong></span> <span class='ocrx_word' id='word_1_214' title='bbox 949 2267 1053 2330; x_wconf 86' lang='lat' dir='ltr'><strong>aquam</strong></span> <span class='ocrx_word' id='word_1_215' title='bbox 1076 2245 1247 2322; x_wconf 76' lang='lat' dir='ltr'><strong>bainsonum,</strong></span> <span class='ocrx_word' id='word_1_216' title='bbox 1340 2233 1348 2244; x_wconf 61' lang='lat'><em>⁶</em></span> 
     </span>
     <span class='ocr_line' id='line_1_22' title="bbox 98 2345 1248 2425; baseline -0.002 -13"><span class='ocrx_word' id='word_1_217' title='bbox 98 2369 129 2412; x_wconf 87' lang='lat' dir='ltr'><strong>ae</strong></span> <span class='ocrx_word' id='word_1_218' title='bbox 145 2349 280 2412; x_wconf 83' lang='lat' dir='ltr'><strong>salvator</strong></span> <span class='ocrx_word' id='word_1_219' title='bbox 295 2346 386 2425; x_wconf 78' lang='lat' dir='ltr'><strong>dixit,</strong></span> <span class='ocrx_word' id='word_1_220' title='bbox 410 2352 708 2424; x_wconf 59' lang='lat' dir='ltr'><strong>macerationum,</strong></span> <span class='ocrx_word' id='word_1_221' title='bbox 735 2349 762 2411; x_wconf 91' lang='lat' dir='ltr'><strong>in</strong></span> <span class='ocrx_word' id='word_1_222' title='bbox 781 2350 879 2412; x_wconf 87' lang='lat' dir='ltr'><strong>vinnm</strong></span> <span class='ocrx_word' id='word_1_223' title='bbox 895 2349 1030 2412; x_wconf 83' lang='lat' dir='ltr'><strong>vertitur.</strong></span> <span class='ocrx_word' id='word_1_224' title='bbox 1072 2345 1156 2410; x_wconf 90' lang='lat' dir='ltr'><strong>Idem</strong></span> <span class='ocrx_word' id='word_1_225' title='bbox 1173 2359 1203 2410; x_wconf 92' lang='lat' dir='ltr'><strong>et</strong></span> <span class='ocrx_word' id='word_1_226' title='bbox 1219 2348 1248 2410; x_wconf 91' lang='lat' dir='ltr'><strong>in</strong></span> 
     </span>
     <span class='ocr_line' id='line_1_23' title="bbox 101 2447 1248 2535; baseline -0.003 -19"><span class='ocrx_word' id='word_1_227' title='bbox 101 2449 256 2516; x_wconf 87' lang='lat' dir='ltr'><strong>Geraseuo</strong></span> <span class='ocrx_word' id='word_1_228' title='bbox 272 2450 401 2514; x_wconf 77' lang='lat' dir='ltr'><strong>Arabiae</strong></span> <span class='ocrx_word' id='word_1_229' title='bbox 417 2452 498 2514; x_wconf 90' lang='lat' dir='ltr'><strong>lente</strong></span> <span class='ocrx_word' id='word_1_230' title='bbox 514 2450 667 2534; x_wconf 77' lang='lat' dir='ltr'><strong>contingit.</strong></span> <span class='ocrx_word' id='word_1_231' title='bbox 713 2448 780 2514; x_wconf 86' lang='lat' dir='ltr'><strong>Nos</strong></span> <span class='ocrx_word' id='word_1_232' title='bbox 795 2472 835 2514; x_wconf 87' lang='lat' dir='ltr'><strong>ex</strong></span> <span class='ocrx_word' id='word_1_233' title='bbox 854 2447 982 2535; x_wconf 81' lang='lat' dir='ltr'><strong>Cibyrae</strong></span> <span class='ocrx_word' id='word_1_234' title='bbox 998 2449 1047 2512; x_wconf 91' lang='lat' dir='ltr'><strong>illo</strong></span> <span class='ocrx_word' id='word_1_235' title='bbox 1068 2450 1164 2527; x_wconf 79' lang='lat' dir='ltr'><strong>fonte,</strong></span> <span class='ocrx_word' id='word_1_236' title='bbox 1191 2451 1248 2512; x_wconf 89' lang='lat' dir='ltr'><strong>Ira·</strong></span> 
     </span>
     <span class='ocr_line' id='line_1_24' title="bbox 101 2547 1248 2638; baseline -0.002 -24"><span class='ocrx_word' id='word_1_237' title='bbox 101 2562 157 2616; x_wconf 85' lang='lat' dir='ltr'><strong>tres</strong></span> <span class='ocrx_word' id='word_1_238' title='bbox 176 2553 270 2616; x_wconf 88' lang='lat' dir='ltr'><strong>nostri</strong></span> <span class='ocrx_word' id='word_1_239' title='bbox 287 2573 328 2616; x_wconf 81' lang='lat' dir='ltr'><strong>es</strong></span> <span class='ocrx_word' id='word_1_240' title='bbox 346 2551 500 2618; x_wconf 75' lang='lat' dir='ltr'><strong>(linusano</strong></span> <span class='ocrx_word' id='word_1_241' title='bbox 520 2554 698 2637; x_wconf 80' lang='lat' dir='ltr'><strong>potavimus,</strong></span> <span class='ocrx_word' id='word_1_242' title='bbox 722 2553 769 2637; x_wconf 86' lang='lat' dir='ltr'><strong>qui</strong></span> <span class='ocrx_word' id='word_1_243' title='bbox 793 2552 822 2614; x_wconf 90' lang='lat' dir='ltr'><strong>in</strong></span> <span class='ocrx_word' id='word_1_244' title='bbox 846 2552 987 2638; x_wconf 81' lang='lat' dir='ltr'><strong>martyrio</strong></span> <span class='ocrx_word' id='word_1_245' title='bbox 1009 2561 1066 2614; x_wconf 87' lang='lat' dir='ltr'><strong>est.</strong></span> <span class='ocrx_word' id='word_1_246' title='bbox 1111 2547 1248 2636; x_wconf 84' lang='lat' dir='ltr'><strong>Plerique</strong></span> 
     </span>
     <span class='ocr_line' id='line_1_25' title="bbox 100 2652 1249 2740; baseline 0 -24"><span class='ocrx_word' id='word_1_247' title='bbox 100 2675 169 2718; x_wconf 87' lang='lat' dir='ltr'><strong>reno</strong></span> <span class='ocrx_word' id='word_1_248' title='bbox 193 2656 269 2718; x_wconf 87' lang='lat' dir='ltr'><strong>idem</strong></span> <span class='ocrx_word' id='word_1_249' title='bbox 293 2666 323 2718; x_wconf 89' lang='lat' dir='ltr'><strong>et</strong></span> <span class='ocrx_word' id='word_1_250' title='bbox 343 2655 379 2718; x_wconf 91' lang='lat' dir='ltr'><strong>de</strong></span> <span class='ocrx_word' id='word_1_251' title='bbox 396 2653 468 2718; x_wconf 86' lang='lat' dir='ltr'><strong>Nilo</strong></span> <span class='ocrx_word' id='word_1_252' title='bbox 487 2656 616 2740; x_wconf 81' lang='lat' dir='ltr'><strong>Aegypti</strong></span> <span class='ocrx_word' id='word_1_253' title='bbox 633 2655 720 2718; x_wconf 89' lang='lat' dir='ltr'><strong>lluvio</strong></span> <span class='ocrx_word' id='word_1_254' title='bbox 739 2655 923 2718; x_wconf 81' lang='lat' dir='ltr'><strong>eorubnmant.</strong></span> <span class='ocrx_word' id='word_1_255' title='bbox 969 2652 1054 2738; x_wconf 81' lang='lat' dir='ltr'><strong>Quae</strong></span> <span class='ocrx_word' id='word_1_256' title='bbox 1077 2673 1182 2717; x_wconf 80' lang='lat' dir='ltr'><strong>nausea</strong></span> <span class='ocrx_word' id='word_1_257' title='bbox 1203 2663 1249 2718; x_wconf 92' lang='lat' dir='ltr'><strong>est</strong></span> 
     </span>
     <span class='ocr_line' id='line_1_26' title="bbox 101 2754 1249 2842; baseline -0.002 -22"><span class='ocrx_word' id='word_1_258' title='bbox 101 2779 150 2820; x_wconf 91' lang='lat' dir='ltr'><strong>eon</strong></span> <span class='ocrx_word' id='word_1_259' title='bbox 170 2756 253 2842; x_wconf 82' lang='lat' dir='ltr'><strong>Tybi</strong></span> <span class='ocrx_word' id='word_1_260' title='bbox 266 2754 325 2820; x_wconf 82' lang='lat' dir='ltr'>III.</span> <span class='ocrx_word' id='word_1_261' title='bbox 346 2777 460 2820; x_wconf 88' lang='lat' dir='ltr'><strong>omnem</strong></span> <span class='ocrx_word' id='word_1_262' title='bbox 478 2758 507 2820; x_wconf 86' lang='lat' dir='ltr'><strong>in</strong></span> <span class='ocrx_word' id='word_1_263' title='bbox 525 2759 661 2841; x_wconf 83' lang='lat' dir='ltr'><strong>Aegypto</strong></span> <span class='ocrx_word' id='word_1_264' title='bbox 684 2779 786 2840; x_wconf 82' lang='lat' dir='ltr'><strong>nqriaro</strong></span> <span class='ocrx_word' id='word_1_265' title='bbox 808 2757 941 2820; x_wconf 76' lang='lat' dir='ltr'><strong>banaian!</strong></span> <span class='ocrx_word' id='word_1_266' title='bbox 958 2778 993 2820; x_wconf 89' lang='lat' dir='ltr'><strong>ae</strong></span> <span class='ocrx_word' id='word_1_267' title='bbox 1011 2766 1181 2832; x_wconf 84' lang='lat' dir='ltr'><strong>reservent,</strong></span> <span class='ocrx_word' id='word_1_268' title='bbox 1205 2756 1249 2818; x_wconf 92' lang='lat' dir='ltr'><strong>id-</strong></span> 
     </span>
     <span class='ocr_line' id='line_1_27' title="bbox 101 2856 1248 2942; baseline -0.002 -20"><span class='ocrx_word' id='word_1_269' title='bbox 101 2881 152 2942; x_wconf 86' lang='lat' dir='ltr'><strong>que</strong></span> <span class='ocrx_word' id='word_1_270' title='bbox 176 2859 275 2922; x_wconf 88' lang='lat' dir='ltr'><strong>multis</strong></span> <span class='ocrx_word' id='word_1_271' title='bbox 297 2859 363 2922; x_wconf 87' lang='lat' dir='ltr'><strong>aliis</strong></span> <span class='ocrx_word' id='word_1_272' title='bbox 388 2860 416 2922; x_wconf 90' lang='lat' dir='ltr'><strong>io</strong></span> <span class='ocrx_word' id='word_1_273' title='bbox 440 2860 513 2922; x_wconf 90' lang='lat' dir='ltr'><strong>loeis</strong></span> <span class='ocrx_word' id='word_1_274' title='bbox 536 2859 598 2922; x_wconf 86' lang='lat' dir='ltr'><strong>beni</strong></span> <span class='ocrx_word' id='word_1_275' title='bbox 619 2859 740 2922; x_wconf 89' lang='lat' dir='ltr'><strong>assolet.</strong></span> <span class='ocrx_word' id='word_1_276' title='bbox 789 2856 879 2942; x_wconf 82' lang='lat' dir='ltr'><strong>Igitur</strong></span> <span class='ocrx_word' id='word_1_277' title='bbox 903 2858 941 2920; x_wconf 88' lang='lat' dir='ltr'><strong>nti</strong></span> <span class='ocrx_word' id='word_1_278' title='bbox 965 2870 1047 2922; x_wconf 86' lang='lat' dir='ltr'><strong>eento</strong></span> <span class='ocrx_word' id='word_1_279' title='bbox 1070 2869 1248 2942; x_wconf 78' lang='lat' dir='ltr'><strong>compertum</strong></span> 
     </span>
     <span class='ocr_line' id='line_1_28' title="bbox 101 2957 1248 3046; baseline -0.002 -22"><span class='ocrx_word' id='word_1_280' title='bbox 101 2961 268 3037; x_wconf 84' lang='lat' dir='ltr'><strong>babuimus,</strong></span> <span class='ocrx_word' id='word_1_281' title='bbox 292 2972 359 3044; x_wconf 75' lang='lat' dir='ltr'><strong>nost</strong></span> <span class='ocrx_word' id='word_1_282' title='bbox 378 2959 448 3024; x_wconf 84' lang='lat' dir='ltr'>XII.</span> <span class='ocrx_word' id='word_1_283' title='bbox 468 2961 566 3046; x_wconf 79' lang='lat' dir='ltr'><strong>Atbyn</strong></span> <span class='ocrx_word' id='word_1_284' title='bbox 587 2961 659 3024; x_wconf 90' lang='lat' dir='ltr'><strong>abiit</strong></span> <span class='ocrx_word' id='word_1_285' title='bbox 677 2957 814 3024; x_wconf 87' lang='lat' dir='ltr'><strong>Cbnistus</strong></span> <span class='ocrx_word' id='word_1_286' title='bbox 839 2983 873 3024; x_wconf 90' lang='lat' dir='ltr'><strong>ao</strong></span> <span class='ocrx_word' id='word_1_287' title='bbox 894 2961 1084 3026; x_wconf 86' lang='lat' dir='ltr'><strong>tentationem</strong></span> <span class='ocrx_word' id='word_1_288' title='bbox 1103 2957 1162 3022; x_wconf 85' lang='lat' dir='ltr'><strong>XL</strong></span> <span class='ocrx_word' id='word_1_289' title='bbox 1185 2959 1248 3024; x_wconf 87' lang='lat' dir='ltr'><strong>dies</strong></span> 
     </span>
     <span class='ocr_line' id='line_1_29' title="bbox 102 3059 1247 3147; baseline 0.002 -23"><span class='ocrx_word' id='word_1_290' title='bbox 102 3064 197 3126; x_wconf 85' lang='lat' dir='ltr'><strong>subiit.</strong></span> <span class='ocrx_word' id='word_1_291' title='bbox 244 3059 314 3126; x_wconf 91' lang='lat' dir='ltr'><strong>Inde</strong></span> <span class='ocrx_word' id='word_1_292' title='bbox 339 3063 489 3146; x_wconf 79' lang='lat' dir='ltr'><strong>digressus</strong></span> <span class='ocrx_word' id='word_1_293' title='bbox 515 3063 672 3147; x_wconf 79' lang='lat' dir='ltr'><strong>discipulos</strong></span> <span class='ocrx_word' id='word_1_294' title='bbox 698 3061 808 3146; x_wconf 87' lang='lat' dir='ltr'><strong>aliquot</strong></span> <span class='ocrx_word' id='word_1_295' title='bbox 833 3063 952 3146; x_wconf 82' lang='lat' dir='ltr'><strong>delegit.</strong></span> <span class='ocrx_word' id='word_1_296' title='bbox 997 3061 1074 3126; x_wconf 82' lang='lat' dir='ltr'><strong>Tum</strong></span> <span class='ocrx_word' id='word_1_297' title='bbox 1101 3073 1167 3146; x_wconf 83' lang='lat' dir='ltr'><strong>post</strong></span> <span class='ocrx_word' id='word_1_298' title='bbox 1187 3059 1247 3126; x_wconf 83' lang='lat' dir='ltr'><strong>XL</strong></span> 
     </span>
     <span class='ocr_line' id='line_1_30' title="bbox 104 3161 1246 3249; baseline 0.001 -25"><span class='ocrx_word' id='word_1_299' title='bbox 104 3165 270 3228; x_wconf 83' lang='lat' dir='ltr'><strong>tentationis</strong></span> <span class='ocrx_word' id='word_1_300' title='bbox 286 3164 349 3228; x_wconf 84' lang='lat' dir='ltr'><strong>dles</strong></span> <span class='ocrx_word' id='word_1_301' title='bbox 366 3165 613 3248; x_wconf 77' lang='lat' dir='ltr'><strong>praedicationem</strong></span> <span class='ocrx_word' id='word_1_302' title='bbox 628 3185 787 3248; x_wconf 82' lang='lat' dir='ltr'><strong>aggressus</strong></span> <span class='ocrx_word' id='word_1_303' title='bbox 803 3166 837 3227; x_wconf 89' lang='lat' dir='ltr'><strong>ad</strong></span> <span class='ocrx_word' id='word_1_304' title='bbox 857 3163 1011 3228; x_wconf 82' lang='lat' dir='ltr'><strong>Iordanem</strong></span> <span class='ocrx_word' id='word_1_305' title='bbox 1024 3166 1169 3249; x_wconf 84' lang='lat' dir='ltr'><strong>perrexit.</strong></span> <span class='ocrx_word' id='word_1_306' title='bbox 1205 3161 1246 3226; x_wconf 92' lang='lat' dir='ltr'><strong>Ibi</strong></span> 
     </span>
     <span class='ocr_line' id='line_1_31' title="bbox 103 3263 1246 3350; baseline -0.001 -22"><span class='ocrx_word' id='word_1_307' title='bbox 103 3263 275 3330; x_wconf 78' lang='lat' dir='ltr'><strong>Natlianabli</strong></span> <span class='ocrx_word' id='word_1_308' title='bbox 289 3267 376 3343; x_wconf 86' lang='lat' dir='ltr'><strong>eliis,</strong></span> <span class='ocrx_word' id='word_1_309' title='bbox 395 3267 442 3350; x_wconf 86' lang='lat' dir='ltr'><strong>qui</strong></span> <span class='ocrx_word' id='word_1_310' title='bbox 458 3287 521 3330; x_wconf 79' lang='lat' dir='ltr'><strong>euna</strong></span> <span class='ocrx_word' id='word_1_311' title='bbox 537 3287 572 3328; x_wconf 88' lang='lat' dir='ltr'><strong>eo</strong></span> <span class='ocrx_word' id='word_1_312' title='bbox 584 3277 680 3344; x_wconf 85' lang='lat' dir='ltr'><strong>erant,</strong></span> <span class='ocrx_word' id='word_1_313' title='bbox 700 3268 844 3344; x_wconf 78' lang='lat' dir='ltr'><strong>oneannit3</strong></span> <span class='ocrx_word' id='word_1_314' title='bbox 870 3288 942 3350; x_wconf 76' lang='lat' dir='ltr'><strong>quaes</strong></span> <span class='ocrx_word' id='word_1_315' title='bbox 955 3277 985 3330; x_wconf 88' lang='lat' dir='ltr'><strong>et</strong></span> <span class='ocrx_word' id='word_1_316' title='bbox 996 3287 1096 3332; x_wconf 87' lang='lat' dir='ltr'><strong>seeum</strong></span> <span class='ocrx_word' id='word_1_317' title='bbox 1112 3265 1246 3342; x_wconf 80' lang='lat' dir='ltr'><strong>abduxit,</strong></span> 
     </span>
     <span class='ocr_line' id='line_1_32' title="bbox 104 3365 1247 3453; baseline 0.001 -24"><span class='ocrx_word' id='word_1_318' title='bbox 104 3389 161 3430; x_wconf 88' lang='lat' dir='ltr'><strong>cum</strong></span> <span class='ocrx_word' id='word_1_319' title='bbox 180 3368 294 3432; x_wconf 78' lang='lat' dir='ltr'><strong>scilieet</strong></span> <span class='ocrx_word' id='word_1_320' title='bbox 315 3368 402 3432; x_wconf 90' lang='lat' dir='ltr'><strong>biduo</strong></span> <span class='ocrx_word' id='word_1_321' title='bbox 417 3369 491 3452; x_wconf 85' lang='lat' dir='ltr'><strong>apud</strong></span> <span class='ocrx_word' id='word_1_322' title='bbox 510 3369 588 3432; x_wconf 86' lang='lat' dir='ltr'><strong>illurn</strong></span> <span class='ocrx_word' id='word_1_323' title='bbox 607 3381 788 3432; x_wconf 83' lang='lat' dir='ltr'><strong>naanseruut.</strong></span> <span class='ocrx_word' id='word_1_324' title='bbox 833 3365 967 3453; x_wconf 71' lang='lat' dir='ltr'><strong>Moxque</strong></span> <span class='ocrx_word' id='word_1_325' title='bbox 989 3379 1020 3430; x_wconf 89' lang='lat' dir='ltr'><strong>ut</strong></span> <span class='ocrx_word' id='word_1_326' title='bbox 1038 3369 1125 3432; x_wconf 85' lang='lat' dir='ltr'><strong>iidem</strong></span> <span class='ocrx_word' id='word_1_327' title='bbox 1149 3389 1247 3430; x_wconf 87' lang='lat' dir='ltr'><strong>renes-</strong></span> 
     </span>
     <span class='ocr_line' id='line_1_33' title="bbox 104 3468 1247 3556; baseline -0.002 -24"><span class='ocrx_word' id='word_1_328' title='bbox 104 3479 213 3548; x_wconf 83' lang='lat' dir='ltr'><strong>serunt,</strong></span> <span class='ocrx_word' id='word_1_329' title='bbox 238 3471 266 3532; x_wconf 92' lang='lat' dir='ltr'><strong>in</strong></span> <span class='ocrx_word' id='word_1_330' title='bbox 283 3468 445 3536; x_wconf 83' lang='lat' dir='ltr'><strong>GaliIaeam</strong></span> <span class='ocrx_word' id='word_1_331' title='bbox 463 3473 611 3556; x_wconf 78' lang='lat' dir='ltr'><strong>prodentes</strong></span> <span class='ocrx_word' id='word_1_332' title='bbox 628 3483 685 3534; x_wconf 87' lang='lat' dir='ltr'><strong>est.</strong></span> <span class='ocrx_word' id='word_1_333' title='bbox 732 3470 818 3556; x_wconf 81' lang='lat' dir='ltr'><strong>Quod</strong></span> <span class='ocrx_word' id='word_1_334' title='bbox 836 3492 907 3534; x_wconf 87' lang='lat' dir='ltr'><strong>neno</strong></span> <span class='ocrx_word' id='word_1_335' title='bbox 927 3471 1002 3532; x_wconf 88' lang='lat' dir='ltr'><strong>bidui</strong></span> <span class='ocrx_word' id='word_1_336' title='bbox 1023 3470 1107 3534; x_wconf 91' lang='lat' dir='ltr'><strong>buius</strong></span> <span class='ocrx_word' id='word_1_337' title='bbox 1124 3469 1247 3532; x_wconf 81' lang='lat' dir='ltr'><strong>inuentio-</strong></span> 
     </span>
     <span class='ocr_line' id='line_1_34' title="bbox 105 3571 1247 3656; baseline -0.003 -22"><span class='ocrx_word' id='word_1_338' title='bbox 105 3574 312 3648; x_wconf 75' lang='lat' dir='ltr'><strong>nantonensi,</strong></span> <span class='ocrx_word' id='word_1_339' title='bbox 336 3573 402 3636; x_wconf 90' lang='lat' dir='ltr'><strong>ideo</strong></span> <span class='ocrx_word' id='word_1_340' title='bbox 419 3573 717 3656; x_wconf 79' lang='lat' dir='ltr'><strong>statianenangalium</strong></span> <span class='ocrx_word' id='word_1_341' title='bbox 737 3573 869 3650; x_wconf 76' lang='lat' dir='ltr'><strong>sublinit,</strong></span> <span class='ocrx_word' id='word_1_342' title='bbox 897 3577 990 3634; x_wconf 78' lang='lat' dir='ltr'><strong>Tertio</strong></span> <span class='ocrx_word' id='word_1_343' title='bbox 1006 3577 1051 3634; x_wconf 69' lang='lat' dir='ltr'><strong>dib</strong></span> <span class='ocrx_word' id='word_1_344' title='bbox 1068 3576 1182 3652; x_wconf 71' lang='lat' dir='ltr'><strong>nuptiae</strong></span> <span class='ocrx_word' id='word_1_345' title='bbox 1199 3571 1247 3652; x_wconf 82' lang='lat' dir='ltr'><strong>sn-</strong></span> 
     </span>
     <span class='ocr_line' id='line_1_35' title="bbox 104 3673 1245 3758; baseline 0 -24"><span class='ocrx_word' id='word_1_346' title='bbox 104 3685 160 3736; x_wconf 82' lang='lat' dir='ltr'><strong>etee</strong></span> <span class='ocrx_word' id='word_1_347' title='bbox 180 3685 249 3736; x_wconf 84' lang='lat' dir='ltr'><strong>sant</strong></span> <span class='ocrx_word' id='word_1_348' title='bbox 268 3679 297 3736; x_wconf 81' lang='lat' dir='ltr'><strong>in</strong></span> <span class='ocrx_word' id='word_1_349' title='bbox 315 3679 392 3738; x_wconf 83' lang='lat' dir='ltr'><strong>Cana</strong></span> <span class='ocrx_word' id='word_1_350' title='bbox 411 3678 569 3750; x_wconf 77' lang='lat' dir='ltr'><strong>Gola&#39;lnen05</strong></span> <span class='ocrx_word' id='word_1_351' title='bbox 594 3675 670 3758; x_wconf 91' lang='lat' dir='ltr'><strong>quod</strong></span> <span class='ocrx_word' id='word_1_352' title='bbox 691 3676 725 3738; x_wconf 92' lang='lat' dir='ltr'><strong>ad</strong></span> <span class='ocrx_word' id='word_1_353' title='bbox 746 3675 899 3739; x_wconf 73' lang='lat' dir='ltr'><strong>ecelesiam</strong></span> <span class='ocrx_word' id='word_1_354' title='bbox 921 3675 1068 3756; x_wconf 75' lang='lat' dir='ltr'><strong>perlibens</strong></span> <span class='ocrx_word' id='word_1_355' title='bbox 1090 3673 1245 3758; x_wconf 80' lang='lat' dir='ltr'><strong>putaradaoi</strong></span> 
     </span>
     <span class='ocr_line' id='line_1_36' title="bbox 105 3773 1247 3861; baseline 0 -23"><span class='ocrx_word' id='word_1_356' title='bbox 105 3787 156 3840; x_wconf 85' lang='lat' dir='ltr'><strong>est.</strong></span> <span class='ocrx_word' id='word_1_357' title='bbox 200 3773 319 3840; x_wconf 79' lang='lat' dir='ltr'><strong>Etenim</strong></span> <span class='ocrx_word' id='word_1_358' title='bbox 341 3777 425 3840; x_wconf 86' lang='lat' dir='ltr'><strong>tentia</strong></span> <span class='ocrx_word' id='word_1_359' title='bbox 443 3777 489 3840; x_wconf 80' lang='lat' dir='ltr'><strong>dle</strong></span> <span class='ocrx_word' id='word_1_360' title='bbox 508 3777 587 3840; x_wconf 88' lang='lat' dir='ltr'><strong>omui</strong></span> <span class='ocrx_word' id='word_1_361' title='bbox 603 3778 667 3855; x_wconf 87' lang='lat' dir='ltr'><strong>illa,</strong></span> <span class='ocrx_word' id='word_1_362' title='bbox 692 3799 776 3861; x_wconf 81' lang='lat' dir='ltr'><strong>quain</strong></span> <span class='ocrx_word' id='word_1_363' title='bbox 795 3779 824 3840; x_wconf 89' lang='lat' dir='ltr'><strong>in</strong></span> <span class='ocrx_word' id='word_1_364' title='bbox 845 3789 941 3840; x_wconf 87' lang='lat' dir='ltr'><strong>ternae</strong></span> <span class='ocrx_word' id='word_1_365' title='bbox 964 3773 1159 3860; x_wconf 76' lang='lat' dir='ltr'><strong>penetralibus</strong></span> <span class='ocrx_word' id='word_1_366' title='bbox 1182 3785 1247 3858; x_wconf 85' lang='lat' dir='ltr'><strong>post</strong></span> 
     </span>
     <span class='ocr_line' id='line_1_37' title="bbox 106 3876 1246 3964; baseline 0 -24"><span class='ocrx_word' id='word_1_367' title='bbox 106 3889 221 3942; x_wconf 86' lang='lat' dir='ltr'><strong>montem</strong></span> <span class='ocrx_word' id='word_1_368' title='bbox 251 3877 339 3956; x_wconf 88' lang='lat' dir='ltr'><strong>obiit,</strong></span> <span class='ocrx_word' id='word_1_369' title='bbox 370 3878 619 3942; x_wconf 86' lang='lat' dir='ltr'><strong>administratione</strong></span> <span class='ocrx_word' id='word_1_370' title='bbox 646 3881 831 3964; x_wconf 78' lang='lat' dir='ltr'><strong>perfunctus,</strong></span> <span class='ocrx_word' id='word_1_371' title='bbox 862 3879 993 3942; x_wconf 81' lang='lat' dir='ltr'><strong>surrexit</strong></span> <span class='ocrx_word' id='word_1_372' title='bbox 1018 3897 1036 3939; x_wconf 90' lang='lat' dir='ltr'><strong>a</strong></span> <span class='ocrx_word' id='word_1_373' title='bbox 1062 3876 1184 3940; x_wconf 87' lang='lat' dir='ltr'><strong>montuis</strong></span> <span class='ocrx_word' id='word_1_374' title='bbox 1211 3899 1246 3940; x_wconf 84' lang='lat' dir='ltr'><strong>oe</strong></span> 
     </span>
     <span class='ocr_line' id='line_1_38' title="bbox 104 4006 1245 4082; baseline 0.004 -19"><span class='ocrx_word' id='word_1_375' title='bbox 104 4018 149 4063; x_wconf 76' lang='lat' dir='ltr'><strong>aaa</strong></span> <span class='ocrx_word' id='word_1_376' title='bbox 166 4017 300 4070; x_wconf 67' lang='lat' dir='ltr'><strong>mlo).</strong></span> <span class='ocrx_word' id='word_1_377' title='bbox 335 4017 381 4065; x_wconf 79' lang='lat' dir='ltr'><strong>Nee</strong></span> <span class='ocrx_word' id='word_1_378' title='bbox 397 4015 455 4064; x_wconf 68' lang='lat' dir='ltr'><strong>ntbt</strong></span> <span class='ocrx_word' id='word_1_379' title='bbox 475 4017 536 4076; x_wconf 72' lang='lat' dir='ltr'><strong>ton,</strong></span> <span class='ocrx_word' id='word_1_380' title='bbox 560 4017 601 4066; x_wconf 82' lang='lat' dir='ltr'><strong>ted</strong></span> <span class='ocrx_word' id='word_1_381' title='bbox 622 4018 655 4064; x_wconf 84' lang='lat' dir='ltr'><strong>tto</strong></span> <span class='ocrx_word' id='word_1_382' title='bbox 722 4015 747 4068; x_wconf 80' lang='lat' dir='ltr'><strong>a</strong></span> <span class='ocrx_word' id='word_1_383' title='bbox 762 4013 801 4082; x_wconf 82' lang='grc' dir='ltr'><strong>τῷ</strong></span> <span class='ocrx_word' id='word_1_384' title='bbox 824 4011 873 4080; x_wconf 75' lang='grc' dir='ltr'><strong>γὰρ</strong></span> <span class='ocrx_word' id='word_1_385' title='bbox 895 4007 948 4066; x_wconf 74' lang='grc' dir='ltr'><strong>ὄντι</strong></span> <span class='ocrx_word' id='word_1_386' title='bbox 969 4006 987 4078; x_wconf 74' lang='lat' dir='ltr'><strong>si</strong></span> <span class='ocrx_word' id='word_1_387' title='bbox 1011 4010 1102 4080; x_wconf 78' lang='grc' dir='ltr'><strong>βεβαία</strong></span> <span class='ocrx_word' id='word_1_388' title='bbox 1122 4013 1165 4066; x_wconf 81' lang='grc' dir='ltr'><strong>τοῦ</strong></span> <span class='ocrx_word' id='word_1_389' title='bbox 1183 4012 1245 4080; x_wconf 84' lang='grc' dir='ltr'><strong>Χρι-</strong></span> 
     </span>
     <span class='ocr_line' id='line_1_39' title="bbox 104 4080 1020 4148; baseline -0.005 -15"><span class='ocrx_word' id='word_1_390' title='bbox 104 4085 270 4144; x_wconf 58' lang='lat' dir='ltr'><strong>matam:</strong></span> <span class='ocrx_word' id='word_1_391' title='bbox 287 4080 422 4132; x_wconf 73' lang='lat' dir='ltr'><strong>invenimus</strong></span> <span class='ocrx_word' id='word_1_392' title='bbox 431 4081 496 4132; x_wconf 87' lang='lat' dir='ltr'><strong>enim</strong></span> <span class='ocrx_word' id='word_1_393' title='bbox 507 4083 538 4132; x_wconf 86' lang='lat' dir='ltr'><strong>ab</strong></span> <span class='ocrx_word' id='word_1_394' title='bbox 547 4099 578 4132; x_wconf 85' lang='lat' dir='ltr'><strong>eo</strong></span> <span class='ocrx_word' id='word_1_395' title='bbox 589 4093 655 4134; x_wconf 86' lang='lat' dir='ltr'><strong>tem·</strong></span> <span class='ocrx_word' id='word_1_396' title='bbox 691 4083 751 4135; x_wconf 79' lang='grc' dir='ltr'><strong>ατοῦ</strong></span> <span class='ocrx_word' id='word_1_397' title='bbox 767 4081 882 4148; x_wconf 76' lang='grc' dir='ltr'><strong>γέννησις</strong></span> <span class='ocrx_word' id='word_1_398' title='bbox 898 4084 949 4132; x_wconf 84' lang='lat' dir='ltr'><strong>eod.</strong></span> <span class='ocrx_word' id='word_1_399' title='bbox 968 4084 1020 4130; x_wconf 79' lang='lat' dir='ltr'><strong>Van.</strong></span> 
     </span>
     <span class='ocr_line' id='line_1_40' title="bbox 170 4147 1050 4270; baseline 0.001 -4.931"><span class='ocrx_word' id='word_1_400' title='bbox 105 4149 656 4268; x_wconf 62' lang='lat' dir='ltr'><strong>nannaneanerinnan</strong></span> <span class='ocrx_word' id='word_1_401' title='bbox 709 4149 747 4270; x_wconf 80' lang='grc' dir='ltr'><strong>ι·</strong></span> <span class='ocrx_word' id='word_1_402' title='bbox 766 4147 829 4270; x_wconf 72' lang='grc' dir='ltr'><strong>ιιι</strong></span> <span class='ocrx_word' id='word_1_403' title='bbox 843 4147 1050 4268; x_wconf 63' lang='lat' dir='ltr'><strong>ananan·</strong></span> 
     </span>
    </p>

    <p class='ocr_par' dir='ltr' id='par_1_4' title="bbox 106 4221 1245 4355">
     <span class='ocr_line' id='line_1_41' title="bbox 106 4221 1245 4355; baseline 0.001 -19"><span class='ocrx_word' id='word_1_404' title='bbox 106 4285 194 4336; x_wconf 74' lang='lat' dir='ltr'><strong>Pisonis</strong></span> <span class='ocrx_word' id='word_1_405' title='bbox 219 4287 283 4353; x_wconf 86' lang='lat' dir='ltr'><strong>(quo</strong></span> <span class='ocrx_word' id='word_1_406' title='bbox 304 4300 359 4335; x_wconf 84' lang='lat' dir='ltr'><strong>eum</strong></span> <span class='ocrx_word' id='word_1_407' title='bbox 375 4221 458 4338; x_wconf 74' lang='lat' dir='ltr'><strong>notabo</strong></span> <span class='ocrx_word' id='word_1_408' title='bbox 475 4303 528 4336; x_wconf 79' lang='lat' dir='ltr'><strong>ease</strong></span> <span class='ocrx_word' id='word_1_409' title='bbox 545 4235 655 4351; x_wconf 65' lang='lat' dir='ltr'><strong>cantabr)</strong></span> <span class='ocrx_word' id='word_1_410' title='bbox 724 4233 887 4336; x_wconf 62' lang='lat' dir='ltr'><strong>CanIIII.e</strong></span> <span class='ocrx_word' id='word_1_411' title='bbox 899 4311 925 4322; x_wconf 91' lang='lat'><strong>·-</strong></span> <span class='ocrx_word' id='word_1_412' title='bbox 949 4253 974 4334; x_wconf 55' lang='lat' dir='ltr'><strong>,L</strong></span> <span class='ocrx_word' id='word_1_413' title='bbox 993 4253 1245 4355; x_wconf 47' lang='lat' dir='ltr'><strong>lo&#39;martyrumtem-</strong></span> 
     </span>
    </p>
   </div>
   <div class='ocr_carea' id='block_1_3' title="bbox 106 4353 985 4492">
    <p class='ocr_par' dir='ltr' id='par_1_5' title="bbox 106 4353 985 4492">
     <span class='ocr_line' id='line_1_42' title="bbox 106 4353 985 4422; baseline -0.002 -18"><span class='ocrx_word' id='word_1_414' title='bbox 106 4353 479 4421; x_wconf 74' lang='lat' dir='ltr'><strong>pneeedttoaqmoxt.ryti</strong></span> <span class='ocrx_word' id='word_1_415' title='bbox 493 4361 544 4406; x_wconf 76' lang='lat' dir='ltr'><strong>rett-</strong></span> <span class='ocrx_word' id='word_1_416' title='bbox 568 4357 655 4406; x_wconf 81' lang='lat' dir='ltr'><strong>Ineod.</strong></span> <span class='ocrx_word' id='word_1_417' title='bbox 690 4354 749 4422; x_wconf 87' lang='lat' dir='ltr'><strong>plo,</strong></span> <span class='ocrx_word' id='word_1_418' title='bbox 766 4357 833 4406; x_wconf 66' lang='lat' dir='ltr'><strong>until</strong></span> <span class='ocrx_word' id='word_1_419' title='bbox 851 4353 985 4404; x_wconf 72' lang='lat' dir='ltr'><strong>comanos.</strong></span> 
     </span>
     <span class='ocr_line' id='line_1_43' title="bbox 106 4417 656 4492; baseline 0.007 -22"><span class='ocrx_word' id='word_1_420' title='bbox 106 4422 183 4472; x_wconf 69' lang='lat' dir='ltr'><strong>rnna</strong></span> <span class='ocrx_word' id='word_1_421' title='bbox 196 4437 240 4485; x_wconf 77' lang='lat' dir='ltr'><strong>pro</strong></span> <span class='ocrx_word' id='word_1_422' title='bbox 249 4417 412 4492; x_wconf 73' lang='grc' dir='ltr'><strong>προπόσωνος</strong></span> <span class='ocrx_word' id='word_1_423' title='bbox 420 4425 502 4487; x_wconf 71' lang='lat' dir='ltr'><strong>tandm</strong></span> <span class='ocrx_word' id='word_1_424' title='bbox 515 4421 656 4489; x_wconf 73' lang='lat' dir='ltr'><strong>spondaei.</strong></span> 
     </span>
    </p>
   </div>
   <div class='ocr_carea' id='block_1_4' title="bbox 0 0 1579 4930">
    <p class='ocr_par' dir='ltr' id='par_1_6' title="bbox 0 0 1579 4930">
     <span class='ocr_line' id='line_1_44' title="bbox 0 0 1579 4930; baseline 0 0"><span class='ocrx_word' id='word_1_425' title='bbox 0 0 1579 4930; x_wconf 95' lang='lat' dir='ltr'><strong> </strong></span> 
     </span>
    </p>
   </div>
  </div>
 </body>
</html>
