3128 4930
369 255 505 312 rausum
522 257 585 310 nro.
597 259 628 311 ιι.
645 255 726 312 ron.
741 261 760 312 r.
775 255 874 310 nsua.
889 255 932 310 nt.
1191 241 1231 312 83

82 379 220 444 radonem
237 377 375 457 arcessit,
399 389 429 441 et
445 399 518 462 qnae
539 375 650 444 Christi
667 379 844 464 temporaria
857 377 906 442 ilfa
924 378 1116 462 generatione
1133 377 1232 464 priora

82 493 163 562 sunt,
187 481 318 546 stabilire
336 501 371 544 ao
386 482 500 546 munire
516 481 653 548 instituit.
701 479 851 566 spiritalia
869 481 946 544 enim
967 483 1059 545 ferme
1075 489 1143 546 sunt
1156 501 1233 566 quae

81 583 127 647 ille
144 584 305 648 memoriae
322 585 553 665 commendarit,
577 607 642 648 cnm
660 605 735 670 quae
753 585 790 646 ad
812 603 920 670 corpus
943 582 1102 646 attinerent
1119 563 1233 648 abundi

83 697 179 750 essem
196 687 320 750 afiorum
338 687 455 772 seriptis
477 687 679 752 corroborata.
725 685 924 770 Quamobrem
949 685 1109 771 spiritaiem
1133 686 1169 749 de
1191 687 1234 750 di·

83 790 146 852 vino
168 789 220 853 iiio
238 790 315 854 dono
334 789 532 852 narrationem
550 790 735 874 aggreditur,
766 789 843 873 quod
863 788 948 852 initio
967 807 1074 852 careus
1096 788 1175 853 omni
1196 788 1233 852 ab

82 891 199 956 coelesti
218 891 248 954 iu
265 913 321 955 uos
343 902 426 976 patre
443 893 622 956 transfusum
640 903 703 969 est,
728 901 759 955 ot
775 893 811 955 de
833 889 917 954 huius
936 889 1060 955 oonsilio
1078 911 1112 954 ao
1129 891 1235 955 voiun-

83 1003 136 1056 tstc
151 993 184 1056 in
198 993 312 1057 beatam
327 992 473 1078 virginem
488 993 637 1079 illapsum,
661 1005 747 1078 atque
762 993 793 1056 in
807 992 943 1076 virgineo
958 993 1021 1058 eins
1039 992 1152 1077 mensio
1167 1014 1233 1058 corn

82 1117 167 1160 earne
192 1094 392 1160 coniunctum.
437 1092 539 1160 Ceteri
560 1117 647 1183 porro
664 1097 704 1160 ita
723 1095 825 1160 iisdem
848 1095 906 1160 illis
926 1105 1127 1160 consentanea
1147 1095 1234 1160 dixe·

82 1209 163 1277 runt,
195 1209 228 1262 ut
244 1197 289 1277 id,
321 1197 397 1282 qnod
421 1209 486 1262 erat
508 1219 649 1277 necesse,
674 1197 855 1284 potissimum
882 1207 1061 1284 spectarent.
1108 1194 1235 1262 loannes

82 1321 149 1364 vero
176 1299 242 1364 eius
270 1301 347 1384 quod
371 1299 427 1364 sibi
456 1312 649 1386 proposuerat
676 1301 821 1365 rationem
846 1299 955 1365 hahuit.
1006 1297 1050 1366 lta
1078 1299 1110 1365 ht
1136 1311 1169 1364 nt
1196 1321 1236 1366 ex

83 1399 122 1464 lV
139 1402 304 1486 evangeliis
323 1421 425 1466 eorum
445 1423 520 1488 quae
537 1405 571 1466 ad
590 1399 702 1468 Christi
718 1424 836 1466 carnem
855 1414 885 1466 et
902 1403 936 1466 ad
959 1402 1141 1469 divinitatem
1169 1403 1235 1466 atti·

83 1517 149 1568 nent
169 1515 309 1568 accurata
333 1504 418 1570 nobis
439 1506 551 1570 veritas
574 1527 608 1570 ao
631 1506 795 1570 certissima
818 1515 944 1571 constet.

161 1605 283 1670 Etenim
304 1615 365 1670 toto
384 1605 434 1670 ilio
456 1607 591 1694 baptismi
612 1607 839 1692 tentationisque
856 1609 975 1693 negotio
993 1610 1162 1693 perfunctus
1184 1627 1236 1672 ve·
1255 1611 1314 1678 ⁰²1²·
1326 1609 1390 1662 XX·

83 1709 139 1788 nit,
162 1729 199 1772 ac
215 1708 365 1793 discipulis
383 1708 527 1774 adiunctis
550 1709 673 1795 primum
691 1710 760 1775 iliud
783 1712 812 1776 in
831 1707 914 1776 Cana
931 1707 1087 1775 Galilaeae
1110 1709 1237 1775 miracu.

81 1812 136 1874 lum
156 1810 239 1888 fecit,
265 1809 351 1874 tertia
367 1832 451 1895 quam
467 1813 638 1896 praedicare
655 1822 794 1899 coeperat
811 1813 868 1878 die.
902 1811 973 1877 Non
993 1815 1069 1877 enim
1088 1823 1157 1877 ante
1171 1825 1237 1878 ten·

81 1915 221 1978 tationem
237 1909 377 1976 Christus
395 1913 504 1998 nuptiis
521 1915 690 1980 interfuisse
705 1917 827 1994 dicitur,
851 1936 907 1980 nec
926 1915 1016 1980 ulium
1033 1916 1153 1980 omnino
1169 1936 1238 2004 pro·

81 2017 188 2100 digium
205 2025 274 2080 ante
289 2015 357 2080 iilud
376 2027 491 2100 tempus
508 2017 614 2097 edidit3
640 2017 694 2082 nisi
712 2018 826 2102 siquae
841 2020 941 2083 forsan
960 2019 1070 2084 ludicra
1085 2019 1192 2082 fecisse
1207 2015 1237 2082 iu
1298 2087 1302 2094 ,

82 2117 206 2202 pueritia
229 2117 353 2198 dieitur,
377 2120 453 2202 qnod
473 2140 490 2183 a
513 2119 659 2186 nonnuliis
683 2119 819 2184 affirmari
841 2122 940 2186 video.
986 2121 1077 2205 Atqui
1100 2121 1238 2185 nonnulla

81 2220 201 2304 puerilis
219 2220 327 2285 aetatis
344 2233 515 2306 argumenta
536 2223 677 2308 praebere
700 2222 780 2286 illum
804 2224 948 2309 oportuit,
974 2243 1011 2287 ne
1031 2243 1088 2308 qna
1107 2222 1255 2298 haeresi·¹

80 2323 134 2386 hus
151 2323 218 2387 aliis
234 2323 352 2386 occasio
371 2323 507 2402 daretur,
532 2345 607 2410 quae
624 2321 773 2392 Christum
792 2327 827 2390 ad
847 2323 1001 2389 Iordanem
1019 2325 1138 2390 flurium
1155 2325 1184 2388 in
1204 2325 1239 2389 if-

81 2425 138 2488 lnm
155 2424 346 2490 descendisse
363 2425 514 2490 colombae
528 2427 627 2512 speeie
643 2428 821 2512 praedicant.
855 2425 956 2511 Quare
970 2426 1143 2491 duodecimo
1157 2437 1237 2490 aeta·

81 2529 117 2590 tis
134 2549 213 2592 auno
231 2527 387 2591 manifeste
405 2525 504 2593 Lucas
520 2529 546 2592 id
565 2530 726 2613 expressit,
751 2530 945 2615 disputantem
962 2525 1042 2592 ilium
1058 2548 1123 2592 oum
1138 2548 1239 2593 sacer·
1368 2559 1373 2570 ·

82 2629 216 2709 dotibus,
240 2651 277 2694 ae
291 2629 458 2696 senioribus
475 2627 592 2696 Mariae
609 2631 738 2709 dixisse,
762 2633 938 2694 Nesciebnn'e
957 2633 1033 2714 qnod
1049 2635 1079 2693 s'n
1099 2634 1145 2693 lah
1167 2653 1240 2713 qnae
1252 2647 1336 2705 anea,
1349 2647 1382 2691 aa

79 2739 173 2812 prose
186 2737 326 2794 meinent
342 2745 453 2812 oportet
466 2755 509 2796 rae
522 2740 603 2796 esset
625 2745 657 2798 ut
674 2753 774 2798 eorum
791 2734 932 2798 rationem
948 2734 1122 2798 excluderet
1138 2734 1187 2818 qui
1203 2733 1239 2797 ab

83 2855 119 2899 eo
134 2835 259 2920 primum
279 2843 411 2919 tempore
427 2856 484 2920 qno
501 2836 666 2922 baptizatus
682 2849 728 2904 est
742 2837 874 2922 spiritum
895 2847 1027 2900 sanctum
1042 2838 1072 2900 in
1088 2836 1169 2900 illurn
1188 2857 1241 2921 pn·

84 2949 146 3002 tant
157 2958 228 3002 esse
241 2937 403 3023 delapsum,
420 2947 551 3002 econtra
565 2958 637 3002 vero
652 2937 784 3003 horrnines
798 2940 996 3024 intelligerent
1009 2939 1130 3004 verbum
1144 2937 1239 3024 ipanus

84 3061 100 3102 e
122 3043 208 3105 coelo
230 3039 415 3104 descendens
438 3061 555 3104 carnem
573 3062 590 3105 e
606 3037 703 3105 Maria
721 3042 866 3120 traxisse,
890 3061 1014 3126 cumque
1031 3040 1066 3104 ud
1083 3037 1240 3106 lordonum

84 3143 262 3208 exemisset
280 3153 413 3206 sanctum
430 3163 463 3208 se
479 3143 509 3206 io
529 3142 608 3206 illum
631 3143 774 3208 infudisse
793 3143 942 3230 spiritumq
967 3165 1025 3228 quo
1046 3153 1077 3207 et
1098 3143 1167 3207 illud
1190 3143 1242 3206 de·

85 3245 188 3310 elarari
205 3255 326 3329 posset,
349 3242 414 3328 qnis
432 3256 513 3308 esset
529 3245 580 3324 ille
598 3246 707 3330 dequo
727 3257 811 3332 pater
830 3257 887 3310 man
909 3245 1024 3328 insigna
1042 3245 1240 3309 testimonium

85 3349 230 3412 dedissets
254 3351 309 3408 Hic
325 3347 462 3427 astfifniss
477 3369 554 3410 meas
567 3352 703 3411 delectus:
727 3353 816 3430 r'psum
831 3353 936 3410 comte.
975 3345 1048 3412 lllud
1065 3365 1138 3412 vero
1155 3367 1238 3432 proe-
1247 3355 1394 3414 marma.

86 3461 165 3514 terea
179 3449 320 3534 exemplo
335 3469 402 3516 esse
422 3471 457 3513 ao
473 3450 649 3514 documento
665 3451 758 3516 voluit
774 3449 810 3514 iis
827 3449 876 3535 qni
893 3449 990 3514 divina
1009 3471 1061 3536 per
1078 3451 1158 3514 iilum
1177 3449 1243 3512 luce

86 3551 332 3636 perfunderentur
348 3553 475 3616 futuroru
493 3553 613 3616 omuino
629 3564 662 3618 ut
676 3563 707 3618 et
722 3553 776 3640 ipsi
793 3554 926 3638 spiritum
944 3564 1088 3630 sarnetum,
1113 3571 1242 3615 necnon

86 3655 214 3720 eoeleste
232 3653 405 3718 beneficium
428 3675 463 3718 ao
480 3666 665 3739 peccatorum
689 3656 804 3720 neniam
823 3665 853 3719 et
869 3655 1112 3720 ooormuoicatarn
1131 3653 1169 3718 ab
1192 3673 1242 3715 eo·

86 3757 150 3820 dem
172 3754 298 3840 pedam
320 3757 350 3818 in
374 3756 517 3841 baptismo
539 3767 802 3842 consequerentur.

170 3856 231 3923 Sed
251 3857 300 3922 uhi
320 3859 431 3924 maiora
447 3859 498 3924 illo
514 3859 747 3946 perfectioraque
763 3861 904 3924 miracula
924 3855 1149 3944 praedicationis
1170 3863 1397 3934 suaedap.xx1.

88 3973 219 4046 tempore
242 3971 291 4024 est
311 3981 486 4046 aggressus,
509 3967 587 4036 Hoc,
612 3961 723 4046 inquit,
750 3969 873 4043 primum
891 3967 1003 4042 capanna
1018 3963 1096 4044 faer't
1110 3963 1191 4022 terro
1212 3963 1396 4026 rhum-¹21¹·

89 4067 166 4126 &aa
182 4067 337 4126 Guhhece.
382 4063 453 4128 Nou
474 4075 542 4128 ante
561 4064 752 4150 baptismum,
777 4074 809 4126 ut
825 4083 913 4149 saepe
934 4064 1012 4139 dixi,
1036 4063 1164 4125 sedtum
1184 4062 1243 4147 pri·

89 4189 166 4230 muns
179 4169 206 4230 id
221 4164 345 4244 accidit,
371 4177 523 4252 postquam
540 4187 556 4230 a
574 4167 734 4230 tentatione
755 4184 895 4230 reversus
914 4178 978 4242 est,
1003 4164 1089 4229 tertia
1109 4163 1156 4228 die
1178 4174 1245 4250 post

88 4269 203 4334 biduum
220 4269 365 4353 illudque
382 4269 467 4333 ambo
484 4269 559 4355 apud
576 4270 670 4356 ipsum
689 4267 812 4334 haesere
828 4266 949 4334 loannis
968 4265 1119 4354 discipuli,
1143 4265 1191 4352 qui
1213 4276 1244 4329 et

124 4491 183 4547 css.
200 4493 262 4546 XX.
279 4519 313 4532 -
350 4491 372 4544 t.
389 4493 544 4556 emesenum
556 4469 587 4542 da
599 4493 702 4554 hlauta
717 4493 770 4543 teau
786 4493 917 4557 meacm
932 4493 1062 4543 common
1078 4490 1197 4540 Petuntur.

991 4583 1010 4642 6
1024 4575 1040 4612 tt·
