<?xml version="1.0" encoding="UTF-8"?>
<!DOCTYPE html PUBLIC "-//W3C//DTD XHTML 1.0 Transitional//EN"
    "http://www.w3.org/TR/xhtml1/DTD/xhtml1-transitional.dtd">
<html xmlns="http://www.w3.org/1999/xhtml" xml:lang="en" lang="en">
 <head>
  <title>
</title>
<meta http-equiv="Content-Type" content="text/html;charset=utf-8" />
  <meta name='ocr-system' content='tesseract 3.04.00' />
  <meta name='ocr-capabilities' content='ocr_page ocr_carea ocr_par ocr_line ocrx_word'/>
</head>
<body>
  <div class='ocr_page' id='page_1' title='image "./corporishaerese02oehlgoog_0715.png"; bbox 0 0 3228 4934; ppageno 0'>
   <div class='ocr_carea' id='block_1_1' title="bbox 313 174 1046 241">
    <p class='ocr_par' dir='ltr' id='par_1_1' title="bbox 306 126 1046 241">
     <span class='ocr_line' id='line_1_1' title="bbox 313 174 1046 241; baseline -0.004 -2.028"><span class='ocrx_word' id='word_1_1' title='bbox 313 174 376 240; x_wconf 82' lang='grc' dir='ltr'><strong><em>αα</em></strong></span> <span class='ocrx_word' id='word_1_2' title='bbox 732 185 1046 241; x_wconf 65' lang='lat' dir='ltr'><em>memma</em></span> 
     </span>
    </p>
   </div>
   <div class='ocr_carea' id='block_1_2' title="bbox 171 297 1491 3776">
    <p class='ocr_par' dir='ltr' id='par_1_2' title="bbox 171 297 1488 2236">
     <span class='ocr_line' id='line_1_2' title="bbox 171 297 1479 394; baseline 0 -28"><span class='ocrx_word' id='word_1_3' title='bbox 171 320 241 394; x_wconf 56' lang='grc' dir='ltr'><strong><em>Κεφ,</em></strong></span> <span class='ocrx_word' id='word_1_4' title='bbox 260 317 308 394; x_wconf 72' lang='grc' dir='ltr'><strong><em>ξμ,</em></strong></span> <span class='ocrx_word' id='word_1_5' title='bbox 405 303 481 386; x_wconf 87' lang='grc' dir='ltr'><strong><em>Περί</em></strong></span> <span class='ocrx_word' id='word_1_6' title='bbox 504 302 536 368; x_wconf 80' lang='grc' dir='ltr'><strong><em>δέ</em></strong></span> <span class='ocrx_word' id='word_1_7' title='bbox 556 309 611 368; x_wconf 90' lang='grc' dir='ltr'><strong><em>τοῦ</em></strong></span> <span class='ocrx_word' id='word_1_8' title='bbox 626 299 687 373; x_wconf 86' lang='grc' dir='ltr'><strong><em>ῦπό</em></strong></span> <span class='ocrx_word' id='word_1_9' title='bbox 704 299 835 390; x_wconf 85' lang='grc' dir='ltr'><strong><em>ῦγγίλαν</em></strong></span> <span class='ocrx_word' id='word_1_10' title='bbox 857 299 950 370; x_wconf 89' lang='grc' dir='ltr'><strong><em>αῦτδν</em></strong></span> <span class='ocrx_word' id='word_1_11' title='bbox 965 309 1165 389; x_wconf 71' lang='grc' dir='ltr'><strong><em>θεωρηθῆναι</em></strong></span> <span class='ocrx_word' id='word_1_12' title='bbox 1181 297 1405 386; x_wconf 76' lang='grc' dir='ltr'><strong><em>ἐνιτγνόμενον,</em></strong></span> <span class='ocrx_word' id='word_1_13' title='bbox 1425 299 1479 366; x_wconf 81' lang='grc' dir='ltr'><strong><em>καλ</em></strong></span> 
     </span>
     <span class='ocr_line' id='line_1_3' title="bbox 315 399 1478 492; baseline -0.003 -23"><span class='ocrx_word' id='word_1_14' title='bbox 315 409 343 470; x_wconf 90' lang='grc' dir='ltr'><strong><em>τί</em></strong></span> <span class='ocrx_word' id='word_1_15' title='bbox 360 403 468 472; x_wconf 89' lang='grc' dir='ltr'><strong><em>τοῦτου</em></strong></span> <span class='ocrx_word' id='word_1_16' title='bbox 485 405 681 490; x_wconf 73' lang='grc' dir='ltr'><strong><em>κυριότερονς</em></strong></span> <span class='ocrx_word' id='word_1_17' title='bbox 702 413 731 471; x_wconf 88' lang='grc' dir='ltr'><strong><em>τί</em></strong></span> <span class='ocrx_word' id='word_1_18' title='bbox 747 407 779 472; x_wconf 85' lang='grc' dir='ltr'><strong><em>δί</em></strong></span> <span class='ocrx_word' id='word_1_19' title='bbox 794 407 904 472; x_wconf 83' lang='grc' dir='ltr'><strong><em>τοῦτον</em></strong></span> <span class='ocrx_word' id='word_1_20' title='bbox 923 401 1171 492; x_wconf 79' lang='grc' dir='ltr'><strong><em>άναγκαιότερονς</em></strong></span> <span class='ocrx_word' id='word_1_21' title='bbox 1194 403 1262 472; x_wconf 85' lang='grc' dir='ltr'><strong><em>ἐδοῦ</em></strong></span> <span class='ocrx_word' id='word_1_22' title='bbox 1275 400 1334 490; x_wconf 86' lang='grc' dir='ltr'><strong><em>γάρ</em></strong></span> <span class='ocrx_word' id='word_1_23' title='bbox 1349 399 1478 488; x_wconf 79' lang='grc' dir='ltr'><strong><em>εῦρήκω-</em></strong></span> 
     </span>
     <span class='ocr_line' id='line_1_4' title="bbox 316 502 1480 597; baseline -0.003 -23"><span class='ocrx_word' id='word_1_24' title='bbox 316 532 369 590; x_wconf 88' lang='grc' dir='ltr'><strong><em>μεν</em></strong></span> <span class='ocrx_word' id='word_1_25' title='bbox 383 506 589 591; x_wconf 72' lang='grc' dir='ltr'><strong><em>πληρούμενον</em></strong></span> <span class='ocrx_word' id='word_1_26' title='bbox 603 506 636 575; x_wconf 90' lang='grc' dir='ltr'><strong><em>τό</em></strong></span> <span class='ocrx_word' id='word_1_27' title='bbox 652 506 744 593; x_wconf 76' lang='grc' dir='ltr'><strong><em>δητδν</em></strong></span> <span class='ocrx_word' id='word_1_28' title='bbox 762 516 816 591; x_wconf 80' lang='grc' dir='ltr'><strong><em>τῆς</em></strong></span> <span class='ocrx_word' id='word_1_29' title='bbox 833 507 962 594; x_wconf 87' lang='grc' dir='ltr'><strong><em>μεγάλης</em></strong></span> <span class='ocrx_word' id='word_1_30' title='bbox 981 505 1079 597; x_wconf 74' lang='grc' dir='ltr'><strong><em>ρόδής,</em></strong></span> <span class='ocrx_word' id='word_1_31' title='bbox 1106 516 1160 592; x_wconf 76' lang='grc' dir='ltr'><strong><em>τῆς</em></strong></span> <span class='ocrx_word' id='word_1_32' title='bbox 1182 502 1264 590; x_wconf 79' lang='grc' dir='ltr'><strong><em>παρά</em></strong></span> <span class='ocrx_word' id='word_1_33' title='bbox 1280 513 1412 572; x_wconf 82' lang='grc' dir='ltr'><strong><em>Μιιῦσεῑ</em></strong></span> <span class='ocrx_word' id='word_1_34' title='bbox 1430 528 1480 591; x_wconf 77' lang='grc' dir='ltr'><strong><em>γε·</em></strong></span> 
     </span>
     <span class='ocr_line' id='line_1_5' title="bbox 315 607 1479 697; baseline -0.001 -23"><span class='ocrx_word' id='word_1_35' title='bbox 315 613 499 697; x_wconf 61' lang='grc' dir='ltr'><strong><em>γραμμέίθς,</em></strong></span> <span class='ocrx_word' id='word_1_36' title='bbox 522 609 603 678; x_wconf 82' lang='grc' dir='ltr'><strong><em>ῦπου</em></strong></span> <span class='ocrx_word' id='word_1_37' title='bbox 621 613 713 696; x_wconf 74' lang='grc' dir='ltr'><strong><em>λέγει,</em></strong></span> <span class='ocrx_word' id='word_1_38' title='bbox 739 610 967 693; x_wconf 83' lang='grc' dir='ltr'><strong><em>Προςδοκάσθω</em></strong></span> <span class='ocrx_word' id='word_1_39' title='bbox 982 608 1024 689; x_wconf 76' lang='grc' dir='ltr'><strong><em>σός</em></strong></span> <span class='ocrx_word' id='word_1_40' title='bbox 1040 607 1126 688; x_wconf 85' lang='grc' dir='ltr'><strong><em>ῦετός</em></strong></span> <span class='ocrx_word' id='word_1_41' title='bbox 1145 609 1180 679; x_wconf 89' lang='grc' dir='ltr'><strong><em>τό</em></strong></span> <span class='ocrx_word' id='word_1_42' title='bbox 1197 607 1387 695; x_wconf 79' lang='grc' dir='ltr'><strong><em>ῦπόφθεγμά</em></strong></span> <span class='ocrx_word' id='word_1_43' title='bbox 1408 633 1479 692; x_wconf 89' lang='grc' dir='ltr'><strong><em>μου.</em></strong></span> 
     </span>
     <span class='ocr_line' id='line_1_6' title="bbox 317 708 1481 802; baseline 0 -26"><span class='ocrx_word' id='word_1_44' title='bbox 317 715 379 778; x_wconf 80' lang='grc' dir='ltr'><strong><em>Καί</em></strong></span> <span class='ocrx_word' id='word_1_45' title='bbox 397 709 457 795; x_wconf 83' lang='grc' dir='ltr'><strong><em>μετ’</em></strong></span> <span class='ocrx_word' id='word_1_46' title='bbox 475 711 513 780; x_wconf 86' lang='grc' dir='ltr'><strong><em>οῦ</em></strong></span> <span class='ocrx_word' id='word_1_47' title='bbox 527 711 620 780; x_wconf 84' lang='grc' dir='ltr'><strong><em>πολλά</em></strong></span> <span class='ocrx_word' id='word_1_48' title='bbox 637 711 729 780; x_wconf 79' lang='grc' dir='ltr'><strong><em>είπάν</em></strong></span> <span class='ocrx_word' id='word_1_49' title='bbox 743 712 831 779; x_wconf 87' lang='grc' dir='ltr'><strong><em>πάλιν</em></strong></span> <span class='ocrx_word' id='word_1_50' title='bbox 846 716 932 798; x_wconf 84' lang='grc' dir='ltr'><strong><em>φησί,</em></strong></span> <span class='ocrx_word' id='word_1_51' title='bbox 958 712 1256 798; x_wconf 82' lang='grc' dir='ltr'><strong><em>Προςκυνησότυσαν</em></strong></span> <span class='ocrx_word' id='word_1_52' title='bbox 1270 712 1353 802; x_wconf 73' lang='grc' dir='ltr'><strong><em>αὐτῷ</em></strong></span> <span class='ocrx_word' id='word_1_53' title='bbox 1368 708 1481 786; x_wconf 86' lang='grc' dir='ltr'><strong><em>πάντες</em></strong></span> 
     </span>
     <span class='ocr_line' id='line_1_7' title="bbox 321 811 1482 906; baseline -0.002 -26"><span class='ocrx_word' id='word_1_54' title='bbox 321 817 398 880; x_wconf 70' lang='grc' dir='ltr'><strong><em>ὐίοί</em></strong></span> <span class='ocrx_word' id='word_1_55' title='bbox 417 823 509 896; x_wconf 95' lang='grc' dir='ltr'><strong><em>θεοῦ,</em></strong></span> <span class='ocrx_word' id='word_1_56' title='bbox 532 818 582 882; x_wconf 81' lang='grc' dir='ltr'><strong><em>καί</em></strong></span> <span class='ocrx_word' id='word_1_57' title='bbox 603 814 838 899; x_wconf 81' lang='grc' dir='ltr'><strong><em>ἐνισγυσάτωσαν</em></strong></span> <span class='ocrx_word' id='word_1_58' title='bbox 853 816 935 906; x_wconf 83' lang='grc' dir='ltr'><strong><em>αῦτρῦ</em></strong></span> <span class='ocrx_word' id='word_1_59' title='bbox 956 814 1089 894; x_wconf 66' lang='grc' dir='ltr'><strong><em>Ωπάντες</em></strong></span> <span class='ocrx_word' id='word_1_60' title='bbox 1105 815 1220 903; x_wconf 83' lang='grc' dir='ltr'><strong><em>άγγελσι</em></strong></span> <span class='ocrx_word' id='word_1_61' title='bbox 1235 823 1326 883; x_wconf 88' lang='grc' dir='ltr'><strong><em>θεοῦ·</em></strong></span> <span class='ocrx_word' id='word_1_62' title='bbox 1356 811 1412 898; x_wconf 81' lang='grc' dir='ltr'><strong><em>οῦγ</em></strong></span> <span class='ocrx_word' id='word_1_63' title='bbox 1428 816 1482 878; x_wconf 73' lang='grc' dir='ltr'><strong><em>ἵνα</em></strong></span> 
     </span>
     <span class='ocr_line' id='line_1_8' title="bbox 315 915 1482 1005; baseline 0 -23"><span class='ocrx_word' id='word_1_64' title='bbox 315 921 407 984; x_wconf 75' lang='grc' dir='ltr'><strong><em>δοῦσιν</em></strong></span> <span class='ocrx_word' id='word_1_65' title='bbox 422 916 503 1005; x_wconf 73' lang='grc' dir='ltr'><strong><em>αῦτρῦ</em></strong></span> <span class='ocrx_word' id='word_1_66' title='bbox 519 915 603 1002; x_wconf 81' lang='grc' dir='ltr'><strong><em>ίοχῦν</em></strong></span> <span class='ocrx_word' id='word_1_67' title='bbox 620 922 651 984; x_wconf 82' lang='grc' dir='ltr'><strong><em>οἱ</em></strong></span> <span class='ocrx_word' id='word_1_68' title='bbox 664 917 779 1004; x_wconf 81' lang='grc' dir='ltr'><strong><em>ῦγγελοι</em></strong></span> <span class='ocrx_word' id='word_1_69' title='bbox 793 917 843 1000; x_wconf 88' lang='grc' dir='ltr'><strong><em>(οῦ</em></strong></span> <span class='ocrx_word' id='word_1_70' title='bbox 858 917 913 1004; x_wconf 82' lang='grc' dir='ltr'><strong><em>γάρ</em></strong></span> <span class='ocrx_word' id='word_1_71' title='bbox 929 921 1063 986; x_wconf 81' lang='grc' dir='ltr'><strong><em>ἐπεδίετο</em></strong></span> <span class='ocrx_word' id='word_1_72' title='bbox 1077 927 1130 1002; x_wconf 77' lang='grc' dir='ltr'><strong><em>τῆς</em></strong></span> <span class='ocrx_word' id='word_1_73' title='bbox 1144 926 1205 984; x_wconf 78' lang='grc' dir='ltr'><strong><em>νῦν</em></strong></span> <span class='ocrx_word' id='word_1_74' title='bbox 1222 918 1353 1005; x_wconf 73' lang='grc' dir='ltr'><strong><em>ἀγγέλων</em></strong></span> <span class='ocrx_word' id='word_1_75' title='bbox 1365 918 1482 1000; x_wconf 73' lang='grc' dir='ltr'><strong><em>ἐνισχῦ-</em></strong></span> 
     </span>
     <span class='ocr_line' id='line_1_9' title="bbox 316 1018 1483 1111; baseline 0.002 -27"><span class='ocrx_word' id='word_1_76' title='bbox 316 1035 418 1101; x_wconf 86' lang='grc' dir='ltr'><strong><em>οεως),</em></strong></span> <span class='ocrx_word' id='word_1_77' title='bbox 440 1018 501 1090; x_wconf 74' lang='grc' dir='ltr'><strong><em>ἄλλ’</em></strong></span> <span class='ocrx_word' id='word_1_78' title='bbox 515 1021 703 1106; x_wconf 78' lang='grc' dir='ltr'><strong><em>ἐνισχῦσοισιν</em></strong></span> <span class='ocrx_word' id='word_1_79' title='bbox 719 1020 816 1110; x_wconf 78' lang='grc' dir='ltr'><strong><em>αῦτςῦ,</em></strong></span> <span class='ocrx_word' id='word_1_80' title='bbox 838 1024 988 1088; x_wconf 71' lang='grc' dir='ltr'><strong><em>τουτέστιν</em></strong></span> <span class='ocrx_word' id='word_1_81' title='bbox 1006 1019 1169 1099; x_wconf 71' lang='grc' dir='ltr'><strong><em>ἀποδόντες</em></strong></span> <span class='ocrx_word' id='word_1_82' title='bbox 1184 1019 1265 1111; x_wconf 78' lang='grc' dir='ltr'><strong><em>αῦτῷ</em></strong></span> <span class='ocrx_word' id='word_1_83' title='bbox 1280 1019 1315 1087; x_wconf 90' lang='grc' dir='ltr'><strong><em>τό</em></strong></span> <span class='ocrx_word' id='word_1_84' title='bbox 1331 1023 1412 1086; x_wconf 83' lang='grc' dir='ltr'><strong><em>λδιοτ</em></strong></span> <span class='ocrx_word' id='word_1_85' title='bbox 1427 1026 1483 1102; x_wconf 71' lang='grc' dir='ltr'><strong><em>τῆς</em></strong></span> 
     </span>
     <span class='ocr_line' id='line_1_10' title="bbox 317 1120 1482 1211; baseline 0 -24"><span class='ocrx_word' id='word_1_86' title='bbox 317 1120 417 1206; x_wconf 83' lang='grc' dir='ltr'><strong><em>λσχόος</em></strong></span> <span class='ocrx_word' id='word_1_87' title='bbox 432 1121 525 1190; x_wconf 86' lang='grc' dir='ltr'><strong><em>αῦτοῦ</em></strong></span> <span class='ocrx_word' id='word_1_88' title='bbox 546 1121 788 1210; x_wconf 90' lang='grc' dir='ltr'><strong><em>όμολογήσαντες.</em></strong></span> <span class='ocrx_word' id='word_1_89' title='bbox 834 1126 895 1190; x_wconf 84' lang='grc' dir='ltr'><strong><em>Καί</em></strong></span> <span class='ocrx_word' id='word_1_90' title='bbox 910 1123 966 1211; x_wconf 87' lang='grc' dir='ltr'><strong><em>γάρ</em></strong></span> <span class='ocrx_word' id='word_1_91' title='bbox 982 1126 1031 1190; x_wconf 87' lang='grc' dir='ltr'><strong><em>καλ</em></strong></span> <span class='ocrx_word' id='word_1_92' title='bbox 1042 1121 1134 1209; x_wconf 86' lang='grc' dir='ltr'><strong><em>-ήμεῖς</em></strong></span> <span class='ocrx_word' id='word_1_93' title='bbox 1150 1125 1289 1200; x_wconf 78' lang='grc' dir='ltr'><strong><em>δσθενεῑς</em></strong></span> <span class='ocrx_word' id='word_1_94' title='bbox 1304 1121 1389 1199; x_wconf 82' lang='grc' dir='ltr'><strong><em>ὅντες</em></strong></span> <span class='ocrx_word' id='word_1_95' title='bbox 1409 1129 1482 1188; x_wconf 86' lang='grc' dir='ltr'><strong><em>κολ-</em></strong></span> 
     </span>
     <span class='ocr_line' id='line_1_11' title="bbox 317 1223 1483 1312; baseline 0.001 -23"><span class='ocrx_word' id='word_1_96' title='bbox 317 1224 402 1303; x_wconf 89' lang='grc' dir='ltr'><strong><em>λάκις</em></strong></span> <span class='ocrx_word' id='word_1_97' title='bbox 417 1225 492 1293; x_wconf 88' lang='grc' dir='ltr'><strong><em>θεόν</em></strong></span> <span class='ocrx_word' id='word_1_98' title='bbox 514 1223 734 1312; x_wconf 86' lang='grc' dir='ltr'><strong><em>ηῦλογήσαμεν,</em></strong></span> <span class='ocrx_word' id='word_1_99' title='bbox 765 1225 906 1304; x_wconf 80' lang='grc' dir='ltr'><strong><em>πολλάκις</em></strong></span> <span class='ocrx_word' id='word_1_100' title='bbox 927 1227 1004 1294; x_wconf 88' lang='grc' dir='ltr'><strong><em>θεόν</em></strong></span> <span class='ocrx_word' id='word_1_101' title='bbox 1026 1226 1234 1312; x_wconf 80' lang='grc' dir='ltr'><strong><em>ἐνιογῦσαμεν,</em></strong></span> <span class='ocrx_word' id='word_1_102' title='bbox 1262 1226 1316 1310; x_wconf 79' lang='grc' dir='ltr'><strong><em>οῦχ</em></strong></span> <span class='ocrx_word' id='word_1_103' title='bbox 1339 1225 1388 1293; x_wconf 82' lang='grc' dir='ltr'><strong><em>ότι</em></strong></span> <span class='ocrx_word' id='word_1_104' title='bbox 1406 1223 1483 1302; x_wconf 88' lang='grc' dir='ltr'><strong><em>θεός</em></strong></span> 
     </span>
     <span class='ocr_line' id='line_1_12' title="bbox 319 1327 1484 1418; baseline -0.001 -24"><span class='ocrx_word' id='word_1_105' title='bbox 319 1329 464 1396; x_wconf 71' lang='grc' dir='ltr'><strong><em>ἐπιδέεται</em></strong></span> <span class='ocrx_word' id='word_1_106' title='bbox 489 1335 544 1412; x_wconf 77' lang='grc' dir='ltr'><strong><em>τῆς</em></strong></span> <span class='ocrx_word' id='word_1_107' title='bbox 566 1327 653 1412; x_wconf 80' lang='grc' dir='ltr'><strong><em>ήμῶν</em></strong></span> <span class='ocrx_word' id='word_1_108' title='bbox 671 1327 820 1416; x_wconf 88' lang='grc' dir='ltr'><strong><em>εῦλογίας,</em></strong></span> <span class='ocrx_word' id='word_1_109' title='bbox 853 1327 909 1396; x_wconf 74' lang='grc' dir='ltr'><strong><em>ἄλλ’</em></strong></span> <span class='ocrx_word' id='word_1_110' title='bbox 930 1327 1143 1418; x_wconf 81' lang='grc' dir='ltr'><strong><em>ὁμολογοῦντες</em></strong></span> <span class='ocrx_word' id='word_1_111' title='bbox 1161 1327 1257 1396; x_wconf 87' lang='grc' dir='ltr'><strong><em>αῦτοῦ</em></strong></span> <span class='ocrx_word' id='word_1_112' title='bbox 1273 1327 1307 1396; x_wconf 89' lang='grc' dir='ltr'><strong><em>τό</em></strong></span> <span class='ocrx_word' id='word_1_113' title='bbox 1326 1336 1381 1412; x_wconf 79' lang='grc' dir='ltr'><strong><em>τῆς</em></strong></span> <span class='ocrx_word' id='word_1_114' title='bbox 1399 1327 1484 1394; x_wconf 85' lang='grc' dir='ltr'><strong><em>εῦλο-</em></strong></span> 
     </span>
     <span class='ocr_line' id='line_1_13' title="bbox 318 1429 1484 1519; baseline 0 -23"><span class='ocrx_word' id='word_1_115' title='bbox 318 1434 384 1517; x_wconf 91' lang='grc' dir='ltr'><strong><em>γίας</em></strong></span> <span class='ocrx_word' id='word_1_116' title='bbox 400 1429 524 1514; x_wconf 85' lang='grc' dir='ltr'><strong><em>κρότος,</em></strong></span> <span class='ocrx_word' id='word_1_117' title='bbox 546 1433 598 1496; x_wconf 86' lang='grc' dir='ltr'><strong><em>καί</em></strong></span> <span class='ocrx_word' id='word_1_118' title='bbox 616 1430 666 1498; x_wconf 84' lang='grc' dir='ltr'><strong><em>διά</em></strong></span> <span class='ocrx_word' id='word_1_119' title='bbox 682 1435 872 1518; x_wconf 88' lang='grc' dir='ltr'><strong><em>λεπτολογίας</em></strong></span> <span class='ocrx_word' id='word_1_120' title='bbox 890 1435 1032 1519; x_wconf 74' lang='grc' dir='ltr'><strong><em>ἐροῦμεν,</em></strong></span> <span class='ocrx_word' id='word_1_121' title='bbox 1062 1431 1110 1516; x_wconf 91' lang='grc' dir='ltr'><strong><em>Σή</em></strong></span> <span class='ocrx_word' id='word_1_122' title='bbox 1127 1435 1205 1500; x_wconf 81' lang='grc' dir='ltr'><strong><em>ἐστιν</em></strong></span> <span class='ocrx_word' id='word_1_123' title='bbox 1223 1430 1244 1516; x_wconf 86' lang='grc' dir='ltr'><strong><em>ή</em></strong></span> <span class='ocrx_word' id='word_1_124' title='bbox 1260 1431 1404 1516; x_wconf 86' lang='grc' dir='ltr'><strong><em>δόναμις,</em></strong></span> <span class='ocrx_word' id='word_1_125' title='bbox 1426 1429 1484 1497; x_wconf 84' lang='grc' dir='ltr'><strong><em>σῦν</em></strong></span> 
     </span>
     <span class='ocr_line' id='line_1_14' title="bbox 317 1531 1484 1621; baseline 0.002 -25"><span class='ocrx_word' id='word_1_126' title='bbox 317 1531 351 1598; x_wconf 90' lang='grc' dir='ltr'><strong><em>τό</em></strong></span> <span class='ocrx_word' id='word_1_127' title='bbox 369 1533 493 1617; x_wconf 82' lang='grc' dir='ltr'><strong><em>κρότος,</em></strong></span> <span class='ocrx_word' id='word_1_128' title='bbox 516 1533 554 1617; x_wconf 92' lang='grc' dir='ltr'><strong><em>σή</em></strong></span> <span class='ocrx_word' id='word_1_129' title='bbox 571 1535 649 1599; x_wconf 80' lang='grc' dir='ltr'><strong><em>ἐστιν</em></strong></span> <span class='ocrx_word' id='word_1_130' title='bbox 664 1531 686 1617; x_wconf 82' lang='grc' dir='ltr'><strong><em>ή</em></strong></span> <span class='ocrx_word' id='word_1_131' title='bbox 700 1533 787 1617; x_wconf 87' lang='grc' dir='ltr'><strong><em>τιμή,</em></strong></span> <span class='ocrx_word' id='word_1_132' title='bbox 810 1533 848 1618; x_wconf 86' lang='grc' dir='ltr'><strong><em>σή</em></strong></span> <span class='ocrx_word' id='word_1_133' title='bbox 866 1536 943 1603; x_wconf 82' lang='grc' dir='ltr'><strong><em>ἐστιν</em></strong></span> <span class='ocrx_word' id='word_1_134' title='bbox 958 1532 980 1619; x_wconf 84' lang='grc' dir='ltr'><strong><em>ή</em></strong></span> <span class='ocrx_word' id='word_1_135' title='bbox 996 1534 1079 1615; x_wconf 78' lang='grc' dir='ltr'><strong><em>δόξα,</em></strong></span> <span class='ocrx_word' id='word_1_136' title='bbox 1102 1533 1141 1620; x_wconf 89' lang='grc' dir='ltr'><strong><em>σή</em></strong></span> <span class='ocrx_word' id='word_1_137' title='bbox 1158 1538 1237 1602; x_wconf 81' lang='grc' dir='ltr'><strong><em>ἐστιν</em></strong></span> <span class='ocrx_word' id='word_1_138' title='bbox 1252 1531 1274 1618; x_wconf 89' lang='grc' dir='ltr'><strong><em>ή</em></strong></span> <span class='ocrx_word' id='word_1_139' title='bbox 1291 1535 1421 1621; x_wconf 85' lang='grc' dir='ltr'><strong><em>εῦλυγία,</em></strong></span> <span class='ocrx_word' id='word_1_140' title='bbox 1442 1531 1484 1616; x_wconf 82' lang='grc' dir='ltr'><strong><em>σή</em></strong></span> 
     </span>
     <span class='ocr_line' id='line_1_15' title="bbox 319 1632 1485 1723; baseline -0.002 -21"><span class='ocrx_word' id='word_1_141' title='bbox 319 1632 435 1717; x_wconf 87' lang='grc' dir='ltr'><strong><em>ἐστινή</em></strong></span> <span class='ocrx_word' id='word_1_142' title='bbox 454 1633 550 1720; x_wconf 79' lang='grc' dir='ltr'><strong><em>ἰσχῦς,</em></strong></span> <span class='ocrx_word' id='word_1_143' title='bbox 581 1635 619 1720; x_wconf 93' lang='grc' dir='ltr'><strong><em>σή</em></strong></span> <span class='ocrx_word' id='word_1_144' title='bbox 641 1639 719 1702; x_wconf 85' lang='grc' dir='ltr'><strong><em>ἐστιν</em></strong></span> <span class='ocrx_word' id='word_1_145' title='bbox 739 1634 911 1720; x_wconf 86' lang='grc' dir='ltr'><strong><em>ήδῦναμις.</em></strong></span> <span class='ocrx_word' id='word_1_146' title='bbox 957 1637 1015 1721; x_wconf 85' lang='grc' dir='ltr'><strong><em>Μή</em></strong></span> <span class='ocrx_word' id='word_1_147' title='bbox 1039 1636 1126 1722; x_wconf 85' lang='grc' dir='ltr'><strong><em>ήμεῖς</em></strong></span> <span class='ocrx_word' id='word_1_148' title='bbox 1150 1635 1233 1722; x_wconf 77' lang='grc' dir='ltr'><strong><em>λσχῦν</em></strong></span> <span class='ocrx_word' id='word_1_149' title='bbox 1254 1638 1420 1721; x_wconf 68' lang='grc' dir='ltr'><strong><em>παράγομεν</em></strong></span> <span class='ocrx_word' id='word_1_150' title='bbox 1438 1643 1485 1723; x_wconf 73' lang='grc' dir='ltr'><strong><em>τῷ</em></strong></span> 
     </span>
     <span class='ocr_line' id='line_1_16' title="bbox 320 1735 1485 1828; baseline 0.001 -25"><span class='ocrx_word' id='word_1_151' title='bbox 320 1745 382 1828; x_wconf 77' lang='grc' dir='ltr'><strong><em>θεῷ</em></strong></span> <span class='ocrx_word' id='word_1_152' title='bbox 399 1735 453 1806; x_wconf 86' lang='grc' dir='ltr'><strong><em>ίάν</em></strong></span> <span class='ocrx_word' id='word_1_153' title='bbox 467 1743 610 1822; x_wconf 75' lang='grc' dir='ltr'><strong><em>εἴπωμεν,</em></strong></span> <span class='ocrx_word' id='word_1_154' title='bbox 633 1738 681 1822; x_wconf 87' lang='grc' dir='ltr'><strong><em>Σή</em></strong></span> <span class='ocrx_word' id='word_1_155' title='bbox 697 1743 775 1806; x_wconf 84' lang='grc' dir='ltr'><strong><em>ἐστιν</em></strong></span> <span class='ocrx_word' id='word_1_156' title='bbox 791 1739 887 1823; x_wconf 83' lang='grc' dir='ltr'><strong><em>λσγῦς,</em></strong></span> <span class='ocrx_word' id='word_1_157' title='bbox 908 1738 947 1824; x_wconf 88' lang='grc' dir='ltr'><strong><em>σή</em></strong></span> <span class='ocrx_word' id='word_1_158' title='bbox 963 1743 1041 1807; x_wconf 80' lang='grc' dir='ltr'><strong><em>ἐστιν</em></strong></span> <span class='ocrx_word' id='word_1_159' title='bbox 1054 1738 1075 1824; x_wconf 91' lang='grc' dir='ltr'><strong><em>ή</em></strong></span> <span class='ocrx_word' id='word_1_160' title='bbox 1090 1741 1229 1824; x_wconf 76' lang='grc' dir='ltr'><strong><em>δύναμις,</em></strong></span> <span class='ocrx_word' id='word_1_161' title='bbox 1251 1739 1289 1823; x_wconf 89' lang='grc' dir='ltr'><strong><em>σή</em></strong></span> <span class='ocrx_word' id='word_1_162' title='bbox 1305 1742 1383 1806; x_wconf 81' lang='grc' dir='ltr'><strong><em>ίστιν</em></strong></span> <span class='ocrx_word' id='word_1_163' title='bbox 1398 1735 1419 1820; x_wconf 85' lang='grc' dir='ltr'><strong><em>ή</em></strong></span> <span class='ocrx_word' id='word_1_164' title='bbox 1433 1737 1485 1804; x_wconf 88' lang='grc' dir='ltr'><strong><em>εῦ-</em></strong></span> 
     </span>
     <span class='ocr_line' id='line_1_17' title="bbox 321 1837 1485 1932; baseline 0 -26"><span class='ocrx_word' id='word_1_165' title='bbox 321 1847 418 1927; x_wconf 72' lang='grc' dir='ltr'><strong><em>λογία,</em></strong></span> <span class='ocrx_word' id='word_1_166' title='bbox 449 1840 490 1925; x_wconf 86' lang='grc' dir='ltr'><strong><em>μή</em></strong></span> <span class='ocrx_word' id='word_1_167' title='bbox 507 1838 595 1925; x_wconf 85' lang='grc' dir='ltr'><strong><em>ήμεῖς</em></strong></span> <span class='ocrx_word' id='word_1_168' title='bbox 611 1841 739 1924; x_wconf 81' lang='grc' dir='ltr'><strong><em>δύναμιν</em></strong></span> <span class='ocrx_word' id='word_1_169' title='bbox 759 1840 840 1932; x_wconf 79' lang='grc' dir='ltr'><strong><em>αῦτῷ</em></strong></span> <span class='ocrx_word' id='word_1_170' title='bbox 858 1841 1044 1926; x_wconf 69' lang='grc' dir='ltr'><strong><em>δεδάταμενς</em></strong></span> <span class='ocrx_word' id='word_1_171' title='bbox 1076 1841 1117 1928; x_wconf 87' lang='grc' dir='ltr'><strong><em>μή</em></strong></span> <span class='ocrx_word' id='word_1_172' title='bbox 1135 1840 1220 1927; x_wconf 86' lang='grc' dir='ltr'><strong><em>ήμεῖς</em></strong></span> <span class='ocrx_word' id='word_1_173' title='bbox 1237 1841 1290 1910; x_wconf 88' lang='grc' dir='ltr'><strong><em>τόν</em></strong></span> <span class='ocrx_word' id='word_1_174' title='bbox 1309 1841 1386 1908; x_wconf 85' lang='grc' dir='ltr'><strong><em>θεόν</em></strong></span> <span class='ocrx_word' id='word_1_175' title='bbox 1400 1837 1485 1906; x_wconf 84' lang='grc' dir='ltr'><strong><em>εῦλσ-</em></strong></span> 
     </span>
     <span class='ocr_line' id='line_1_18' title="bbox 321 1942 1487 2030; baseline 0.001 -22"><span class='ocrx_word' id='word_1_176' title='bbox 321 1943 469 2030; x_wconf 79' lang='grc' dir='ltr'><strong><em>γήσαμεν;</em></strong></span> <span class='ocrx_word' id='word_1_177' title='bbox 498 1942 558 2010; x_wconf 71' lang='grc' dir='ltr'><strong><em>ἄλλ’</em></strong></span> <span class='ocrx_word' id='word_1_178' title='bbox 583 1943 786 2028; x_wconf 74' lang='grc' dir='ltr'><strong><em>ἐνισχῦσαντες</em></strong></span> <span class='ocrx_word' id='word_1_179' title='bbox 807 1946 859 2012; x_wconf 81' lang='grc' dir='ltr'><strong><em>καί</em></strong></span> <span class='ocrx_word' id='word_1_180' title='bbox 884 1943 1146 2028; x_wconf 78' lang='grc' dir='ltr'><strong><em>ίνδυναμοίσαντες</em></strong></span> <span class='ocrx_word' id='word_1_181' title='bbox 1172 1953 1250 2012; x_wconf 89' lang='grc' dir='ltr'><strong><em>θεοῦ</em></strong></span> <span class='ocrx_word' id='word_1_182' title='bbox 1278 1942 1334 2027; x_wconf 88' lang='grc' dir='ltr'><strong><em>τήν</em></strong></span> <span class='ocrx_word' id='word_1_183' title='bbox 1354 1946 1487 2025; x_wconf 72' lang='grc' dir='ltr'><strong><em>δύναμιν</em></strong></span> 
     </span>
     <span class='ocr_line' id='line_1_19' title="bbox 322 2042 1486 2135; baseline 0.002 -25"><span class='ocrx_word' id='word_1_184' title='bbox 322 2043 565 2131; x_wconf 81' lang='grc' dir='ltr'><strong><em>ιῦμολογήσεμεν,</em></strong></span> <span class='ocrx_word' id='word_1_185' title='bbox 597 2049 648 2112; x_wconf 81' lang='grc' dir='ltr'><strong><em>καί</em></strong></span> <span class='ocrx_word' id='word_1_186' title='bbox 664 2055 730 2135; x_wconf 76' lang='grc' dir='ltr'><strong><em>θεῷ</em></strong></span> <span class='ocrx_word' id='word_1_187' title='bbox 748 2045 803 2131; x_wconf 86' lang='grc' dir='ltr'><strong><em>τήν</em></strong></span> <span class='ocrx_word' id='word_1_188' title='bbox 823 2043 906 2130; x_wconf 76' lang='grc' dir='ltr'><strong><em>ίσγῦν</em></strong></span> <span class='ocrx_word' id='word_1_189' title='bbox 922 2045 1162 2132; x_wconf 82' lang='grc' dir='ltr'><strong><em>άποδεδόκαμεν.</em></strong></span> <span class='ocrx_word' id='word_1_190' title='bbox 1208 2047 1296 2113; x_wconf 89' lang='grc' dir='ltr'><strong><em>Οῦτω</em></strong></span> <span class='ocrx_word' id='word_1_191' title='bbox 1316 2042 1405 2112; x_wconf 80' lang='grc' dir='ltr'><strong><em>καλό</em></strong></span> <span class='ocrx_word' id='word_1_192' title='bbox 1430 2042 1486 2133; x_wconf 87' lang='grc' dir='ltr'><strong><em>άγ-</em></strong></span> 
     </span>
     <span class='ocr_line' id='line_1_20' title="bbox 321 2145 1488 2236; baseline 0 -22"><span class='ocrx_word' id='word_1_193' title='bbox 321 2156 404 2235; x_wconf 90' lang='grc' dir='ltr'><strong><em>γελος</em></strong></span> <span class='ocrx_word' id='word_1_194' title='bbox 417 2145 480 2215; x_wconf 85' lang='grc' dir='ltr'><strong><em>κατ’</em></strong></span> <span class='ocrx_word' id='word_1_195' title='bbox 496 2151 612 2232; x_wconf 82' lang='grc' dir='ltr'><strong><em>ἐκείνην</em></strong></span> <span class='ocrx_word' id='word_1_196' title='bbox 629 2147 683 2232; x_wconf 87' lang='grc' dir='ltr'><strong><em>τήν</em></strong></span> <span class='ocrx_word' id='word_1_197' title='bbox 699 2148 780 2236; x_wconf 85' lang='grc' dir='ltr'><strong><em>ῦραν</em></strong></span> <span class='ocrx_word' id='word_1_198' title='bbox 796 2146 959 2233; x_wconf 75' lang='grc' dir='ltr'><strong><em>θαυμάσας</em></strong></span> <span class='ocrx_word' id='word_1_199' title='bbox 973 2153 1024 2218; x_wconf 80' lang='grc' dir='ltr'><strong><em>καὶ</em></strong></span> <span class='ocrx_word' id='word_1_200' title='bbox 1038 2149 1272 2234; x_wconf 68' lang='grc' dir='ltr'><strong><em>ἐκπληττόμενος</em></strong></span> <span class='ocrx_word' id='word_1_201' title='bbox 1286 2147 1340 2233; x_wconf 87' lang='grc' dir='ltr'><strong><em>τήν</em></strong></span> <span class='ocrx_word' id='word_1_202' title='bbox 1355 2145 1488 2233; x_wconf 77' lang='grc' dir='ltr'><strong><em>ῦπερβο-</em></strong></span> 
     </span>
    </p>

    <p class='ocr_par' dir='ltr' id='par_1_3' title="bbox 198 2247 1491 3776">
     <span class='ocr_line' id='line_1_21' title="bbox 198 2247 1489 2338; baseline -0.006 -15"><span class='ocrx_word' id='word_1_203' title='bbox 198 2285 250 2334; x_wconf 73' lang='grc' dir='ltr'><strong><em>μς.</em></strong></span> <span class='ocrx_word' id='word_1_204' title='bbox 263 2273 309 2323; x_wconf 68' lang='grc' dir='ltr'><strong><em>λετ.</em></strong></span> <span class='ocrx_word' id='word_1_205' title='bbox 323 2249 377 2334; x_wconf 90' lang='grc' dir='ltr'><strong><em>λήν</em></strong></span> <span class='ocrx_word' id='word_1_206' title='bbox 394 2258 449 2334; x_wconf 82' lang='grc' dir='ltr'><strong><em>τῆς</em></strong></span> <span class='ocrx_word' id='word_1_207' title='bbox 463 2258 518 2318; x_wconf 90' lang='grc' dir='ltr'><strong><em>τοῦ</em></strong></span> <span class='ocrx_word' id='word_1_208' title='bbox 531 2254 611 2318; x_wconf 90' lang='grc' dir='ltr'><strong><em>ίδίον</em></strong></span> <span class='ocrx_word' id='word_1_209' title='bbox 626 2251 774 2320; x_wconf 76' lang='grc' dir='ltr'><strong><em>δεσπότου</em></strong></span> <span class='ocrx_word' id='word_1_210' title='bbox 787 2247 1035 2338; x_wconf 78' lang='grc' dir='ltr'><strong><em>φιλανθρωπίας,</em></strong></span> <span class='ocrx_word' id='word_1_211' title='bbox 1057 2251 1104 2320; x_wconf 85' lang='grc' dir='ltr'><strong><em>ῦτι</em></strong></span> <span class='ocrx_word' id='word_1_212' title='bbox 1118 2252 1193 2331; x_wconf 87' lang='grc' dir='ltr'><strong><em>θεός</em></strong></span> <span class='ocrx_word' id='word_1_213' title='bbox 1209 2252 1269 2333; x_wconf 74' lang='grc' dir='ltr'><strong><em>ῦν,</em></strong></span> <span class='ocrx_word' id='word_1_214' title='bbox 1287 2254 1340 2318; x_wconf 83' lang='grc' dir='ltr'><strong><em>καί</em></strong></span> <span class='ocrx_word' id='word_1_215' title='bbox 1358 2249 1415 2316; x_wconf 86' lang='grc' dir='ltr'><strong><em>σῦν</em></strong></span> <span class='ocrx_word' id='word_1_216' title='bbox 1428 2278 1489 2316; x_wconf 83' lang='grc' dir='ltr'><strong><em>πω-</em></strong></span> 
     </span>
     <span class='ocr_line' id='line_1_22' title="bbox 321 2352 1487 2444; baseline 0.001 -24"><span class='ocrx_word' id='word_1_217' title='bbox 321 2357 369 2441; x_wconf 84' lang='grc' dir='ltr'><strong><em>τρλ</em></strong></span> <span class='ocrx_word' id='word_1_218' title='bbox 384 2352 646 2438; x_wconf 86' lang='grc' dir='ltr'><strong><em>προςκννοῦμενος</em></strong></span> <span class='ocrx_word' id='word_1_219' title='bbox 663 2358 695 2422; x_wconf 84' lang='grc' dir='ltr'><strong><em>ίν</em></strong></span> <span class='ocrx_word' id='word_1_220' title='bbox 710 2354 850 2444; x_wconf 77' lang='grc' dir='ltr'><strong><em>οῦρανρῖ,</em></strong></span> <span class='ocrx_word' id='word_1_221' title='bbox 879 2357 930 2422; x_wconf 86' lang='grc' dir='ltr'><strong><em>καί</em></strong></span> <span class='ocrx_word' id='word_1_222' title='bbox 946 2355 1189 2439; x_wconf 82' lang='grc' dir='ltr'><strong><em>θεραπευόμενος</em></strong></span> <span class='ocrx_word' id='word_1_223' title='bbox 1210 2353 1271 2422; x_wconf 85' lang='grc' dir='ltr'><strong><em>ῦπδ</em></strong></span> <span class='ocrx_word' id='word_1_224' title='bbox 1294 2357 1378 2420; x_wconf 81' lang='grc' dir='ltr'><strong><em>ἰδίων</em></strong></span> <span class='ocrx_word' id='word_1_225' title='bbox 1399 2352 1487 2442; x_wconf 78' lang='grc' dir='ltr'><strong><em>άγγδ-</em></strong></span> 
     </span>
     <span class='ocr_line' id='line_1_23' title="bbox 320 2454 1488 2547; baseline 0 -23"><span class='ocrx_word' id='word_1_226' title='bbox 320 2467 381 2526; x_wconf 92' lang='grc' dir='ltr'><strong><em>λων</em></strong></span> <span class='ocrx_word' id='word_1_227' title='bbox 398 2457 510 2537; x_wconf 89' lang='grc' dir='ltr'><strong><em>αῦτοῦ,</em></strong></span> <span class='ocrx_word' id='word_1_228' title='bbox 533 2460 576 2534; x_wconf 79' lang='grc' dir='ltr'><strong><em>εἰς</em></strong></span> <span class='ocrx_word' id='word_1_229' title='bbox 591 2465 736 2527; x_wconf 85' lang='grc' dir='ltr'><strong><em>τοσοῦτον</em></strong></span> <span class='ocrx_word' id='word_1_230' title='bbox 751 2454 908 2541; x_wconf 84' lang='grc' dir='ltr'><strong><em>ῦπίμεινεν</em></strong></span> <span class='ocrx_word' id='word_1_231' title='bbox 926 2461 988 2547; x_wconf 77' lang='grc' dir='ltr'><strong><em>ίδίμ</em></strong></span> <span class='ocrx_word' id='word_1_232' title='bbox 1003 2458 1142 2542; x_wconf 82' lang='grc' dir='ltr'><strong><em>βουλήσει</em></strong></span> <span class='ocrx_word' id='word_1_233' title='bbox 1157 2461 1302 2534; x_wconf 73' lang='grc' dir='ltr'><strong><em>ἑκουσίως</em></strong></span> <span class='ocrx_word' id='word_1_234' title='bbox 1318 2460 1417 2524; x_wconf 84' lang='grc' dir='ltr'><strong><em>ἐλθεῖν</em></strong></span> <span class='ocrx_word' id='word_1_235' title='bbox 1432 2459 1488 2524; x_wconf 83' lang='grc' dir='ltr'><strong><em>καλ</em></strong></span> 
     </span>
     <span class='ocr_line' id='line_1_24' title="bbox 323 2557 1488 2646; baseline -0.002 -18"><span class='ocrx_word' id='word_1_236' title='bbox 323 2560 507 2628; x_wconf 77' lang='grc' dir='ltr'><strong><em>ἐνδύσασθαι</em></strong></span> <span class='ocrx_word' id='word_1_237' title='bbox 525 2558 630 2646; x_wconf 83' lang='grc' dir='ltr'><strong><em>σαίρειν.</em></strong></span> <span class='ocrx_word' id='word_1_238' title='bbox 676 2560 735 2626; x_wconf 87' lang='grc' dir='ltr'><strong><em>Καί</em></strong></span> <span class='ocrx_word' id='word_1_239' title='bbox 758 2559 795 2626; x_wconf 89' lang='grc' dir='ltr'><strong><em>οῦ</em></strong></span> <span class='ocrx_word' id='word_1_240' title='bbox 819 2559 927 2643; x_wconf 90' lang='grc' dir='ltr'><strong><em>μόνον,</em></strong></span> <span class='ocrx_word' id='word_1_241' title='bbox 958 2558 1031 2628; x_wconf 72' lang='grc' dir='ltr'><strong><em>ἄλλά</em></strong></span> <span class='ocrx_word' id='word_1_242' title='bbox 1051 2562 1103 2628; x_wconf 83' lang='grc' dir='ltr'><strong><em>καί</em></strong></span> <span class='ocrx_word' id='word_1_243' title='bbox 1122 2559 1191 2646; x_wconf 77' lang='grc' dir='ltr'><strong><em>όχρι</em></strong></span> <span class='ocrx_word' id='word_1_244' title='bbox 1207 2567 1262 2628; x_wconf 90' lang='grc' dir='ltr'><strong><em>τοῦ</em></strong></span> <span class='ocrx_word' id='word_1_245' title='bbox 1280 2568 1394 2626; x_wconf 84' lang='grc' dir='ltr'><strong><em>παθεῖν</em></strong></span> <span class='ocrx_word' id='word_1_246' title='bbox 1410 2557 1488 2646; x_wconf 72' lang='grc' dir='ltr'><strong><em>ῦπὲρ</em></strong></span> 
     </span>
     <span class='ocr_line' id='line_1_25' title="bbox 322 2658 1490 2748; baseline -0.004 -15"><span class='ocrx_word' id='word_1_247' title='bbox 322 2672 376 2733; x_wconf 91' lang='grc' dir='ltr'><strong><em>τοῦ</em></strong></span> <span class='ocrx_word' id='word_1_248' title='bbox 394 2667 472 2732; x_wconf 89' lang='grc' dir='ltr'><strong><em>ίδίου</em></strong></span> <span class='ocrx_word' id='word_1_249' title='bbox 486 2661 657 2745; x_wconf 81' lang='grc' dir='ltr'><strong><em>πλάσματος</em></strong></span> <span class='ocrx_word' id='word_1_250' title='bbox 672 2669 726 2746; x_wconf 81' lang='grc' dir='ltr'><strong><em>τῆς</em></strong></span> <span class='ocrx_word' id='word_1_251' title='bbox 750 2658 943 2746; x_wconf 85' lang='grc' dir='ltr'><strong><em>άνθρωπείας</em></strong></span> <span class='ocrx_word' id='word_1_252' title='bbox 964 2661 1098 2744; x_wconf 84' lang='grc' dir='ltr'><strong><em>φῦοεεος,</em></strong></span> <span class='ocrx_word' id='word_1_253' title='bbox 1130 2661 1287 2746; x_wconf 84' lang='grc' dir='ltr'><strong><em>ῦπομίνει,</em></strong></span> <span class='ocrx_word' id='word_1_254' title='bbox 1317 2671 1336 2708; x_wconf 79' lang='lat'><strong><em>&#39;⁸</em></strong></span> <span class='ocrx_word' id='word_1_255' title='bbox 1347 2665 1398 2729; x_wconf 88' lang='grc' dir='ltr'><strong><em>καλ</em></strong></span> <span class='ocrx_word' id='word_1_256' title='bbox 1420 2661 1490 2748; x_wconf 78' lang='grc' dir='ltr'><strong><em>ῦγρι</em></strong></span> 
     </span>
     <span class='ocr_line' id='line_1_26' title="bbox 323 2764 1484 2852; baseline -0.003 -18"><span class='ocrx_word' id='word_1_257' title='bbox 323 2774 454 2851; x_wconf 88' lang='grc' dir='ltr'><strong><em>σταυροῦ</em></strong></span> <span class='ocrx_word' id='word_1_258' title='bbox 469 2769 698 2852; x_wconf 78' lang='grc' dir='ltr'><strong><em>παραδοθῆναι,</em></strong></span> <span class='ocrx_word' id='word_1_259' title='bbox 721 2764 902 2850; x_wconf 89' lang='grc' dir='ltr'><strong><em>γευσάμενός</em></strong></span> <span class='ocrx_word' id='word_1_260' title='bbox 919 2790 950 2831; x_wconf 87' lang='grc' dir='ltr'><strong><em>τι</em></strong></span> <span class='ocrx_word' id='word_1_261' title='bbox 966 2764 1121 2846; x_wconf 89' lang='grc' dir='ltr'><strong><em>θανάτου,</em></strong></span> <span class='ocrx_word' id='word_1_262' title='bbox 1143 2764 1281 2832; x_wconf 87' lang='grc' dir='ltr'><strong><em>θανάτου</em></strong></span> <span class='ocrx_word' id='word_1_263' title='bbox 1296 2766 1329 2832; x_wconf 82' lang='grc' dir='ltr'><strong><em>δδ</em></strong></span> <span class='ocrx_word' id='word_1_264' title='bbox 1342 2773 1484 2850; x_wconf 89' lang='grc' dir='ltr'><strong><em>σταυροῦ,</em></strong></span> 
     </span>
     <span class='ocr_line' id='line_1_27' title="bbox 322 2865 1488 2955; baseline -0.002 -19"><span class='ocrx_word' id='word_1_265' title='bbox 322 2868 406 2946; x_wconf 85' lang='grc' dir='ltr'><strong><em>ῦπως</em></strong></span> <span class='ocrx_word' id='word_1_266' title='bbox 422 2866 461 2935; x_wconf 89' lang='grc' dir='ltr'><strong><em>δι’</em></strong></span> <span class='ocrx_word' id='word_1_267' title='bbox 474 2866 568 2936; x_wconf 87' lang='grc' dir='ltr'><strong><em>αῦτοῦ</em></strong></span> <span class='ocrx_word' id='word_1_268' title='bbox 583 2866 730 2954; x_wconf 85' lang='grc' dir='ltr'><strong><em>τρόπαιον</em></strong></span> <span class='ocrx_word' id='word_1_269' title='bbox 748 2867 801 2950; x_wconf 81' lang='grc' dir='ltr'><strong><em>μλν</em></strong></span> <span class='ocrx_word' id='word_1_270' title='bbox 817 2865 892 2934; x_wconf 84' lang='grc' dir='ltr'><strong><em>κατά</em></strong></span> <span class='ocrx_word' id='word_1_271' title='bbox 912 2875 966 2934; x_wconf 89' lang='grc' dir='ltr'><strong><em>τοῦ</em></strong></span> <span class='ocrx_word' id='word_1_272' title='bbox 980 2867 1116 2935; x_wconf 83' lang='grc' dir='ltr'><strong><em>θανάτου</em></strong></span> <span class='ocrx_word' id='word_1_273' title='bbox 1132 2865 1152 2952; x_wconf 89' lang='grc' dir='ltr'><strong><em>ή</em></strong></span> <span class='ocrx_word' id='word_1_274' title='bbox 1167 2866 1371 2955; x_wconf 79' lang='grc' dir='ltr'><strong><em>άνθροωτότης</em></strong></span> <span class='ocrx_word' id='word_1_275' title='bbox 1388 2871 1488 2951; x_wconf 80' lang='grc' dir='ltr'><strong><em>λάβοι,</em></strong></span> 
     </span>
     <span class='ocr_line' id='line_1_28' title="bbox 322 2968 1486 3062; baseline -0.002 -22"><span class='ocrx_word' id='word_1_276' title='bbox 322 2969 494 3062; x_wconf 68' lang='grc' dir='ltr'><strong><em>καταργήσῃ</em></strong></span> <span class='ocrx_word' id='word_1_277' title='bbox 514 2971 546 3036; x_wconf 76' lang='grc' dir='ltr'><strong><em>δὲ</em></strong></span> <span class='ocrx_word' id='word_1_278' title='bbox 563 2968 616 3036; x_wconf 89' lang='grc' dir='ltr'><strong><em>τόν</em></strong></span> <span class='ocrx_word' id='word_1_279' title='bbox 628 2968 664 3038; x_wconf 83' lang='grc' dir='ltr'><strong><em>τό</em></strong></span> <span class='ocrx_word' id='word_1_280' title='bbox 678 2969 788 3055; x_wconf 85' lang='grc' dir='ltr'><strong><em>κράτος</em></strong></span> <span class='ocrx_word' id='word_1_281' title='bbox 805 2973 909 3054; x_wconf 78' lang='grc' dir='ltr'><strong><em>ἔχοντα</em></strong></span> <span class='ocrx_word' id='word_1_282' title='bbox 922 2977 978 3036; x_wconf 89' lang='grc' dir='ltr'><strong><em>τοῦ</em></strong></span> <span class='ocrx_word' id='word_1_283' title='bbox 992 2969 1145 3052; x_wconf 85' lang='grc' dir='ltr'><strong><em>θανάτου,</em></strong></span> <span class='ocrx_word' id='word_1_284' title='bbox 1168 2973 1299 3038; x_wconf 84' lang='grc' dir='ltr'><strong><em>εουτέστι</em></strong></span> <span class='ocrx_word' id='word_1_285' title='bbox 1314 2968 1369 3036; x_wconf 91' lang='grc' dir='ltr'><strong><em>τόν</em></strong></span> <span class='ocrx_word' id='word_1_286' title='bbox 1384 2971 1486 3055; x_wconf 80' lang='grc' dir='ltr'><strong><em>διάβο-</em></strong></span> 
     </span>
     <span class='ocr_line' id='line_1_29' title="bbox 322 3071 1490 3164; baseline -0.003 -22"><span class='ocrx_word' id='word_1_287' title='bbox 322 3085 388 3156; x_wconf 88' lang='grc' dir='ltr'><strong><em>λον,</em></strong></span> <span class='ocrx_word' id='word_1_288' title='bbox 409 3077 461 3140; x_wconf 84' lang='grc' dir='ltr'><strong><em>καί</em></strong></span> <span class='ocrx_word' id='word_1_289' title='bbox 479 3073 670 3164; x_wconf 82' lang='grc' dir='ltr'><strong><em>θριαμβεῦσγγ</em></strong></span> <span class='ocrx_word' id='word_1_290' title='bbox 690 3080 791 3140; x_wconf 80' lang='grc' dir='ltr'><strong><em>πᾶσαν</em></strong></span> <span class='ocrx_word' id='word_1_291' title='bbox 807 3071 903 3156; x_wconf 77' lang='grc' dir='ltr'><strong><em>ἀργήν</em></strong></span> <span class='ocrx_word' id='word_1_292' title='bbox 922 3075 975 3140; x_wconf 84' lang='grc' dir='ltr'><strong><em>καί</em></strong></span> <span class='ocrx_word' id='word_1_293' title='bbox 992 3076 1136 3153; x_wconf 81' lang='grc' dir='ltr'><strong><em>ἐξουσίαν.</em></strong></span> <span class='ocrx_word' id='word_1_294' title='bbox 1181 3071 1238 3140; x_wconf 85' lang='grc' dir='ltr'><strong><em>Διό</em></strong></span> <span class='ocrx_word' id='word_1_295' title='bbox 1253 3075 1304 3140; x_wconf 82' lang='grc' dir='ltr'><strong><em>καί</em></strong></span> <span class='ocrx_word' id='word_1_296' title='bbox 1320 3073 1490 3156; x_wconf 80' lang='grc' dir='ltr'><strong><em>θαυμάζειν</em></strong></span> 
     </span>
     <span class='ocr_line' id='line_1_30' title="bbox 322 3173 1491 3267; baseline -0.004 -21"><span class='ocrx_word' id='word_1_297' title='bbox 322 3181 374 3246; x_wconf 84' lang='grc' dir='ltr'><strong><em>καί</em></strong></span> <span class='ocrx_word' id='word_1_298' title='bbox 398 3175 629 3259; x_wconf 82' lang='grc' dir='ltr'><strong><em>ἐκπληττόμενος</em></strong></span> <span class='ocrx_word' id='word_1_299' title='bbox 654 3173 812 3262; x_wconf 84' lang='grc' dir='ltr'><strong><em>όῦγγελος</em></strong></span> <span class='ocrx_word' id='word_1_300' title='bbox 834 3177 930 3262; x_wconf 76' lang='grc' dir='ltr'><strong><em>ἔλεγεν</em></strong></span> <span class='ocrx_word' id='word_1_301' title='bbox 954 3174 1049 3267; x_wconf 82' lang='grc' dir='ltr'><strong><em>αῦτρῖ,</em></strong></span> <span class='ocrx_word' id='word_1_302' title='bbox 1079 3181 1249 3263; x_wconf 78' lang='grc' dir='ltr'><strong><em>δοξολογῦν</em></strong></span> <span class='ocrx_word' id='word_1_303' title='bbox 1270 3179 1323 3242; x_wconf 84' lang='grc' dir='ltr'><strong><em>καί</em></strong></span> <span class='ocrx_word' id='word_1_304' title='bbox 1343 3174 1491 3260; x_wconf 85' lang='grc' dir='ltr'><strong><em>εῦφημῦν</em></strong></span> 
     </span>
     <span class='ocr_line' id='line_1_31' title="bbox 322 3276 1490 3369; baseline 0.001 -24"><span class='ocrx_word' id='word_1_305' title='bbox 322 3278 376 3348; x_wconf 85' lang='grc' dir='ltr'><strong><em>τόν</em></strong></span> <span class='ocrx_word' id='word_1_306' title='bbox 391 3284 469 3346; x_wconf 85' lang='grc' dir='ltr'><strong><em>λ’διον</em></strong></span> <span class='ocrx_word' id='word_1_307' title='bbox 485 3276 634 3361; x_wconf 83' lang='grc' dir='ltr'><strong><em>δεσπότην</em></strong></span> <span class='ocrx_word' id='word_1_308' title='bbox 651 3279 699 3345; x_wconf 82' lang='grc' dir='ltr'><strong><em>ἐπί</em></strong></span> <span class='ocrx_word' id='word_1_309' title='bbox 717 3284 757 3366; x_wconf 78' lang='grc' dir='ltr'><strong><em>τρῦ</em></strong></span> <span class='ocrx_word' id='word_1_310' title='bbox 773 3277 898 3368; x_wconf 84' lang='grc' dir='ltr'><strong><em>τοιοῦτμ</em></strong></span> <span class='ocrx_word' id='word_1_311' title='bbox 915 3278 1064 3363; x_wconf 86' lang='grc' dir='ltr'><strong><em>σκάμματι</em></strong></span> <span class='ocrx_word' id='word_1_312' title='bbox 1079 3281 1130 3346; x_wconf 82' lang='grc' dir='ltr'><strong><em>καλ</em></strong></span> <span class='ocrx_word' id='word_1_313' title='bbox 1143 3281 1382 3369; x_wconf 77' lang='grc' dir='ltr'><strong><em>παραδοξοποιίρι</em></strong></span> <span class='ocrx_word' id='word_1_314' title='bbox 1400 3281 1490 3346; x_wconf 79' lang='grc' dir='ltr'><strong><em>ἐστιδ-</em></strong></span> 
     </span>
     <span class='ocr_line' id='line_1_32' title="bbox 322 3378 1489 3468; baseline 0 -20"><span class='ocrx_word' id='word_1_315' title='bbox 322 3409 369 3462; x_wconf 88' lang='grc' dir='ltr'><strong><em>τα,</em></strong></span> <span class='ocrx_word' id='word_1_316' title='bbox 383 3380 441 3456; x_wconf 80' lang='grc' dir='ltr'><strong><em>ότι,</em></strong></span> <span class='ocrx_word' id='word_1_317' title='bbox 463 3380 512 3466; x_wconf 93' lang='grc' dir='ltr'><strong><em>Σή</em></strong></span> <span class='ocrx_word' id='word_1_318' title='bbox 526 3378 635 3464; x_wconf 87' lang='grc' dir='ltr'><strong><em>ἐστινή</em></strong></span> <span class='ocrx_word' id='word_1_319' title='bbox 652 3378 862 3466; x_wconf 85' lang='grc' dir='ltr'><strong><em>προςκῦνησις,</em></strong></span> <span class='ocrx_word' id='word_1_320' title='bbox 879 3380 934 3448; x_wconf 91' lang='grc' dir='ltr'><strong><em>σόν</em></strong></span> <span class='ocrx_word' id='word_1_321' title='bbox 950 3385 1011 3448; x_wconf 83' lang='grc' dir='ltr'><strong><em>ἐστι</em></strong></span> <span class='ocrx_word' id='word_1_322' title='bbox 1025 3381 1058 3448; x_wconf 88' lang='grc' dir='ltr'><strong><em>τό</em></strong></span> <span class='ocrx_word' id='word_1_323' title='bbox 1075 3381 1194 3468; x_wconf 86' lang='grc' dir='ltr'><strong><em>κράτος,</em></strong></span> <span class='ocrx_word' id='word_1_324' title='bbox 1212 3381 1250 3466; x_wconf 90' lang='grc' dir='ltr'><strong><em>σή</em></strong></span> <span class='ocrx_word' id='word_1_325' title='bbox 1267 3384 1346 3448; x_wconf 85' lang='grc' dir='ltr'><strong><em>ἐστιν</em></strong></span> <span class='ocrx_word' id='word_1_326' title='bbox 1360 3379 1382 3466; x_wconf 87' lang='grc' dir='ltr'><strong><em>ή</em></strong></span> <span class='ocrx_word' id='word_1_327' title='bbox 1397 3381 1489 3448; x_wconf 85' lang='grc' dir='ltr'><strong><em>δῦνα-</em></strong></span> 
     </span>
     <span class='ocr_line' id='line_1_33' title="bbox 323 3481 1489 3574; baseline -0.002 -22"><span class='ocrx_word' id='word_1_328' title='bbox 323 3511 382 3568; x_wconf 90' lang='grc' dir='ltr'><strong><em>μις,</em></strong></span> <span class='ocrx_word' id='word_1_329' title='bbox 404 3484 442 3567; x_wconf 91' lang='grc' dir='ltr'><strong><em>σή</em></strong></span> <span class='ocrx_word' id='word_1_330' title='bbox 459 3486 537 3552; x_wconf 78' lang='grc' dir='ltr'><strong><em>ἐστιν</em></strong></span> <span class='ocrx_word' id='word_1_331' title='bbox 550 3481 572 3566; x_wconf 88' lang='grc' dir='ltr'><strong><em>ή</em></strong></span> <span class='ocrx_word' id='word_1_332' title='bbox 586 3481 677 3568; x_wconf 80' lang='grc' dir='ltr'><strong><em>λσγῦς,</em></strong></span> <span class='ocrx_word' id='word_1_333' title='bbox 690 3487 741 3550; x_wconf 80' lang='grc' dir='ltr'><strong><em>ἰ’να</em></strong></span> <span class='ocrx_word' id='word_1_334' title='bbox 755 3481 897 3574; x_wconf 81' lang='grc' dir='ltr'><strong><em>πληράση</em></strong></span> <span class='ocrx_word' id='word_1_335' title='bbox 913 3482 946 3550; x_wconf 89' lang='grc' dir='ltr'><strong><em>τό</em></strong></span> <span class='ocrx_word' id='word_1_336' title='bbox 963 3483 1044 3569; x_wconf 82' lang='grc' dir='ltr'><strong><em>παρά</em></strong></span> <span class='ocrx_word' id='word_1_337' title='bbox 1054 3491 1185 3552; x_wconf 83' lang='grc' dir='ltr'><strong><em>Μωῦσεῖ</em></strong></span> <span class='ocrx_word' id='word_1_338' title='bbox 1198 3486 1412 3572; x_wconf 72' lang='grc' dir='ltr'><strong><em>γεγραμμένον,</em></strong></span> <span class='ocrx_word' id='word_1_339' title='bbox 1429 3483 1489 3564; x_wconf 82' lang='grc' dir='ltr'><strong><em>δτι,</em></strong></span> 
     </span>
     <span class='ocr_line' id='line_1_34' title="bbox 320 3582 1488 3676; baseline -0.001 -23"><span class='ocrx_word' id='word_1_340' title='bbox 320 3585 573 3671; x_wconf 82' lang='grc' dir='ltr'><strong><em>Ἑυισχυσάτωσαν</em></strong></span> <span class='ocrx_word' id='word_1_341' title='bbox 587 3583 669 3676; x_wconf 75' lang='grc' dir='ltr'><strong><em>αῦτρῐ</em></strong></span> <span class='ocrx_word' id='word_1_342' title='bbox 687 3585 796 3662; x_wconf 87' lang='grc' dir='ltr'><strong><em>πάντες</em></strong></span> <span class='ocrx_word' id='word_1_343' title='bbox 809 3582 928 3672; x_wconf 88' lang='grc' dir='ltr'><strong><em>άγγελοι</em></strong></span> <span class='ocrx_word' id='word_1_344' title='bbox 942 3595 1025 3654; x_wconf 85' lang='grc' dir='ltr'><strong><em>θεοῦ.</em></strong></span> <span class='ocrx_word' id='word_1_345' title='bbox 1065 3590 1127 3654; x_wconf 84' lang='grc' dir='ltr'><strong><em>Καί</em></strong></span> <span class='ocrx_word' id='word_1_346' title='bbox 1143 3585 1243 3672; x_wconf 83' lang='grc' dir='ltr'><strong><em>όρῦτε,</em></strong></span> <span class='ocrx_word' id='word_1_347' title='bbox 1267 3592 1425 3673; x_wconf 69' lang='grc' dir='ltr'><strong><em>*Χριστοῦ</em></strong></span> <span class='ocrx_word' id='word_1_348' title='bbox 1436 3596 1488 3652; x_wconf 89' lang='grc' dir='ltr'><strong><em>θε-</em></strong></span> 
     </span>
     <span class='ocr_line' id='line_1_35' title="bbox 323 3687 1490 3776; baseline -0.001 -19"><span class='ocrx_word' id='word_1_349' title='bbox 323 3690 470 3776; x_wconf 88' lang='grc' dir='ltr'><strong><em>ράποντες</em></strong></span> <span class='ocrx_word' id='word_1_350' title='bbox 484 3692 534 3757; x_wconf 84' lang='grc' dir='ltr'><strong><em>καί</em></strong></span> <span class='ocrx_word' id='word_1_351' title='bbox 550 3692 611 3757; x_wconf 81' lang='grc' dir='ltr'><strong><em>υλοί</em></strong></span> <span class='ocrx_word' id='word_1_352' title='bbox 621 3687 770 3775; x_wconf 84' lang='grc' dir='ltr'><strong><em>τήςάγίας</em></strong></span> <span class='ocrx_word' id='word_1_353' title='bbox 780 3696 834 3755; x_wconf 93' lang='grc' dir='ltr'><strong><em>τοῦ</em></strong></span> <span class='ocrx_word' id='word_1_354' title='bbox 846 3695 923 3755; x_wconf 83' lang='grc' dir='ltr'><strong><em>θεοῦ</em></strong></span> <span class='ocrx_word' id='word_1_355' title='bbox 933 3691 1088 3774; x_wconf 88' lang='grc' dir='ltr'><strong><em>ἐκκλησίας</em></strong></span> <span class='ocrx_word' id='word_1_356' title='bbox 1101 3693 1151 3756; x_wconf 88' lang='grc' dir='ltr'><strong><em>καί</em></strong></span> <span class='ocrx_word' id='word_1_357' title='bbox 1166 3688 1338 3776; x_wconf 77' lang='grc' dir='ltr'><strong><em>όρθοδόξου</em></strong></span> <span class='ocrx_word' id='word_1_358' title='bbox 1351 3694 1490 3768; x_wconf 86' lang='grc' dir='ltr'><strong><em>πίστεως,</em></strong></span> 
     </span>
    </p>
   </div>
   <div class='ocr_carea' id='block_1_3' title="bbox 321 3788 1491 4292">
    <p class='ocr_par' dir='ltr' id='par_1_4' title="bbox 321 3788 1491 4292">
     <span class='ocr_line' id='line_1_36' title="bbox 323 3788 1489 3884; baseline -0.002 -24"><span class='ocrx_word' id='word_1_359' title='bbox 323 3793 368 3861; x_wconf 80' lang='grc' dir='ltr'><strong><em>ὅτι</em></strong></span> <span class='ocrx_word' id='word_1_360' title='bbox 386 3788 474 3860; x_wconf 76' lang='grc' dir='ltr'><strong><em>οῦδὲν</em></strong></span> <span class='ocrx_word' id='word_1_361' title='bbox 492 3795 523 3860; x_wconf 84' lang='grc' dir='ltr'><strong><em>ἐν</em></strong></span> <span class='ocrx_word' id='word_1_362' title='bbox 538 3801 575 3884; x_wconf 79' lang='grc' dir='ltr'><strong><em>νή</em></strong></span> <span class='ocrx_word' id='word_1_363' title='bbox 596 3798 666 3881; x_wconf 79' lang='grc' dir='ltr'><strong><em>θείρε</em></strong></span> <span class='ocrx_word' id='word_1_364' title='bbox 692 3797 820 3883; x_wconf 60' lang='grc' dir='ltr'><strong><em>ὅγραφή</em></strong></span> <span class='ocrx_word' id='word_1_365' title='bbox 836 3791 969 3872; x_wconf 85' lang='grc' dir='ltr'><strong><em>σκολιόν,</em></strong></span> <span class='ocrx_word' id='word_1_366' title='bbox 1000 3791 1070 3860; x_wconf 77' lang='grc' dir='ltr'><strong><em>οῦδὲ</em></strong></span> <span class='ocrx_word' id='word_1_367' title='bbox 1087 3796 1336 3880; x_wconf 81' lang='grc' dir='ltr'><strong><em>στραγγαλιῦδες,</em></strong></span> <span class='ocrx_word' id='word_1_368' title='bbox 1358 3791 1434 3858; x_wconf 79' lang='grc' dir='ltr'><strong><em>ῦλλό</em></strong></span> <span class='ocrx_word' id='word_1_369' title='bbox 1450 3791 1489 3858; x_wconf 78' lang='grc' dir='ltr'><strong><em>τό</em></strong></span> 
     </span>
     <span class='ocr_line' id='line_1_37' title="bbox 321 3891 1490 3983; baseline -0.003 -20"><span class='ocrx_word' id='word_1_370' title='bbox 321 3895 419 3964; x_wconf 88' lang='grc' dir='ltr'><strong><em>πάντα</em></strong></span> <span class='ocrx_word' id='word_1_371' title='bbox 426 3901 605 3979; x_wconf 87' lang='grc' dir='ltr'><strong><em>θαυμασίως</em></strong></span> <span class='ocrx_word' id='word_1_372' title='bbox 618 3898 661 3972; x_wconf 84' lang='grc' dir='ltr'><strong><em>είς</em></strong></span> <span class='ocrx_word' id='word_1_373' title='bbox 670 3892 725 3977; x_wconf 85' lang='grc' dir='ltr'><strong><em>τήν</em></strong></span> <span class='ocrx_word' id='word_1_374' title='bbox 737 3891 882 3981; x_wconf 81' lang='grc' dir='ltr'><strong><em>ήμετέραν</em></strong></span> <span class='ocrx_word' id='word_1_375' title='bbox 898 3900 1046 3980; x_wconf 83' lang='grc' dir='ltr'><strong><em>σωτηρίαν</em></strong></span> <span class='ocrx_word' id='word_1_376' title='bbox 1056 3898 1227 3983; x_wconf 76' lang='grc' dir='ltr'><strong><em>γέγραπται,</em></strong></span> <span class='ocrx_word' id='word_1_377' title='bbox 1237 3897 1288 3961; x_wconf 86' lang='grc' dir='ltr'><strong><em>καλ</em></strong></span> <span class='ocrx_word' id='word_1_378' title='bbox 1299 3899 1490 3962; x_wconf 83' lang='grc' dir='ltr'><strong><em>τετελείωται.</em></strong></span> 
     </span>
     <span class='ocr_line' id='line_1_38' title="bbox 327 3994 1491 4086; baseline -0.003 -20"><span class='ocrx_word' id='word_1_379' title='bbox 327 4003 368 4066; x_wconf 71' lang='lat' dir='ltr'><strong><em>Ol</em></strong></span> <span class='ocrx_word' id='word_1_380' title='bbox 380 4001 413 4066; x_wconf 81' lang='grc' dir='ltr'><strong><em>δί</em></strong></span> <span class='ocrx_word' id='word_1_381' title='bbox 430 4000 641 4085; x_wconf 74' lang='grc' dir='ltr'><strong><em>προειρημένοι</em></strong></span> <span class='ocrx_word' id='word_1_382' title='bbox 655 3999 688 4064; x_wconf 84' lang='grc' dir='ltr'><strong><em>ἐν</em></strong></span> <span class='ocrx_word' id='word_1_383' title='bbox 705 3999 799 4086; x_wconf 75' lang='grc' dir='ltr'><strong><em>ἐγθρμ</em></strong></span> <span class='ocrx_word' id='word_1_384' title='bbox 813 3994 896 4074; x_wconf 85' lang='grc' dir='ltr'><strong><em>δντες</em></strong></span> <span class='ocrx_word' id='word_1_385' title='bbox 910 3997 988 4081; x_wconf 90' lang='grc' dir='ltr'><strong><em>πρδς</em></strong></span> <span class='ocrx_word' id='word_1_386' title='bbox 1002 3997 1056 4064; x_wconf 85' lang='grc' dir='ltr'><strong><em>τόν</em></strong></span> <span class='ocrx_word' id='word_1_387' title='bbox 1073 4005 1220 4086; x_wconf 84' lang='grc' dir='ltr'><strong><em>μονογενῆ</em></strong></span> <span class='ocrx_word' id='word_1_388' title='bbox 1241 3995 1309 4064; x_wconf 84' lang='grc' dir='ltr'><strong><em>υδδν</em></strong></span> <span class='ocrx_word' id='word_1_389' title='bbox 1331 4004 1387 4063; x_wconf 81' lang='grc' dir='ltr'><strong><em>τοῦ</em></strong></span> <span class='ocrx_word' id='word_1_390' title='bbox 1401 4004 1491 4077; x_wconf 86' lang='grc' dir='ltr'><strong><em>θεοῦ,</em></strong></span> 
     </span>
     <span class='ocr_line' id='line_1_39' title="bbox 322 4095 1490 4187; baseline -0.003 -18"><span class='ocrx_word' id='word_1_391' title='bbox 322 4104 374 4169; x_wconf 88' lang='grc' dir='ltr'><strong><em>καί</em></strong></span> <span class='ocrx_word' id='word_1_392' title='bbox 390 4100 467 4186; x_wconf 84' lang='grc' dir='ltr'><strong><em>πρός</em></strong></span> <span class='ocrx_word' id='word_1_393' title='bbox 482 4100 516 4168; x_wconf 89' lang='grc' dir='ltr'><strong><em>τό</em></strong></span> <span class='ocrx_word' id='word_1_394' title='bbox 534 4099 620 4187; x_wconf 80' lang='grc' dir='ltr'><strong><em>άγιον</em></strong></span> <span class='ocrx_word' id='word_1_395' title='bbox 639 4107 771 4184; x_wconf 89' lang='grc' dir='ltr'><strong><em>πνεῦμα,</em></strong></span> <span class='ocrx_word' id='word_1_396' title='bbox 794 4095 894 4166; x_wconf 87' lang='grc' dir='ltr'><strong><em>πάντα</em></strong></span> <span class='ocrx_word' id='word_1_397' title='bbox 908 4096 949 4176; x_wconf 76' lang='grc' dir='ltr'><strong><em>οῦς</em></strong></span> <span class='ocrx_word' id='word_1_398' title='bbox 963 4103 1066 4185; x_wconf 74' lang='grc' dir='ltr'><strong><em>ἐχθροί</em></strong></span> <span class='ocrx_word' id='word_1_399' title='bbox 1084 4104 1274 4166; x_wconf 85' lang='grc' dir='ltr'><strong><em>διανοοῦνταί</em></strong></span> <span class='ocrx_word' id='word_1_400' title='bbox 1289 4124 1319 4166; x_wconf 89' lang='grc' dir='ltr'><strong><em>τε</em></strong></span> <span class='ocrx_word' id='word_1_401' title='bbox 1333 4101 1387 4166; x_wconf 87' lang='grc' dir='ltr'><strong><em>καλ</em></strong></span> <span class='ocrx_word' id='word_1_402' title='bbox 1402 4104 1490 4180; x_wconf 82' lang='grc' dir='ltr'><strong><em>σοφί-</em></strong></span> 
     </span>
     <span class='ocr_line' id='line_1_40' title="bbox 323 4200 1486 4292; baseline -0.003 -20"><span class='ocrx_word' id='word_1_403' title='bbox 323 4212 429 4285; x_wconf 75' lang='grc' dir='ltr'><strong><em>ζονται.</em></strong></span> <span class='ocrx_word' id='word_1_404' title='bbox 450 4202 537 4289; x_wconf 80' lang='grc' dir='ltr'><strong><em>Ἡμῖν</em></strong></span> <span class='ocrx_word' id='word_1_405' title='bbox 552 4205 585 4271; x_wconf 79' lang='grc' dir='ltr'><strong><em>δὲ</em></strong></span> <span class='ocrx_word' id='word_1_406' title='bbox 600 4201 641 4288; x_wconf 88' lang='grc' dir='ltr'><strong><em>μή</em></strong></span> <span class='ocrx_word' id='word_1_407' title='bbox 656 4205 770 4292; x_wconf 82' lang='grc' dir='ltr'><strong><em>γίνοιτο</em></strong></span> <span class='ocrx_word' id='word_1_408' title='bbox 791 4200 1014 4289; x_wconf 70' lang='grc' dir='ltr'><strong><em>θάνθρωπίνοες</em></strong></span> <span class='ocrx_word' id='word_1_409' title='bbox 1032 4208 1196 4288; x_wconf 88' lang='grc' dir='ltr'><strong><em>σοφίσμασι</em></strong></span> <span class='ocrx_word' id='word_1_410' title='bbox 1209 4203 1411 4289; x_wconf 73' lang='grc' dir='ltr'><strong><em>προςανίγετν,</em></strong></span> <span class='ocrx_word' id='word_1_411' title='bbox 1428 4201 1486 4268; x_wconf 73' lang='grc' dir='ltr'><strong><em>ἄλλ’</em></strong></span> 
     </span>
    </p>
   </div>
   <div class='ocr_carea' id='block_1_4' title="bbox 323 4357 1419 4493">
    <p class='ocr_par' dir='ltr' id='par_1_5' title="bbox 323 4357 1419 4493">
     <span class='ocr_line' id='line_1_41' title="bbox 358 4357 1419 4425; baseline 0.002 -17"><span class='ocrx_word' id='word_1_412' title='bbox 358 4359 417 4410; x_wconf 75' lang='grc' dir='ltr'><strong><em>σιτ.</em></strong></span> <span class='ocrx_word' id='word_1_413' title='bbox 434 4363 514 4416; x_wconf 72' lang='lat' dir='ltr'><strong><em>an.</em></strong></span> <span class='ocrx_word' id='word_1_414' title='bbox 531 4391 563 4402; x_wconf 93' lang='lat'>-</span> <span class='ocrx_word' id='word_1_415' title='bbox 592 4364 612 4414; x_wconf 90' lang='grc' dir='ltr'><strong><em>Ι.</em></strong></span> <span class='ocrx_word' id='word_1_416' title='bbox 630 4361 685 4416; x_wconf 76' lang='grc' dir='ltr'><strong><em>υἱοῦ</em></strong></span> <span class='ocrx_word' id='word_1_417' title='bbox 702 4365 785 4414; x_wconf 71' lang='lat' dir='ltr'><strong><em>vitium</em></strong></span> <span class='ocrx_word' id='word_1_418' title='bbox 800 4366 834 4414; x_wconf 85' lang='grc' dir='ltr'><strong><em>ειλ</em></strong></span> <span class='ocrx_word' id='word_1_419' title='bbox 851 4361 887 4412; x_wconf 84' lang='grc' dir='ltr'><strong><em>εδ.</em></strong></span> <span class='ocrx_word' id='word_1_420' title='bbox 954 4359 979 4410; x_wconf 80' lang='lat'><em>2</em></span> <span class='ocrx_word' id='word_1_421' title='bbox 996 4357 1089 4419; x_wconf 80' lang='grc' dir='ltr'><strong><em>πάντες</em></strong></span> <span class='ocrx_word' id='word_1_422' title='bbox 1105 4375 1152 4412; x_wconf 82' lang='lat' dir='ltr'><strong><em>mm</em></strong></span> <span class='ocrx_word' id='word_1_423' title='bbox 1168 4363 1236 4412; x_wconf 80' lang='grc' dir='ltr'><strong><em>λαδελ</em></strong></span> <span class='ocrx_word' id='word_1_424' title='bbox 1252 4361 1303 4412; x_wconf 66' lang='lat' dir='ltr'><strong><em>m</em></strong></span> <span class='ocrx_word' id='word_1_425' title='bbox 1320 4361 1419 4425; x_wconf 80' lang='grc' dir='ltr'><strong><em>λίλεδίγ.</em></strong></span> 
     </span>
     <span class='ocr_line' id='line_1_42' title="bbox 323 4427 1211 4493; baseline -0.003 -12"><span class='ocrx_word' id='word_1_426' title='bbox 323 4431 404 4481; x_wconf 82' lang='grc' dir='ltr'><strong><em>Ριίαν.</em></strong></span> <span class='ocrx_word' id='word_1_427' title='bbox 955 4427 979 4478; x_wconf 83' lang='grc'><strong><em>3.</em></strong></span> <span class='ocrx_word' id='word_1_428' title='bbox 998 4427 1028 4483; x_wconf 78' lang='grc' dir='ltr'><strong><em>δὲ</em></strong></span> <span class='ocrx_word' id='word_1_429' title='bbox 1045 4431 1096 4480; x_wconf 70' lang='lat' dir='ltr'><strong><em>cod.</em></strong></span> <span class='ocrx_word' id='word_1_430' title='bbox 1114 4430 1211 4493; x_wconf 79' lang='grc' dir='ltr'><strong><em>λίλιεδλρ.</em></strong></span> 
     </span>
    </p>
   </div>
   <div class='ocr_carea' id='block_1_5' title="bbox 0 0 1636 4934">
    <p class='ocr_par' dir='ltr' id='par_1_6' title="bbox 0 0 1636 4934">
     <span class='ocr_line' id='line_1_43' title="bbox 0 0 1636 4934; baseline 0 0"><span class='ocrx_word' id='word_1_431' title='bbox 0 0 1636 4934; x_wconf 95' lang='lat' dir='ltr'><strong><em> </em></strong></span> 
     </span>
    </p>
   </div>
  </div>
 </body>
</html>
