3186 4928
318 247 380 314 360
743 253 867 308 amen
883 253 1056 308 mma

320 376 376 464 γόρ
400 374 543 444 τοιούτων
564 376 643 441 ἐστίν
662 370 683 458 ή
707 378 839 457 βασιλεία
860 379 922 438 τοῖν
940 368 1092 458 οάρανοῖν,
1116 373 1271 440 οτουτέστι
1290 381 1351 442 τοῖν
1371 372 1480 442 ἀντίον-

320 479 443 547 στάταν.
487 476 708 564 Ἀπεκρίθησαν
724 479 757 543 δέ
775 498 822 543 σοι
840 479 871 544 οί
886 473 1093 560 ἀπλοόστεροι,
1116 473 1279 564 όςῖέμεις,
1300 477 1414 545 τοότου
1428 485 1481 545 τοῦ

321 581 458 667 σόματος
471 574 507 648 οὗ
521 583 714 667 περικείμεθα
730 576 806 646 εῖναι
819 576 874 664 τήν
888 575 1067 644 ἀνάατασινε
1088 576 1356 666 ’Λνταποροάμενοι
1372 583 1406 647 δέ
1422 579 1481 647 όπδ

322 693 378 753 σοῦ
393 687 445 751 καί
463 681 657 770 ἐρωτώμενοι,
669 681 765 748 ’Όλου
783 680 803 766 ή
818 683 942 768 μόρουςς
965 678 1051 746 αάτοί
1067 679 1336 768 ἀνταποκρίνονται
1350 685 1484 770 λέηονττς

322 787 384 868 ότι,
407 787 502 853 ’Όλου
525 794 580 853 τοῦ
603 784 747 869 σοι’ματος.
792 791 857 851 Σοῦ
878 785 912 850 δέ
929 781 1005 850 κατὰ
1026 781 1081 867 τήν
1102 785 1236 868 μέθοδον
1252 793 1305 870 τῆς
1329 794 1485 870 ιιῖτιολλής

324 894 473 975 φλυαρίας
488 888 659 970 φάσκοντος
683 888 775 972 μηδέν
793 895 880 954 τοῦτο
896 886 1061 966 δύνασθαι,
1084 884 1134 953 διά
1149 886 1186 954 τό
1205 891 1238 956 ἐκ
1255 893 1316 954 τοῖν
1336 889 1484 972 σωμάτοιν

324 993 505 1081 ἐκρεάσαντα
520 989 631 1074 αίμοτό
648 1015 678 1056 τε
694 993 747 1056 καλ
762 988 876 1076 οάρκας
897 991 950 1055 καί
969 993 1083 1074 τρίχας,
1111 991 1165 1054 καλ
1181 990 1218 1056 τό
1238 989 1310 1057 ἀλλα
1326 992 1380 1058 διά
1395 995 1484 1060 πτυέ-

322 1105 382 1164 λων
410 1097 613 1182 ιιἐφημέρων
636 1095 740 1179 δέοντα
763 1095 816 1158 καὶ
838 1091 994 1178 μυκτήρων
1019 1093 1071 1156 καλ
1094 1091 1267 1177 σκνβάλων,
1295 1103 1407 1179 πολλῆς
1427 1116 1485 1161 σου

322 1207 376 1283 τῆς
392 1203 651 1286 ίατροοοφιστικής
663 1199 849 1262 κακοπίσοου
861 1193 980 1282 γνόμης
1000 1199 1215 1282 ημαγγανεία,
1237 1193 1278 1274 οῖς
1290 1199 1341 1263 καί
1356 1196 1418 1282 ήδη
1434 1197 1486 1264 διό

321 1309 438 1369 πολλῶν
455 1299 604 1386 έξήλεμξίν
624 1321 680 1366 σου
703 1297 758 1383 τήν
781 1301 956 1381 μυθοποίαν
978 1293 1044 1364 ι’ό
1064 1303 1189 1365 καλλίων
1207 1295 1294 1382 ήμοῖν
1315 1299 1487 1386 πρεσβόιης

322 1406 373 1471 καλ
394 1402 575 1490 μακαριστός
590 1399 684 1487 ἀνήρ,
705 1403 757 1468 καί
774 1403 942 1478 Μεθόδιος.
984 1397 1070 1464 'AM
1086 1403 1137 1466 καὶ
1153 1399 1205 1484 ἀφ’
1219 1399 1320 1485 ήμιδν,
1341 1410 1403 1468 τοῖν
1420 1427 1487 1486 σμι-

322 1515 420 1594 κροῖν,
443 1507 528 1594 δλίγα
550 1503 680 1572 ἀκοόσει.
726 1509 796 1570 Πᾶν
812 1502 868 1590 γάρ
887 1501 933 1570 ἀεί
953 1500 986 1568 τό
1003 1501 1181 1586 ζητούμενον
1195 1503 1416 1592 καθαριότατον
1438 1515 1486 1590 ζη-

323 1621 430 1690 τεῖται,
458 1607 494 1676 τά
510 1610 543 1675 δέ
561 1605 683 1694 περιττοί
704 1611 758 1673 τοῦ
779 1613 920 1692 καθαροῦ
941 1603 1167 1690 ἀποβαίλόμενα
1189 1606 1393 1693 ἀκαταζητηκά
1415 1613 1488 1677 lm

328 1711 368 1779 Τό
385 1711 441 1800 γάρ
460 1709 578 1795 ίμάτιόν
597 1713 674 1778 ἐστιν
688 1708 759 1776 όλον
776 1711 808 1788 ἐξ
822 1708 872 1775 ὅτε
886 1717 940 1793 τῆς
956 1706 1037 1792 ἀφής
1056 1710 1139 1792 ίσχεν
1153 1707 1210 1794 τήν
1227 1714 1411 1798 ίσκουργίαν,
1435 1716 1488 1780 καί

324 1814 397 1882 αάτό
414 1816 467 1899 μέν
483 1817 543 1880 ἐστι
557 1811 590 1879 τό
607 1811 667 1879 ἀπό
684 1819 739 1880 τοῦ
754 1815 838 1879 ῖοτοῦ
853 1811 1047 1895 τεμνόμενον,
1069 1810 1138 1878 οὔτε
1154 1811 1236 1905 αότηῖ
1251 1818 1489 1901 προςτιθέμενον

327 1917 395 1986 οὔτε
413 1913 644 2002 ἀφαιρούμενον.
677 1922 799 1997 Κναφεῖ
812 1915 845 1981 δέ
861 1913 1019 1997 διδόμενον
1039 1913 1134 2000 Μου’νχ
1148 1909 1253 2000 ήσσον,
1276 1914 1317 1994 οῖς
1331 1917 1417 2004 παρά
1433 1927 1489 1986 τοῦ
1578 1971 1579 1992 ,

323 2021 477 2102 κναφέως,
499 2017 751 2102 ἀπαιτηθήσεται,
773 2015 845 2084 ἀλλά
864 2016 933 2102 παρ’
952 2015 1047 2084 αάτοῦ
1066 2026 1120 2086 τοῦ
1144 2022 1283 2102 κναφέως
1304 2020 1489 2088 τελειότατόν
1578 2013 1579 2024 ¹

326 2126 386 2189 έστι
406 2120 615 2205 κομιζόμενον,
638 2118 680 2197 αῖς
695 2124 786 2204 δῆλον
804 2127 877 2186 πᾶσι
898 2122 1099 2205 καθέστηκεν,
1121 2119 1163 2199 οῖς
1181 2120 1254 2189 αότό
1277 2124 1331 2206 μέν
1353 2127 1435 2191 ἐστιν
1457 2127 1490 2192 ἐν

324 2224 498 2309 τελειότητι,
526 2222 614 2290 οάδέν
636 2225 669 2290 δέ
689 2232 772 2307 μεῖον
791 2229 876 2307 σῶμα
898 2225 1046 2310 γεγένηται
1068 2223 1147 2309 πλήν
1162 2233 1223 2292 τοῖν
1238 2224 1345 2313 ρόποτν
1359 2229 1414 2293 καλ
1437 2236 1491 2311 τῆς

328 2327 479 2413 ἀποβολῆς
493 2334 547 2410 τῆς
563 2324 762 2414 ἀκαθαρσίας,
785 2328 836 2392 καὶ
851 2323 889 2392 οά
905 2326 1025 2404 πάντως
1038 2351 1098 2394 που
1116 2327 1220 2412 ἐπειδή
1234 2327 1287 2396 τόν
1301 2327 1401 2415 ρόπον
1416 2329 1488 2396 ἀπέ-

326 2437 431 2517 βαλεν,
460 2429 570 2497 τούτου
596 2433 681 2497 ένεκα
704 2427 778 2512 μετά
802 2436 857 2496 τοῦ
880 2426 980 2514 όόπου
1007 2427 1244 2515 ἀπαιτηθήαεκαι
1269 2429 1339 2516 παρ’
1360 2429 1491 2516 ήμοῖνό

327 2539 472 2619 τεχνίτης,
503 2532 575 2598 ἀλλά
602 2530 674 2600 αάτό
697 2531 731 2600 οδ
757 2531 874 2616 ίμάτιον
897 2537 978 2597 σεῖον
1003 2535 1055 2598 καλ
1080 2532 1160 2619 ἀγιές
1183 2537 1235 2602 καλ
1260 2535 1490 2622 παθαραότατον.

320 2637 447 2723 Ἕτερον
463 2638 495 2702 δέ
514 2633 603 2702 πόλιν
622 2633 794 2722 ὑπόδειγμα.
840 2633 931 2720 Παρά
947 2636 995 2700 σοί
1014 2636 1067 2719 μέν
1083 2634 1138 2723 γάρ
1155 2639 1224 2723 περί
1241 2644 1302 2702 τοῖν
1315 2639 1488 2722 έκκρινομέ-
1577 2661 1578 2710 ζ

327 2767 389 2807 νων
415 2738 464 2806 διά
492 2743 695 2823 φλεβοτομιῶν
718 2739 771 2804 καλ
795 2736 972 2820 νοσημάτων
995 2740 1047 2804 καλ
1071 2737 1227 2823 σκυβάλων
1251 2742 1303 2806 παλ
1330 2742 1491 2826 ἐκκρίσεως
1577 2795 1578 2826 ,

333 2843 509 2908 ιὓπτυέλων
525 2867 554 2906 τε
570 2843 621 2906 καὶ
638 2838 796 2926 μυκτήρων
811 2837 844 2906 τό
861 2838 975 2924 ζήτημα
995 2843 1183 2927 παρηνέχθη·
1206 2839 1256 2907 ἀπ’
1274 2840 1374 2909 αάτοῖν
1395 2845 1430 2910 δέ
1447 2838 1491 2910 τόν

207 2983 258 3030 μς.
271 2971 316 3016 ουτ,
331 2949 407 3028 ἔφης
422 2941 626 3033 ἀνατραπήση.
640 2945 656 3033 ΙΙ
695 2941 740 3008 Οά
756 2941 850 3026 μόνον
865 2940 923 3028 γάρ
941 2942 1028 3008 τοῦτό
1047 2946 1124 3010 ἐστιν
1140 2946 1172 3010 ἐν
1192 2943 1319 3028 στόματι,
1342 2945 1415 3012 ἀλλά
1437 2950 1490 3012 καί
1577 2957 1578 3041 ή

329 3048 470 3115 κνοόδαλα
486 3049 515 3124 ἐξ
530 3043 617 3129 ήμοῖν
632 3045 748 3128 φύεται,
771 3042 811 3122 οῖς
827 3047 929 3126 εἰπεῖν,
951 3055 1094 3132 φθεῖρες,
1115 3049 1167 3113 καί
1182 3046 1294 3128 κόνεις,
1317 3047 1387 3115 οὔτε
1403 3049 1491 3127 ἐκτός

330 3158 385 3217 τοῦ
408 3149 543 3233 σώματος
560 3147 647 3229 ὄντα,
676 3145 744 3215 οότε
765 3145 826 3213 ἀπό
845 3155 900 3214 τοῦ
923 3147 1060 3231 σώματος
1079 3149 1256 3236 λογιζόμενα.
1302 3155 1366 3216 Καλ
1388 3149 1492 3230 οάδείς

331 3277 403 3319 ποτε
421 3251 577 3336 ἐπεζήτησε
589 3250 675 3320 κόνιν
690 3249 746 3334 τήν
759 3253 792 3316 ἐκ
807 3257 863 3316 τοῦ
876 3250 1013 3334 σοῖματος
1027 3254 1219 3336 ἐκκριθεῖσαυ
1232 3255 1275 3331 είς
1289 3259 1490 3341 περιποίησιν,

331 3353 403 3422 ἀλλά
419 3363 527 3439 μᾶλλον
543 3357 585 3432 είς
601 3349 762 3440 ἀναίρεσιν,
784 3350 856 3420 οόδέ
870 3353 1044 3442 διαφθοράν
1058 3353 1113 3439 τήν
1129 3359 1159 3434 ἐξ
1175 3354 1267 3439 αὐτῆς
1281 3360 1490 3442 γεγενημένην,
1576 3415 1577 3442 η

332 3456 401 3526 οάδέ
417 3461 523 3542 ζημίαν
538 3456 592 3540 τήν
609 3455 717 3541 ταύτης
732 3454 880 3522 ἀπωλειαν
894 3454 1035 3543 ήγήσοιτό
1050 3485 1102 3535 τις.
1139 3457 1182 3524 w
1200 3457 1252 3540 ἀφ’
1266 3456 1352 3543 ήμῶν
1368 3463 1490 3546 ῥυέντα,
1576 3461 1577 3480 ’

330 3565 358 3628 εί
371 3563 421 3628 καῖ
439 3561 534 3638 οὕτως
551 3559 676 3646 ἀπάρχει
693 3557 768 3626 κατά
781 3558 834 3625 τόν
849 3579 905 3626 σου
922 3559 1021 3646 λόγον,
1042 3559 1080 3627 οό
1097 3568 1205 3647 μωροῖς
1218 3559 1287 3648 παρ’
1302 3559 1388 3646 ήμοῖν
1402 3571 1490 3648 ζητη-

331 3665 472 3750 θήσεται,
494 3661 564 3730 οάδέ
582 3661 657 3741 θεός
673 3670 765 3728 ταῦτα
782 3665 825 3739 είς
837 3659 923 3745 ήμῶν
943 3662 1083 3730 σύστασιν
1100 3661 1222 3751 ἀγάγοι,
1245 3661 1316 3732 ἀλλά
1331 3669 1419 3750 δίκην
1435 3667 1491 3752 ρό-

332 3793 394 3834 που
417 3769 448 3846 ἐξ
471 3764 565 3833 αάτοῢ
585 3773 639 3832 τοῖν
657 3769 776 3848 ίματίου
800 3762 999 3850 όπάρχοντος,
1029 3764 1081 3832 ἀπ’
1101 3765 1196 3833 αάτοιῖ
1219 3765 1308 3834 δέδι’
1327 3767 1491 3853 εὐκοσμίαν

334 3869 572 3954 ἀποβληθέντος,
598 3870 676 3935 ιθέν
701 3869 828 3959 δευτέρην
849 3874 1067 3952 καταλείψειεν,
1089 3873 1183 3938 ἐκεῖνο
1205 3871 1238 3936 δέ
1259 3877 1365 3952 σαφεῖς
1385 3871 1420 3938 τό
1442 3875 1488 3939 ἐν-

332 3975 410 4050 τελές
433 3971 551 4057 ίμάτιον
575 3970 648 4056 μήτε
669 3979 786 4052 λεῖπον,
816 3971 888 4055 μήτε
913 3971 1049 4059 περιττόν
1071 3980 1108 4064 τή
1131 3971 1226 4040 αάτοιῖ
1249 3971 1416 4060 ἀγαθότητι
1434 3983 1489 4058 τῆς

334 4077 436 4160 τέχνης
452 4073 470 4142 ό
487 4072 669 4162 δημιουργός
684 4072 797 4162 ἀράηοκ
844 4073 950 4141 Πάντα
971 4073 1027 4164 γάρ
1047 4073 1129 4166 αάτρῖ
1150 4081 1275 4142 δυνατεῖ.
1318 4080 1363 4141 El
1381 4079 1415 4144 δέ
1434 4075 1489 4162 οάχ

335 4177 430 4254 οὕτως
443 4171 492 4262 ήν,
518 4171 589 4244 1ίά
604 4175 658 4255 τάς
673 4179 785 4264 φρένας
802 4174 960 4263 ἀδικηθείς
975 4181 1008 4246 ἐκ
1021 4185 1076 4264 τῆς
1091 4177 1258 4266 πολυλόγου
1272 4200 1327 4246 σου
1344 4183 1487 4260 ἐπινοίας,
1575 4165 1576 4172 ¹

368 4313 392 4368 9.
412 4319 487 4368 λίνδίο
500 4321 613 4370 vocabulo
622 4315 737 4374 τουτίστι
752 4322 778 4370 in
789 4319 840 4370 οοδ.
851 4319 893 4370 Vo-
963 4319 1002 4372 12.
1020 4319 1148 4388 μαγγαιία
1164 4321 1215 4372 eod.
1228 4333 1272 4372 ου.

334 4389 385 4436 ποία
401 4387 482 4447 incipit
498 4389 537 4450 ζοί,
551 4383 609 4438 386.
624 4401 647 4437 ν.
962 4385 1000 4440 13.
1016 4391 1081 4441 taem
1097 4403 1228 4452 anonymus
1242 4391 1323 4440 δοοίοτ
1343 4393 1391 4440 ian
1413 4404 1487 4453 ιοητα

371 4453 410 4504 10.
428 4454 477 4514 τῆς
491 4451 521 4505 ἐκ
535 4453 629 4518 πολλῆς
646 4457 713 4506 habet
729 4455 781 4507 οοδ.
795 4470 839 4507 κιο.
925 4471 980 4520 ουρ.
995 4455 1020 4508 8.
1036 4461 1221 4522 significabatur,
1246 4461 1340 4522 eiusque
1356 4460 1416 4509 οίῶι·
1430 4473 1486 4522 ητα

371 4521 410 4573 ll.
428 4517 559 4587 ἐξημερῶν
575 4521 643 4572 habet
659 4524 710 4574 καλ
724 4537 768 4574 ms.
926 4539 971 4588 ηυο
986 4527 1077 4588 passim
1093 4527 1120 4589 μί
1135 4529 1227 4578 mentio.
