3128 4930
308 159 367 222 15⁰
728 165 851 218 εισοττ
869 165 1039 219 amman

306 287 358 352 καλ
382 283 542 350 διδάσκειν.
589 273 686 359 Οὗτος
708 279 760 364 εἶφ’
778 283 884 348 ἑαυτοῦ
905 281 1073 368 ῑέπάρμασι
1097 288 1204 368 μανίας
1221 285 1366 372 ἐπαρθείς
1387 284 1462 352 ἐτόλ·

310 408 384 472 μησε
404 389 497 472 λέγειν
513 385 566 451 τόν
588 387 700 470 πατέρα
719 375 909 452 πεπονθέναι.
945 383 1019 451 Ἔτι
1040 387 1073 452 δέ
1097 391 1205 468 μείζονί
1225 413 1282 453 τινι
1303 385 1393 478 τόφρι
1412 390 1464 453 καί

309 488 529 578 παραφροσύνῃ
551 491 679 572 ἐνεχθείς
695 487 801 554 ἑαυτόν
816 490 893 574 ἔλεγε
909 490 1060 568 Μαϋσέα,
1082 491 1134 554 παλ
1153 489 1205 555 τόν
1220 488 1351 572 άδελφόν
1371 488 1465 557 αὐτοῦ

187 623 238 668 ηις.
252 611 296 655 σευ.
309 590 431 678 Ἀαραόν.
473 588 557 656 Ἀλλά
580 588 686 674 μεταξύ
703 588 816 656 τούτοιν
837 587 897 656 άπό
915 598 968 673 τῆς
984 594 1051 676 περὶ
1069 589 1161 657 αὐτόν
1178 591 1340 677 ἐνηγήσεως
1359 595 1392 659 οί
1410 621 1464 677 μα-

310 694 409 779 κάριοι
424 693 615 779 πρεσβύτεροι
630 700 684 774 τῆς
698 695 852 775 ἐκκλησίας
866 693 1131 778 προςκαλεσάμενοι
1144 693 1235 761 αύτδν
1247 694 1385 778 ἐξήταζον
1397 699 1466 780 περὶ

310 797 423 864 τούτων
439 794 593 875 ἁπάντων,
615 797 666 860 παλ
683 797 711 861 εἰ
724 793 834 878 ταύτην
849 793 903 878 τὴν
917 800 1108 879 βλασφημίαν
1123 800 1193 882 περὶ
1208 797 1319 882 πατρός
1332 797 1466 884 προηγά-

310 926 385 988 γετο.
427 897 460 964 '0
478 900 511 964 δὲ
534 897 571 963 τά
593 905 696 983 πρῶτα
717 899 771 979 μίν
793 895 909 983 ἠρνεῖτο
934 900 984 964 ἐπὶ
1004 907 1058 964 τοῦ
1077 905 1286 988 πρεσβυτερίου
1309 898 1465 985 άγόμενος,

311 1001 362 1073 διά
377 1000 410 1068 τό
428 1003 541 1085 μηδένα
558 999 616 1087 πρό
637 998 729 1066 αότοῦ
747 1001 878 1083 ἐξεμέσαι
899 999 1022 1084 ταυτηνί
1046 1000 1100 1085 τήν
1123 1000 1221 1085 δεινὴν
1242 1005 1293 1068 καὶ
1314 1001 1466 1087 όλετήριον

311 1109 446 1191 πικρίαν,
469 1103 592 1188 ὕστερον
607 1104 639 1168 δὲ
655 1100 707 1182 άφ’
722 1095 759 1186 ἦς
776 1099 832 1185 εἶχε
850 1100 958 1186 λύσσης
975 1107 1016 1180 τίς
1031 1131 1112 1180 τινας
1130 1103 1235 1182 άλλους
1251 1103 1402 1188 ἐμβαλιόν,
1426 1102 1467 1180 τός

311 1210 419 1286 τίπεῖν,
441 1209 492 1272 καὶ
511 1204 565 1270 σύν
581 1203 661 1294 αύτῷ
677 1203 773 1290 όςπερ
790 1206 862 1270 δέκα
877 1202 988 1292 ἄνδρας
1005 1205 1201 1292 ἐπαγόμενος,
1224 1210 1266 1284 είς
1285 1205 1384 1288 τόφον
1406 1211 1466 1290 μεί·

310 1318 381 1390 ζονα
400 1309 454 1374 καί
470 1307 587 1394 θράσος
609 1309 769 1392 ἐπαρθείς,
791 1306 936 1392 τολμηρός
953 1307 1095 1394 γεγονός,
1117 1315 1266 1400 παρρησίη
1287 1309 1400 1375 λοιπόν
1412 1309 1468 1392 τὴν

313 1415 425 1496 αἵρεσιν
443 1409 617 1496 ἐδογμάτιζε.
663 1408 760 1476 Πάλιν
778 1407 806 1474 δ’
820 1403 860 1474 αὖ
878 1413 910 1475 οί
924 1407 1009 1476 αὐτοὶ
1025 1411 1218 1498 πρεσβύτεροι
1233 1415 1468 1498 πραςιιαλεσάμε·

313 1541 359 1582 νοι
374 1512 467 1580 αύτόν
482 1539 512 1578 τε
527 1516 579 1578 καὶ
593 1512 664 1590 τούς
682 1513 932 1599 προςφθαρίντας
948 1511 1028 1602 αύτῷ
1048 1511 1231 1599 άνθράπους
1246 1517 1313 1602 περί
1332 1522 1393 1580 τῶν
1415 1513 1468 1580 αύ-

312 1623 371 1684 τιόν
385 1614 474 1682 πόλιν
490 1613 621 1700 ἥρω’των.
664 1613 697 1681 ‘0
713 1616 745 1680 δὲ
763 1615 824 1699 ἅμα
840 1625 903 1691 τοῖς
922 1613 973 1680 ὑπ’
988 1614 1081 1682 αὐτοῦ
1098 1621 1331 1702 πεπλανημένοις
1345 1614 1466 1702 ύπυτρί-

312 1738 376 1804 φας
393 1717 427 1786 τό
442 1720 594 1802 μέτωπον,
615 1717 721 1784 λοιπόν
734 1721 883 1807 παρρησία
902 1715 1048 1804 άντίλεγε,
1071 1718 1212 1800 φάσκων,
1239 1725 1274 1786 Τί
1293 1719 1350 1806 γάρ
1372 1718 1469 1786 κακόν

312 1827 475 1906 πεποίηκας
509 1820 594 1886 Ἕνα
615 1819 689 1887 θεόν
712 1819 840 1900 δοξάζω,
862 1822 915 1886 ἕνα
939 1823 1111 1905 ἐπίσταμαι,
1133 1825 1184 1888 ιιαλ
1203 1821 1258 1888 οὐκ
1282 1821 1369 1887 ύλλον
1389 1821 1470 1906 πλὴν

314 1923 422 2003 αὐτοῦ,
450 1925 646 2010 γεννηθέντα,
674 1922 865 2002 πεπονθότα,
896 1921 1099 1990 άπδθανόντα.
1148 1921 1201 2001 Ὡς
1216 1918 1277 1991 ούν
1299 1927 1329 1990 ἐν
1350 1923 1471 2002 τούτοις

315 2031 428 2111 ίμενεν,
451 2028 577 2103 ἐξέωσαν
593 2023 684 2092 αύτόν
700 2034 753 2110 τῆς
771 2028 942 2109 ἐκκλησίας,
964 2025 1026 2111 άμα
1043 2036 1104 2102 τοῖς
1118 2023 1170 2092 ὑπ’
1185 2024 1277 2093 αύτοῢ
1300 2025 1399 2112 δόγμα
1421 2053 1470 2110 μευ

314 2131 559 2213 μαθητευμὲνοις.
609 2133 733 2216 Τελευτᾷ
756 2129 787 2194 δδ
807 2125 825 2194 ό
847 2125 937 2205 αύτός
957 2131 1077 2214 ἐναγχος
1099 2129 1160 2212 ἅμα
1182 2137 1223 2218 τρῖ
1249 2133 1315 2218 ίδίφ
1336 2128 1469 2218 άδελφρλ,
1549 2133 1550 2138 ’

299 2230 369 2316 ὀύχ
384 2229 424 2309 σός
441 2228 460 2297 ό
475 2238 615 2314 Μαῦσῆς
629 2233 661 2296 ἐν
676 2229 761 2320 δόξη,
784 2228 853 2296 ούδέ
869 2227 888 2296 ό
906 2229 999 2297 αὐτοῦ
1015 2229 1143 2312 άδελφδς
1161 2229 1179 2297 ό
1194 2230 1308 2318 Ἀαρύν
1324 2230 1422 2316 ἐτάφη
1439 2235 1471 2298 ἐν

314 2342 393 2427 τιμῇ.
435 2332 623 2420 Ἐρρίφησαν
636 2331 693 2420 γάρ
710 2331 752 2410 τίς
768 2332 952 2418 παραβάται,
974 2335 1023 2398 καί
1041 2331 1141 2410 ούδελς
1158 2333 1268 2411 αύτούς
1285 2339 1345 2401 τῶν
1365 2345 1470 2401 θεοσε·

314 2441 378 2522 βάν
393 2439 575 2523 περιέστειλε.
619 2435 708 2502 Μετά
724 2443 810 2502 τοῦτο
825 2439 857 2502 οἱ
868 2433 920 2500 ὑπ’
935 2434 1027 2502 αύτοῦ
1043 2435 1095 2503 τόν
1109 2444 1180 2503 νοῦν
1193 2439 1361 2522 φθαρέντες
1384 2437 1471 2522 ἐπρά·

315 2567 406 2606 τνναν
430 2540 512 2606 τουτὶ
537 2537 571 2605 τό
593 2536 706 2624 δόγμα,
736 2537 855 2615 τούτοις
875 2547 938 2614 τοῖς
960 2541 1062 2624 ῥητοῖς
1089 2537 1271 2624 ύπαχθίντες
1297 2535 1344 2614 οίς
1373 2543 1427 2605 καὶ
1454 2537 1472 2605 ό

317 2639 417 2708 αύτῶν
432 2640 608 2717 διδάσκαλος
621 2644 651 2718 ἐξ
666 2639 765 2725 άρχῆς.
799 2640 872 2706 Ὅτε
886 2641 942 2726 γάρ
960 2639 1149 2726 ἐρατάμενος
1164 2639 1224 2708 άπδ
1242 2649 1296 2706 τοῦ
1310 2646 1471 2727 πρεσβυτε-

317 2747 384 2829 ρίου
404 2745 462 2826 ἐφη
478 2745 529 2810 ἕνα
546 2742 621 2808 θεόν
638 2742 784 2822 δοξάζειν,
805 2741 897 2825 ἤκουε
918 2739 986 2826 παρ’
1004 2740 1101 2810 αάτιδν
1118 2743 1292 2826 φιλαλήθως
1310 2745 1374 2824 ὅτι,
1392 2743 1473 2810 Ἕνα

316 2843 390 2911 θεόν
406 2848 564 2928 δοξάζομεν
579 2848 630 2910 καί
647 2843 747 2923 αύτολ,
770 2842 829 2909 ἄλλ’
846 2842 888 2920 οἱς
906 2849 1028 2928 οίδαμεν
1044 2849 1166 2923 διααίας
1182 2846 1324 2926 δοξάζειν·
1345 2849 1400 2912 καλ
1420 2849 1472 2913 ἕνα

319 2945 451 3032 Χριστόν
466 2949 586 3029 ἐχομεν,
613 2945 671 3012 άλλ’
695 2944 736 3023 οἱς
760 2951 882 3030 οίδαμεν
904 2950 957 3014 ἕνα
975 2947 1104 3034 Χριστόν
1126 2947 1195 3016 υἱόν
1215 2957 1308 3028 θεοῦ,
1330 2947 1473 3015 παθόντα

317 3049 422 3126 ταθοδς
438 3051 569 3129 ἔπαθεν,
593 3046 786 3116 άποθανόντα
803 3048 909 3126 καθοές
925 3048 1086 3130 άπίθανεν,
1110 3049 1284 3131 άναστάντα,
1306 3049 1473 3118 άνελθόντα

317 3156 360 3230 είς
374 3151 426 3220 τόν
441 3149 585 3237 ούρανόν,
609 3149 680 3218 όντα
697 3155 730 3218 ἐν
744 3155 825 3242 δεξιᾷ
847 3159 900 3219 τοῦ
916 3151 1044 3238 πατρός,
1067 3151 1224 3238 ἐρχόμενον
1242 3163 1339 3240 κρῖναι
1360 3161 1475 3233 ζῶντας

316 3258 369 3322 καί
384 3254 516 3340 νεκρούς.
565 3262 664 3320 Ταῦτα
678 3256 800 3341 λέγομεν
815 3253 1021 3339 μεμαθηκότες
1037 3253 1097 3322 άπό
1114 3262 1172 3322 τόν
1187 3261 1279 3324 θείων
1293 3263 1431 3342 γραφῶν,
1455 3257 1475 3322 ἃ

316 3359 368 3424 καί
389 3357 583 3441 ἐπιστάμεθα.

183 3467 247 3538 Κεφ.
268 3465 300 3539 β’.
402 3457 460 3524 Ἐκ
477 3459 583 3526 τούτου
600 3463 632 3526 οἱ
647 3462 813 3543 Νοητιανοὶ
829 3457 1010 3544 άπόσπασμα
1024 3458 1108 3538 ὄντες
1124 3459 1230 3542 αύτοῦ,
1252 3463 1303 3526 καί
1321 3463 1353 3526 οἱ
1372 3463 1403 3540 ἐξ
1421 3460 1473 3528 αό-

318 3571 389 3643 τοῦ,
411 3565 493 3628 τουτὶ
516 3561 549 3627 τό
572 3561 669 3648 δόγμα
690 3561 886 3643 δοξάζουσιν,
906 3565 939 3630 ία
959 3569 1019 3630 τόν
1041 3565 1139 3647 ρηταῑν
1160 3563 1272 3631 τούτοιν
1295 3554 1477 3648 πειρόίμενοι

320 3674 459 3734 συνιστᾶν
482 3664 534 3748 τήν
556 3663 618 3731 κατ’
637 3661 747 3742 αύτούς
762 3667 873 3749 ἐμμανῆ
894 3667 1084 3738 διδασκαλίαν
1103 3659 1238 3745 1άφέόν
1259 3663 1338 3731 είπεν
1359 3663 1378 3731 ό
1399 3666 1478 3744 θεός

198 3783 307 3840 mm.
321 3768 397 3857 πρός
413 3775 569 3850 Μαϋσῆν,
597 3762 679 3852 Ἐγοί
698 3770 756 3850 είμι
778 3763 885 3845 όθεός
902 3776 960 3834 τῶν
983 3769 1118 3853 πατέραν
1139 3766 1237 3852 ύμοῖν·
1267 3766 1323 3855 ἐγοέ
1342 3776 1476 3854 πρῶτος,

319 3876 370 3939 καί
387 3871 445 3960 ίγύ
463 3870 534 3957 μετά
553 3877 659 3936 ταῦτα·
683 3865 740 3936 ούν
756 3872 872 3936 ἔσονταί
886 3892 936 3937 σοι
951 3873 1019 3937 θεολ
1033 3873 1140 3958 ἕτεροι,
1163 3873 1213 3938 καί
1227 3870 1264 3936 τά
1280 3873 1354 3954 ἑξῆς.
1389 3869 1477 3938 Ἔλε-

320 4001 373 4061 γον
390 3967 461 4056 ούν,
481 3973 581 4059 Ἡμεῖς
595 3977 697 4039 τείνειν
714 3969 806 4040 αύτόν
826 3976 948 4057 οἴδαμεν
968 3973 1069 4056 μόνον.
1113 3977 1156 4039 Et
1169 3977 1269 4040 τείνειν
1286 3971 1384 4040 ἐλθόν
1399 3981 1477 4060 Χρι·

322 4075 391 4153 στός
412 4077 577 4162 ἐγεννήθη,
600 4073 690 4152 αότός
708 4077 770 4142 ἐστι
785 4073 900 4163 πατὴρ,
923 4073 1013 4152 αύτός
1027 4075 1110 4157 υἱός,
1132 4075 1191 4164 όρα
1213 4075 1304 4153 αύτός
1318 4079 1379 4143 δστι
1400 4075 1479 4155 θεός

325 4174 341 4246 ό
358 4173 403 4244 del
415 4181 466 4245 ιιαλ
480 4186 535 4244 νῦν
552 4177 667 4257 ἐλθόν,
690 4175 731 4256 ός
745 4180 820 4265 λέγει
833 4175 855 4262 η’
868 4175 987 4266 γραφή,
1012 4171 1109 4257 Ούτος
1125 4177 1232 4258 όθεός
1248 4201 1319 4260 σου,
1340 4177 1377 4246 σύ
1398 4187 1475 4268 λογι-

358 4403 416 4456 Cn.
433 4403 451 4453 1.
468 4431 503 4442 -
537 4403 560 4454 λ.
576 4404 612 4454 lta
625 4407 677 4458 εοτλ.
692 4405 790 4472 Rhodia.
824 4406 888 4458 Εδιλί
904 4407 958 4458 mn·
974 4399 1013 4458 ἐπ’
1030 4398 1135 4474 ἅρμασι.
