3148 4938
348 203 485 256 ιιιιιιιιι
502 203 567 257 nte.
579 203 611 258 ιι.
628 166 711 258 rom.
721 203 754 255 ιι.
773 203 872 254 ιιιιιι.
887 203 1004 254 xnvur.
1200 189 1262 252 575

96 321 266 402 adimebant,
300 343 336 386 ac
355 343 393 387 ne
414 323 501 386 simul
516 323 631 408 quidem
658 321 792 388 orabant.
837 317 979 386 Meletins
1002 341 1074 386 vero
1093 320 1142 384 din
1160 329 1262 408 postea

96 435 250 508 superstes
270 424 340 504 luit,
365 425 440 488 adeo
457 435 488 488 nt
502 445 567 488 cum
590 425 764 489 Alexandro
780 445 895 509 qnoque
911 422 992 488 Petri
1012 443 1188 487 successore
1210 423 1263 485 llo-

95 527 209 605 merit,
233 548 298 592 cum
317 547 412 611 eoque
432 527 657 592 familiaritatem
676 526 826 609 babuerit,
857 525 1043 611 praecipuam
1061 546 1150 610 porro
1168 523 1263 588 eccle-

96 629 163 692 siae
185 629 311 714 fideique
334 650 434 692 curam
458 629 562 713 gessit.
609 627 706 708 Nam,
731 642 763 692 ut
785 648 874 714 saepe
896 628 976 708 dixi,
1009 627 1080 690 nibil
1103 627 1140 690 ab
1163 647 1198 690 ea
1220 626 1263 688 di·

96 751 218 794 veraum
242 741 294 794 aut
315 729 441 794 alienum
465 730 575 794 docuit.

185 829 355 914 Quinetiam
373 832 531 897 cumidem
551 832 755 897 Alexandriae
768 829 910 896 Meletios
926 841 1024 911 esset,
1048 830 1147 915 ibique
1164 827 1261 914 priva·
1288 844 1399 914 captv.

97 943 146 998 tos
168 955 233 997 cum
252 935 315 1000 auis
331 945 496 999 conventus
524 935 634 998 babens
654 935 830 1018 aliquamdiu
852 932 1029 1010 mansisset,
1061 932 1166 995 Arium
1190 951 1206 992 a
1230 951 1263 993 se

97 1034 314 1122 deprehensum
332 1038 367 1100 ad
383 1036 590 1101 Alexandrum
608 1037 728 1115 detulit,
762 1057 827 1101 cum
851 1057 918 1101 enm
938 1021 1103 1118 accepisset
1125 1055 1142 1097 a
1165 1042 1263 1096 rectae

96 1135 166 1200 lidei
178 1159 269 1224 scopo
285 1137 314 1202 in
331 1139 489 1224 scripturis
504 1139 579 1224 apud
596 1139 735 1225 populum
750 1138 979 1224 interpretandis
996 1135 1149 1200 aberrare.
1172 1134 1263 1198 Arius

97 1239 178 1304 eninr
195 1237 346 1305 Boucalae
363 1241 513 1306 cuiusdam
533 1243 608 1326 apud
618 1240 830 1305 Alexandriam
849 1240 994 1306 ecclesiae
1011 1240 1168 1325 presbyter
1186 1247 1261 1301 erat.

96 1339 178 1405 Nam
195 1341 351 1428 unicuique
367 1343 523 1423 ecclesiae,
549 1353 699 1428 quactum
720 1343 828 1407 multae
847 1355 944 1420 erant,
969 1342 1055 1406 bodie
1073 1363 1147 1406 vero
1164 1340 1264 1425 plures

97 1453 187 1523 sunt,
210 1465 282 1508 suos
298 1445 513 1510 attribuebatur
528 1447 702 1532 presbyten
726 1467 783 1530 qna
799 1447 915 1509 ratione
933 1445 1146 1530 procurandam
1167 1441 1263 1508 eccle·

97 1546 175 1610 mam
191 1548 269 1612 illam
286 1549 381 1614 Arius
398 1558 588 1634 susceperat,
612 1549 677 1612 sive
693 1548 758 1631 quis
774 1547 848 1611 alius
870 1549 1025 1612 adiunctos
1045 1547 1072 1610 ei
1090 1546 1203 1622 luerat,
1227 1544 1263 1607 de

98 1648 207 1732 quibus
224 1651 378 1729 conloco,
403 1671 468 1714 cum
485 1651 513 1713 id
530 1671 655 1715 necesse
678 1651 751 1728 erit,
782 1650 949 1714 accuratius
969 1669 1103 1732 agemus.
1150 1644 1265 1730 Depre·

98 1750 196 1814 bcoso
219 1751 310 1836 igitur
324 1753 418 1833 Ario,
448 1752 623 1816 Alexander
641 1752 750 1816 indicto
773 1751 977 1837 opiscoporum
1001 1749 1126 1814 concilio
1150 1748 1186 1811 de
1209 1747 1264 1810 uto

1 1835 3 1862 ¹
98 1852 259 1938 diligenter
272 1839 430 1940 inquisiit,
445 1864 475 1917 et
491 1853 527 1918 ab
546 1854 621 1918 Ario
637 1875 746 1939 pravae
764 1875 798 1918 ac
813 1851 998 1939 perniciosae
1022 1851 1100 1916 illius
1116 1847 1265 1937 opinionis

99 1974 189 2038 quana
204 1957 304 2022 animo
324 1967 502 2042 conceperat
517 1955 660 2022 rationem
683 1957 798 2040 exegit.
845 1954 903 2019 llic
923 1953 1014 2019 Arius
1033 1953 1103 2016 nibil
1120 1950 1266 2037 tergiver·
1354 2031 1362 2044 ·

1 2061 2 2070 ’
98 2056 163 2122 sari
179 2068 230 2121 aut
245 2057 450 2136 dissimulare,
481 2059 533 2122 aed
553 2058 692 2142 perfricta
717 2060 831 2136 fronte,
863 2058 903 2122 nti
926 2078 960 2120 se
982 2077 1032 2121 res
1051 2054 1194 2133 babebat,
1219 2075 1265 2118 re-

1 2163 2 2168 ’
98 2160 230 2245 spondit.
277 2159 373 2244 Quam
399 2161 518 2226 obrem
539 2161 713 2224 Alexander
733 2181 799 2226 eum
824 2179 863 2224 ex
883 2160 1008 2223 ecclesia
1028 2157 1211 2235 deturbavit,
1236 2167 1268 2220 et

1 2250 3 2268 ζ
98 2282 167 2324 cum
191 2281 228 2325 eo
246 2261 351 2347 ingens
370 2263 516 2347 virginum
540 2283 575 2326 ac
597 2272 763 2326 ceterorum
782 2261 977 2339 clericorum,
1001 2281 1075 2343 quos
1096 2260 1145 2323 ille
1162 2260 1265 2343 depra·
1291 2322 1297 2331 ,

1 2355 2 2380 ³
98 2373 202 2442 varai,
233 2365 280 2427 vis
303 2365 430 2429 eiicitur.
476 2363 541 2431 Sub
565 2364 637 2428 baec
659 2363 751 2428 Arius
775 2363 890 2448 lugiens
911 2363 941 2426 in
959 2359 1158 2426 Palaestinam
1180 2359 1263 2427 abiit.

1 2456 4 2487 ³
98 2461 175 2528 lude
188 2463 394 2532 Nicomediam
413 2469 563 2553 proiectus
577 2487 618 2530 ex
636 2485 672 2530 ea
689 2466 761 2530 urbe
780 2466 882 2530 literas
898 2467 933 2529 ad
952 2463 1157 2527 Alexandrum
1173 2464 1262 2544 dedit,

1 2565 2 2572 ’
97 2565 255 2650 inquibus
272 2569 309 2632 ab
326 2570 432 2634 insana
447 2580 545 2634 mente
565 2591 600 2634 ao
617 2569 728 2634 furioso
747 2569 883 2652 dogmate
901 2587 960 2631 non
979 2565 1115 2628 recessit.
1150 2564 1263 2630 Verum

1 2665 3 2694 l
98 2669 190 2752 paulo
208 2679 275 2754 post
290 2671 455 2736 Alexandri
474 2671 653 2736 sanctissimi
669 2669 871 2736 Alexandriae
890 2671 1020 2757 episcopi
1035 2672 1132 2736 studio
1151 2681 1181 2734 et
1195 2667 1264 2732 hor-

1 2766 2 2778 ³
98 2778 166 2832 tatu
182 2769 288 2836 beatae
307 2774 467 2838 memoriae
479 2769 695 2838 Constantinus
711 2774 855 2858 synodum
872 2775 903 2836 in
918 2774 991 2839 urbe
1006 2772 1122 2840 Nicaea
1140 2793 1266 2855 congre·

1 2870 2 2886 ¹
97 2881 170 2956 gat,
201 2873 250 2936 ubi
268 2872 336 2938 Arii
359 2876 464 2960 dogma
490 2889 557 2961 post
579 2877 643 2940 eins
668 2885 792 2939 mortem
819 2875 985 2940 damnatam
1012 2886 1070 2940 est.
1117 2871 1265 2959 Principio

1 2974 3 2997 ²
98 2972 181 3038 enim
199 2995 297 3038 coram
318 2976 497 3062 imperatore
517 2974 715 3042 Constantino
738 2976 885 3041 inficiatus
901 2979 1013 3056 luerat,
1047 2991 1076 3043 et
1097 2977 1264 3040 cavillando

97 3096 139 3139 ac
157 3075 321 3140 simulando
337 3099 402 3142 eum
424 3089 504 3144 recta
523 3080 578 3144 lide
598 3089 816 3160 consentanea,
847 3080 1036 3144 iureiurando
1060 3079 1148 3143 etiam
1172 3078 1264 3142 inter·

1 3191 2 3207 ¹
98 3177 212 3263 posito,
237 3179 351 3244 locutus
369 3182 476 3244 luerat.
523 3177 579 3247 Cui
596 3181 772 3268 imperator,
798 3180 847 3245 Τιι
864 3182 992 3265 quidem,
1016 3180 1128 3266 inquit,
1152 3180 1177 3244 si
1193 3199 1266 3246 vere

1 3288 2 3296 ’
97 3279 215 3344 iuratus
232 3280 292 3359 ais,
316 3282 518 3348 iusiurandum
535 3295 616 3348 ιιιιιιιι
633 3295 728 3348 ratum
747 3295 830 3361 esto,
855 3294 886 3347 et
903 3284 1047 3349 innocens
1066 3282 1144 3348 eris:
1169 3281 1216 3344 ain
1235 3281 1265 3346 id

1 3390 4 3420 ι
98 3381 171 3445 liote
187 3403 223 3445 ac
243 3384 444 3450 fraudulenter
461 3385 576 3471 egeris,
606 3384 656 3448 ille
678 3384 743 3469 ipse
763 3405 916 3470 perquem
939 3387 1043 3450 iurasti
1067 3407 1083 3448 a
1108 3396 1137 3448 tc
1155 3403 1265 3468 poenas

98 3483 225 3567 exigat,
250 3486 326 3569 quod
343 3487 449 3571 ipsum,
475 3498 506 3551 ιιι
520 3498 623 3572 postea
638 3485 782 3567 dicemus,
806 3487 892 3572 puulo
907 3499 975 3573 post
990 3489 1125 3572 contigit.
1173 3487 1266 3550 Arius

1 3597 4 3630 t
97 3605 177 3650 vero
199 3607 265 3649 cum
283 3588 319 3651 de
339 3586 462 3653 Eusebii
480 3587 720 3654 Nicomediensis
737 3589 884 3673 episcopi,
913 3589 963 3672 qui
985 3591 1088 3654 cadem
1112 3610 1176 3653 cum
1201 3588 1266 3672 ipso

96 3687 266 3765 sentiebat,
291 3691 420 3755 factione
437 3701 535 3770 esset,
560 3691 596 3754 ab
615 3711 651 3754 eo
666 3691 703 3755 ad
721 3691 928 3776 imperatorem
947 3692 1104 3777 perductus
1120 3700 1177 3770 est,
1201 3699 1266 3754 tan·

1 3829 2 3834 κ
98 3809 189 3873 quam
206 3789 343 3857 haeresin
357 3813 439 3856 suam
457 3793 609 3858 abiuraret
626 3813 661 3857 ac
677 3793 841 3858 damnaret.
882 3789 1011 3876 ideoque
1028 3789 1266 3878 imperatoribu-

97 3889 189 3955 aebio
204 3893 321 3956 mandat
335 3904 367 3958 ut
378 3894 484 3959 Arium
501 3891 759 3978 Constantinopoli
776 3895 812 3959 ad
830 3896 1066 3960 communionem
1084 3893 1264 3972 admitteret,

1 4125 2 4144 ,
145 4076 171 4128 5.
195 4076 242 4144 ἐγιι
241 4079 401 4145 υσσηθιισης
423 4083 460 4132 ed.
479 4096 517 4143 pr.
543 4082 670 4134 bobeta
624 4096 670 4144 pru
701 4080 793 4143 emta?

97 4144 290 4213 ἑγιιισσηιιση
293 4165 312 4207 ς.
735 4146 860 4212 brutinus
885 4152 1267 4214 concentusconcentus·

136 4212 162 4265 6.
181 4215 218 4264 lto
235 4227 309 4276 cupre
293 4217 398 4267 o.tner
413 4217 475 4278 tlt,
495 4217 517 4266 1.
537 4210 669 4282 n'rcdbpuos
699 4222 879 4300 propoauttu
835 4235 879 4270 rou
870 4215 917 4286 ’τῳ
934 4222 1017 4270 uelem
985 4213 1083 4288 αὐτῷ..
1101 4219 1167 4269 Libri
1182 4219 1267 4271 babeat

121 4277 261 4340 ςιαιιτοιι
231 4283 380 4350 opticen
326 4283 497 4350 ριιιιιιιιςιι
458 4282 667 4347 ruccones
701 4279 778 4338 etro.

93 4298 230 4400 'ii
93 4347 320 4414 'lccbsbpdc
320 4347 429 4405 ortae
431 4349 577 4410 absidarum
594 4353 669 4406 reiro
735 4351 761 4404 8.
779 4347 915 4422 Εὗσιβιιῳ
933 4355 1078 4419 mddnaac,
1095 4355 1131 4406 uti
1145 4358 1266 4410 ulamm-

1 4402 2 4420 ³
93 4413 203 4486 χωρίον.
240 4367 429 4470 ιῗιιιιιιιυ
401 4420 435 4469 ort
457 4421 546 4482 Pbrun.
569 4423 668 4484 Portae
700 4435 756 4484 pra.
