3128 4930
333 251 374 316 84
758 259 880 312 θΑΝίιἼῚ
896 259 1064 312 EPIPHANH

335 382 384 446 καὶ
402 376 659 461 άκοίουθήοαντες
674 374 762 464 αὐτῷ.
793 373 846 453 Ὡς
860 375 954 452 εὐθύς
968 374 1039 460 μετά
1052 373 1106 452 τάς
1122 373 1177 442 δύο
1191 372 1312 461 ἡμίρας,
1334 375 1371 452 ἃς
1388 378 1486 458 ἐποίη·

333 505 391 548 σαν
408 477 477 566 παρ’
493 479 589 568 αὐτῷ,
611 478 757 566 ἐπειςάγει
771 482 878 565 λέγων,
902 481 962 544 Καὶ
979 481 1102 561 ἐξῆλθεν
1118 481 1160 555 είς
1175 477 1229 560 τήν
1245 481 1416 556 Γαλιλαίαν,
1439 480 1486 544 καί

335 581 430 669 εύροίν
446 587 611 662 Φίλιππον,
634 579 728 660 εἶπεν,
749 580 925 648 Ἀκολούθει
938 608 996 665 μοι.
1041 577 1119 646 Είτα
1134 577 1229 656 εὐθύς
1245 588 1280 670 τῇ
1294 585 1376 670 τρίτη
1391 577 1488 668 ύμέρρ

334 686 427 772 γάμος
444 687 555 771 ἐγίνετο
572 688 604 751 ἐν
620 691 708 772 Κανρλ
726 690 779 766 τῆς
797 688 964 760 Γαλιλαίας·
986 685 1046 748 ἔδει
1066 682 1121 768 γάρ
1146 680 1238 752 αὐτόν
1250 680 1426 748 άπελθόντα
1444 679 1489 748 εὐ·

333 787 396 864 θύς
411 787 516 874 γάμων
531 789 713 870 τελουμένων
729 789 770 862 είς
784 785 839 868 τόν
853 785 940 869 τιμὴν
957 783 1049 852 αὐτοῦ
1064 791 1222 868 κληθῆναι,
1245 781 1289 850 ἐπ’
1305 783 1420 873 εὐλογίᾳ
1436 791 1489 850 τοῦ

334 891 443 976 γάμου.
488 895 550 956 Καί
567 911 657 973 φησι,
678 887 784 971 ,Γάμος
806 890 917 972 ἐγένετο
936 895 972 977 τῇ
993 892 1075 977 τρίτη
1091 885 1187 975 ἡμέρᾳ
1209 890 1241 954 ἐν
1258 893 1344 975 Κανᾴ
1362 894 1415 969 τῆς
1432 894 1488 950 Γα-

332 998 454 1074 λιλαίας,
476 996 528 1060 καί
542 987 582 1076 ἦν
598 989 620 1075 ἡ
637 991 732 1076 μήτηρ
749 998 804 1058 τοῦ
818 989 921 1072 Ἰησοῦ
938 993 1010 1056 ἐκεῖ·
1033 992 1146 1073 ἐκλήθη
1162 991 1195 1055 δέ
1208 992 1259 1055 καί
1273 987 1291 1056 ό
1304 987 1423 1072 Ἰησοῦς
1439 992 1489 1054 καλ

334 1099 366 1164 οί
377 1098 511 1178 μαθηταί
525 1093 619 1161 αὐτοῦ
635 1098 666 1159 οἱ
678 1091 737 1176 μετ’
751 1090 844 1158 αὐτοῦ
860 1095 902 1170 είς
913 1090 966 1159 τόν
979 1090 1089 1178 γάμον·
1111 1095 1162 1157 καί
1176 1089 1388 1176 ύστερύσαντος
1402 1096 1489 1158 οἴνου

333 1201 409 1283 λέγει
427 1196 449 1282 ἦ
470 1198 567 1282 μήτηρ
590 1204 643 1262 τού
661 1194 780 1278 Ἰησοῦ,
806 1193 897 1262 Οίνον
913 1193 967 1262 οὐκ
986 1198 1099 1278 ἔχουσι·
1127 1197 1179 1260 καλ
1201 1195 1275 1280 λέγει
1293 1191 1371 1284 αὐτῇ
1393 1191 1412 1260 ό
1429 1193 1488 1276 Ἰη-

333 1309 416 1380 σούς,
444 1306 479 1366 Τί
495 1301 562 1383 ἐμοὶ
573 1301 625 1365 καί
638 1299 696 1378 σοί,
716 1296 819 1384 γύννις
842 1295 928 1364 ούπω
943 1295 1007 1380 ἥκει
1024 1295 1044 1380 ἡ
1062 1297 1126 1383 όίρα
1141 1323 1208 1380 μου.
1239 1295 1326 1362 Μετά
1340 1295 1373 1362 τό
1390 1299 1490 1363 ἐλθεῖν

335 1399 426 1468 αὐτόν
442 1399 503 1468 άπό
521 1407 575 1466 τοῦ
592 1407 758 1486 πειρασμοῦ
773 1403 825 1466 καί
842 1403 970 1466 διελθεῖν
987 1399 1036 1466 όιά
1052 1408 1104 1483 τῆς
1120 1397 1271 1481 θαλάσσης
1286 1400 1337 1466 καλ
1351 1406 1405 1467 τοῦ
1419 1396 1489 1486 Ἰορ·

334 1503 445 1583 θάνον,
466 1501 521 1586 τήν
535 1500 633 1587 όρμὴν
652 1501 810 1585 ἐσχηκότος
826 1504 876 1567 ἐπί
896 1499 932 1567 τά
950 1505 1061 1581 οἰκεῖα,
1083 1500 1223 1568 άπελθοίν
1242 1505 1318 1570 ἐνθα
1337 1501 1489 1586 άνετράφη

334 1604 412 1692 πρός
431 1604 485 1688 την
504 1606 616 1689 μητέρα
637 1607 669 1670 ἐν
687 1605 834 1689 Ναζαρὲτ,
859 1607 912 1670 καλ
927 1610 1110 1689 παραμείνας
1132 1605 1187 1671 δύο
1209 1602 1358 1689 ἐὴμέρας,
1383 1603 1490 1670 λοιπόν

279 1735 281 1740 ·
334 1710 525 1795 ίπειγαμένου
550 1710 592 1783 είς
610 1707 663 1790 τήν
680 1711 827 1792 σωτηρίαν
845 1714 904 1772 τάν
926 1703 1097 1792 άνθρύπων
1119 1715 1173 1774 τοῦ
1192 1705 1381 1792 κηρύγματος
1401 1705 1490 1791 άρξα-

334 1821 408 1878 σθαι
429 1813 640 1892 ἐπιμελεῖσθαι.
686 1812 747 1876 Καί
768 1811 862 1892 ἐμεινε
885 1809 939 1892 μέν
960 1808 1016 1876 όύο
1039 1807 1152 1894 ημέρας
1176 1807 1225 1875 θιά
1248 1807 1281 1875 τό
1306 1807 1356 1876 διά
1377 1807 1489 1894 χρόνον

334 1911 448 1997 ἡκέναι,
471 1916 545 1995 ἐχων
561 1909 629 1995 μεθ’
645 1914 752 1977 ἑαυτοῦ
768 1911 823 1988 οὐς
835 1910 894 1993 ἤδη
909 1916 1071 1994 παρείληφε
1086 1910 1233 1994 μαθητάς,
1257 1910 1405 1988 ἀπολύσας
1420 1910 1491 1988 τούς

334 2013 390 2080 δύο
413 2011 484 2090 τούς
507 2013 770 2098 άκολουθήσαντας
792 2011 888 2102 αὐτῷ,
916 2012 1011 2088 εὐθύς
1034 2015 1082 2079 ἐντί
1106 2012 1161 2097 τήν
1181 2018 1336 2080 Γαλιλαίαν
1358 2016 1491 2092 ἐξελθεῖν

334 2113 385 2182 όιά
408 2114 440 2182 τό
458 2114 594 2203 κήρυγμα
612 2120 663 2182 καλ
678 2114 711 2182 τό
729 2118 814 2201 ἔργον
832 2122 885 2181 τοῦ
909 2120 1102 2198 θεοσημείου,
1131 2123 1185 2184 τοῦ
1204 2117 1238 2182 ἐν
1256 2125 1296 2204 τῷ
1318 2116 1404 2206 γάμῳ
1428 2119 1491 2183 ἐπε-

334 2221 526 2296 τελεσθέντος.
571 2221 665 2284 Βλέπε
684 2217 741 2304 γάρ
762 2225 827 2294 πῶς
849 2221 1073 2300 ἐπασφαλίζτται
1088 2215 1106 2283 ό
1120 2217 1225 2304 λόγος,
1247 2214 1290 2295 άς
1304 2216 1451 2302 Ἰωάννης
1472 2215 1491 2284 ό

335 2319 496 2405 βαπτιστὴς
517 2330 675 2407 μαρτυρεῖ,
698 2322 810 2406 λέγων,
841 2316 882 2396 τός
903 2320 1114 2409 παρῳχηκότος
1139 2319 1196 2403 ἤδη
1221 2325 1275 2388 τού
1296 2319 1402 2405 λόγου,
1433 2319 1490 2398 ὅτι,

336 2421 427 2510 Κάγά
444 2421 500 2490 οὐκ
517 2421 599 2514 ᾔδειν
619 2420 725 2504 αὐτόν,
748 2420 818 2488 άλλά
835 2419 853 2490 ό
872 2426 996 2505 πέμψας
1011 2447 1046 2506 με
1062 2426 1227 2505 βαπτίζειν,
1250 2420 1313 2488 είιτέ
1329 2449 1395 2506 μοι,
1417 2421 1491 2504 Ἐφ’

334 2527 371 2594 όν
388 2525 425 2593 άν
442 2531 509 2616 ίόης
523 2525 557 2593 τό
572 2534 689 2610 πνεῦμα
704 2529 737 2592 ἐν
753 2529 823 2592 τίθει
837 2532 1009 2610 περιστεράς
1029 2524 1188 2608 ἐρχόμενον
1207 2523 1252 2591 ἐπ’
1270 2523 1376 2605 αὐτόν,
1400 2518 1491 2602 αὐτός

334 2631 420 2696 ἐστιν.
462 2627 659 2696 Ἀποστέλλων
673 2629 729 2714 γάρ
746 2626 763 2694 ό
778 2628 874 2714 πατὴρ
891 2627 944 2694 τόν
958 2625 1103 2710 Ἰωάννην
1117 2631 1279 2709 βαπτίζειν,
1301 2635 1389 2695 τοῦτο
1408 2626 1491 2717 αὐτῷ

213 2771 265 2817 1³¹3·
279 2761 323 2804 m,
336 2729 369 2796 τό
386 2739 508 2814 σημεῖον
522 2731 711 2816 ἐδωρήσατο,
732 2729 770 2796 ἵν’
787 2730 860 2798 όταν
875 2734 926 2820 λλλη
941 2733 1050 2820 ἐπιγνῷ
1072 2729 1125 2795 τόν
1144 2727 1262 2796 άνωθεν
1279 2733 1311 2796 ἐν
1325 2737 1368 2819 τῷ
1385 2729 1490 2819 τόσμφ

333 2830 534 2899 άποσταλίντα
557 2841 675 2918 σωτῆρα
698 2835 750 2900 καί
774 2831 928 2918 εὐεργέτην
951 2840 1009 2898 τῶν
1031 2830 1178 2918 ἡμετέρων
1200 2840 1314 2916 ψυχῶν.
1355 2830 1490 2918 Ἀνατρέ-

335 2961 440 3002 πονται
466 2938 568 3000 τοίνυν
587 2938 620 3000 ολ
640 2941 769 3001 τοιούτοι
792 2933 851 3002 άπό
873 2943 927 3016 τῆς
946 2932 1087 3018 άληθείας
1107 2942 1166 3000 τῶν
1189 2935 1331 3002 τοιούτων
1352 2943 1490 3020 γραφῶν,

333 3039 452 3121 καὶτῆς
468 3033 633 3122 ἀκριβείας,
656 3036 778 3119 μάλιστα
795 3035 854 3103 όπό
873 3044 926 3120 τῆς
940 3042 1116 3120 συμφωνίας
1131 3043 1190 3102 τῶν
1204 3036 1352 3123 τεσσάρων
1370 3035 1490 3124 εὐαγγε-

332 3146 445 3206 λιστάν.
492 3137 538 3205 Οὐ
550 3138 608 3225 γάρ
621 3165 665 3215 τις
681 3147 741 3206 τῶν
759 3137 988 3224 εὐφρανούντων
1007 3136 1169 3223 άπαβάλλοι
1189 3138 1226 3204 τά
1246 3147 1288 3228 τῷ
1308 3136 1384 3228 άγίςο
1400 3138 1490 3206 πνεύ·

333 3269 404 3324 ματι
418 3245 451 3308 ἐν
466 3251 529 3318 τοῖς
544 3239 641 3327 άγίοις
659 3239 836 3327 εὐαγγελίοις
854 3238 985 3327 άκριβῶς
1001 3240 1098 3325 πάντη
1117 3243 1408 3328 πεπραγματευμένα

189 3353 316 3428 Καρικβῖ
421 3350 630 3430 Κατηγορούσι
646 3345 677 3409 θέ
697 3343 785 3410 πάλιν
802 3348 833 3412 ολ
848 3342 932 3412 αὐτοί
956 3351 1009 3410 τοῦ
1033 3341 1120 3430 άγίου
1140 3342 1356 3430 εὐαγγελιστοῦ,
1378 3351 1491 3427 μάλλον

333 3446 366 3512 ιλί
381 3453 435 3512 τοῦ
451 3443 544 3512 αὐτοῦ
563 3443 741 3531 εὐαγγελίου,
764 3445 821 3527 ὅτι,
849 3449 973 3528 ιφασὶν,
995 3444 1015 3514 ό
1029 3445 1175 3530 Ἰωάννης
1188 3449 1248 3530 ἐφη
1263 3449 1330 3532 περί
1346 3445 1404 3514 δύο
1424 3453 1489 3514 Πα-

332 3555 410 3630 σχιόν
431 3545 483 3614 τόν
498 3554 616 3630 σωτῆρα
632 3548 833 3632 πεποιηκότα,
862 3553 894 3616 ολ
913 3551 946 3616 όέ
970 3547 1051 3618 άλλοι
1071 3547 1269 3635 εὐαγγελισταί
1289 3551 1357 3635 περὶ
1380 3549 1493 3632 Πάσχα

331 3649 406 3726 ἑνός.
451 3652 515 3716 Καί
530 3648 585 3716 οὐκ
601 3655 718 3718 οίόαοιν
734 3654 766 3718 οί
780 3655 910 3732 ίόιάται,
933 3651 980 3718 ότι
993 3649 1031 3717 οὐ
1047 3650 1140 3734 μόνον
1157 3651 1213 3718 δύο
1231 3650 1338 3734 Πάσχα
1352 3648 1495 3738 ὁμολογεῖ

331 3750 368 3816 τά
385 3750 551 3839 εὐαγγέλια,
574 3750 646 3817 άλλά
661 3752 715 3818 δύο
732 3755 784 3836 μὲν
799 3761 902 3838 πρῶτα
924 3756 1067 3839 λέγεικαὶ
1089 3751 1162 3820 αὐτό
1181 3755 1213 3820 δὲ
1235 3757 1267 3820 ἐν
1289 3746 1313 3841 ιβ
1334 3753 1493 3820 πέπονθεν

333 3851 351 3917 ό
364 3853 464 3941 σωτὴρ
469 3906 480 3935 ,
500 3859 570 3941 τρία
583 3853 689 3937 Πάσχα
709 3861 769 3922 τῶν
784 3857 817 3920 ἐν
831 3863 872 3945 τῷ
886 3855 1051 3942 κηρύγματι
1067 3845 1380 3942 πεπραγματεαμένων.
1426 3854 1493 3924 Εὐ

331 3954 393 4031 θύς
407 3955 462 4042 γάρ
478 3954 538 4024 άπό
554 3963 608 4024 τοῦ
621 3953 796 4042 Ἰορδάνου,
819 3956 859 4036 τίς
875 3955 894 4025 ό
910 3966 1035 4036 Λουκᾶς
1052 3979 1155 4042 φησιν,
1175 3951 1215 4042 ἦν
1233 3955 1252 4024 ό
1267 3956 1386 4041 Ἰησοῦς
1400 3956 1488 4046 άρχό-

332 4081 420 4137 μενος
439 4056 513 4128 εἶναι
536 4058 578 4136 άς
596 4063 671 4126 ἐτῶν
687 4058 862 4144 τριάκοντα,
886 4059 929 4128 ολν
945 4059 1030 4140 υίός,
1053 4058 1094 4138 τίς
1110 4064 1272 4145 ἐνομίζετο,
1293 4067 1347 4126 τοῦ
1360 4059 1491 4147 Ἰωσὴφ,

330 4163 384 4222 τοῦ
400 4155 477 4239 Ἠλλ,
499 4164 549 4228 καλ
565 4163 615 4229 ἐπί
629 4159 666 4226 τά
680 4159 825 4246 α’νωτίροτ.
870 4170 1013 4230 Γεννάται
1027 4165 1082 4246 μέν
1098 4162 1153 4249 γάρ
1173 4160 1191 4228 ό
1210 4161 1306 4249 σωτὴρ
1325 4170 1366 4253 τῷ
1387 4187 1492 4231 τεσσα-

331 4267 465 4349 ρακοστῷ
489 4265 615 4352 δευτέρην
640 4265 698 4330 ἐτει
714 4259 891 4349 Αὐγούστου
917 4267 1059 4348 βασιλίως
1078 4273 1139 4332 τόν
1156 4261 1323 4348 Ῥωμαίων,
1353 4259 1492 4352 ὅπερῆν

365 4482 424 4534 cn.
443 4484 516 4536 xx1.
534 4511 568 4524 -
605 4487 626 4536 ι.
645 4491 681 4540 οι
698 4490 831 4542 mmm
844 4492 964 4544 εααιειι.
1002 4493 1068 4542 τινα
1083 4493 1169 4546 τινα
1184 4485 1296 4558 ςμιροι.
