3186 4928
312 227 373 289 406
688 209 693 216 ’
732 235 856 288 εενοτι
873 235 1044 288 mma

314 353 396 430 υίδν,
420 353 539 438 ἀπαίρει
558 355 591 418 ἐκ
607 360 660 418 τοῦ
679 355 757 419 ἰδίου
772 351 869 418 τόπου
884 355 936 418 καλ
953 352 1047 441 όρμρῖ,
1070 355 1120 419 καλ
1137 353 1282 438 τολμήσας
1303 353 1410 438 μηνόει
1429 354 1465 420 ui

313 458 381 540 περὶ
396 457 518 535 ἑαυτοῦ,
541 454 665 536 ἀφελεῖν
679 454 932 541 ἐπαγγελλόμενος.
975 453 1045 520 Ἀλλ’
1064 455 1101 523 οά
1116 457 1303 544 προεχώρησε
1319 465 1363 548 τῷ
1381 454 1467 543 γόητι

314 557 335 640 ἡ
351 565 405 641 τῆς
427 560 543 632 ἐλπίδος
566 563 720 638 φαντασία.
767 555 937 644 ὗ’Ἠμβροτε
959 557 1014 646 γάρ
1038 558 1098 626 ἀπό
1122 567 1175 642 τῆς
1196 564 1379 646 καραδοκίας
1400 557 1465 626 τινά

314 663 378 742 είδη
406 667 670 745 οφαρμακευτικῆς
688 661 867 746 προενέγκας
891 667 933 750 τῷ
956 664 1174 752 νοσηλευομένην
1196 665 1282 728 παιδὶ
1302 670 1358 728 τοῦ
1381 667 1467 744 βασι-

313 765 392 839 λέως.
441 764 528 838 Τέλος
549 767 622 846 γοῦν
646 765 687 838 είς
706 759 759 838 τάς
780 773 877 848 χεῖρας
899 765 993 829 αὐτοῦ
1016 763 1195 856 θνήσκειὶτδ
1221 763 1389 849 μειράιιιον,
1416 769 1468 830 ῖνα

314 864 410 931 πάυτα
424 864 460 930 τά
477 864 548 948 μετά
564 872 619 931 τοῦ
633 863 768 946 ψεύδους
785 867 958 951 διελέγχηται
977 865 1087 948 μάταια
1107 868 1317 952 ἐπαγγέλματα.
1359 865 1414 944 Ὡς
1434 869 1467 933 δὲ

192 995 243 1041 ρος.
256 983 300 1029 ονε,
314 975 401 1034 τοῦτο
424 967 519 1045 οῦτως
538 968 651 1050 ἀπέβη,
674 965 874 1053 προςτάγματι
894 971 1034 1058 βασιλικῷ
1053 969 1223 1053 ἐμβάλλεται
1245 973 1286 1046 είς
1302 969 1335 1036 τό
1353 974 1467 1052 δεσμω-

311 1069 423 1157 τήριον.
472 1069 517 1136 Οῦ
536 1070 591 1157 γάρ
612 1067 707 1146 εάθάς
731 1073 763 1134 οῖ
783 1077 842 1134 τοῖν
862 1075 987 1153 Περσῶν
1010 1075 1137 1154 βασιλεῖς
1157 1071 1212 1148 κάς
1227 1077 1371 1158 τιμωρίας
1390 1071 1468 1138 κατά

312 1181 372 1238 τοῖν
387 1172 440 1251 τάς
453 1177 567 1256 μείζους
584 1175 688 1250 αίτίας,
707 1169 797 1254 7ἤτοι
812 1169 996 1255 ἀτοπήματα,
1012 1173 1153 1259 δροένιων
1167 1177 1370 1262 ἐπιφέρουσιν,
1393 1173 1469 1240 ἀλλά

313 1277 515 1363 περιττοτέραν
535 1273 601 1341 τινά
622 1277 773 1341 ἐπινοοῦσι
793 1273 961 1357 θανατικήν
983 1282 1091 1358 ψῆφον
1112 1276 1185 1360 μετά
1206 1276 1345 1360 βασάνων
1371 1275 1470 1353 ’τοῦς

314 1379 582 1462 ἐπαπειλσυμένους
602 1381 802 1444 διατίθεσθαι.
848 1379 907 1441 Καὶ
929 1385 1022 1442 ταῦτα
1044 1379 1096 1461 μέν
1117 1379 1221 1456 οὕτως.

239 1523 244 1534 -
274 1483 290 1537 '·
397 1479 536 1564 Ἐπέμενέ
552 1505 583 1544 τε
602 1488 638 1570 τῇ
654 1483 752 1569 εἱρκτῇ
770 1483 906 1545 διατελῶν
922 1477 940 1545 δ
956 1479 1083 1563 Μάνης,
1106 1479 1191 1548 δκαλ
1206 1482 1391 1568 Χοῦβρικος,
1415 1483 1470 1548 καῖ

311 1581 372 1650 ῦπδ
390 1592 446 1650 τῶν
468 1587 552 1650 ἰδίων
567 1589 713 1666 μαθητῶν
728 1581 981 1665 ἐπισκεπτόμενος.
1016 1580 1095 1666 Ἤδη
1115 1583 1171 1671 γάρ
1189 1581 1208 1650 ό
1228 1584 1357 1671 ἀγόρτης
1375 1607 1469 1650 συνο-

313 1685 418 1772 γηοχεν
433 1689 527 1774 ἕαυτρῖ
540 1685 674 1772 στρατόν,
697 1681 738 1762 οδς
751 1687 852 1763 εἰπεῖν,
870 1683 924 1760 οῦς
941 1684 980 1767 δὴ
992 1683 1132 1767 μαθητάς
1145 1683 1251 1767 ἐκάλει,
1269 1687 1321 1753 τόν
1332 1685 1471 1771 ἀριθμόν

312 1787 371 1872 ἤδη
387 1791 453 1876 περὶ
469 1788 524 1854 δύο
540 1792 591 1854 καὶ
605 1793 722 1854 είκοσιν.
753 1785 801 1865 Ἐξ
814 1779 857 1853 οἷν
871 1813 952 1864 τινας
965 1796 1042 1868 τρεῖς
1057 1786 1255 1871 ἐκλεξάμενος,
1275 1795 1386 1872 Θωμᾶν
1397 1817 1470 1855 τινα

312 1891 389 1958 οῦτω
404 1891 601 1974 καλούμενον,
623 1893 674 1956 καλ
687 1887 837 1974 Ἑρμείαν,
859 1891 910 1954 καλ
925 1887 1054 1970 ΙἈδδαυ,
1077 1893 1224 1976 διενοήθη
1241 1889 1379 1975 ἀκηκοιδς
1394 1897 1470 1978 περὶ

311 2001 369 2060 τοῖν
385 1992 459 2059 κατά
474 1993 530 2078 την
546 1991 691 2059 Ἰουδαίαν
705 1993 756 2058 καί
769 1993 802 2058 έν
815 1991 874 2081 ὅλῳ
893 1999 934 2081 τῷ
952 1990 1055 2082 κόσμῳ
1071 1996 1159 2078 ἱεροῦν
1175 1998 1312 2077 βιβλίων,
1335 1997 1414 2078 φημὶ
1434 1997 1471 2062 δὲ

317 2103 546 2182 Χριστιανικσῖν,
569 2094 663 2178 νόμου
680 2119 710 2160 τε
730 2096 781 2161 καλ
797 2101 975 2180 προφητῶν,
997 2093 1189 2180 εὐαγγελίων,
1211 2099 1261 2162 καλ
1283 2096 1469 2164 ἀποστόλων.

313 2197 395 2275 Δοῦς
410 2204 510 2265 τοίνυν
525 2202 647 2283 χρυσίον
659 2207 722 2274 τοῖς
737 2199 962 2283 προειρημένας
978 2199 1028 2263 έπλ
1043 2196 1081 2262 τά
1096 2200 1169 2283 μέρη
1185 2207 1244 2264 τοῖν
1256 2197 1471 2284 Ἱεροσολύμων
1579 2265 1580 2270 ,

314 2300 468 2368 ἀπέστειλε.
517 2308 610 2367 Τοῦτο
625 2301 658 2366 δέ
673 2303 791 2384 ἐποίησε
813 2297 924 2386 ιπρινή
938 2307 1156 2386 καθετρχθῆναι
1169 2304 1201 2366 ἐν
1215 2309 1251 2391 τῇ
1265 2309 1392 2391 φυλακῇ,
1415 2302 1471 2368 ὅτε

314 2403 521 2492 διαλεγόμενος
538 2412 657 2480 πολλοῖς
672 2402 705 2470 τό
724 2405 801 2468 ίδιον
818 2402 915 2487 δόγμα
931 2401 989 2468 οῦκ
1007 2406 1104 2485 ἴσχυσε
1123 2411 1272 2488 συστῆσαι.
1313 2402 1472 2486 Ἀκηκοοδς

314 2508 346 2573 δέ
361 2510 428 2593 περί
444 2506 591 2589 ὀνόματος
609 2513 740 2593 Χριστοῦ
753 2508 805 2570 καὶ
822 2511 883 2571 τοῖν
899 2504 992 2569 αὐτοῦ
1009 2503 1132 2584 δοῦλων,
1159 2512 1343 2591 Χριστιανῶν
1359 2508 1387 2572 ιε’
1402 2534 1471 2590 φη-

237 2645 242 2654 ·
312 2637 355 2692 μι,
374 2609 524 2696 διεγνοίκει
537 2607 586 2679 διά
603 2617 656 2674 τοῦ
670 2607 816 2691 ὀνόματος
829 2615 883 2691 τῆς
896 2603 1070 2684 ἀποθέσεως
1083 2613 1216 2694 Χριστοῦ
1231 2608 1378 2692 ἀπατῖγσαι
1390 2609 1472 2687 τοῦς

312 2713 562 2796 πεπλανημένους.
608 2715 648 2777 Οί
668 2715 700 2778 δέ
722 2707 903 2786 ἀπελθόντες
928 2707 1093 2792 ω’νήσαντο·
1124 2709 1161 2776 οῦ
1183 2708 1239 2796 γάρ
1262 2709 1470 2795 ἀνεβάλλοντο.

289 2851 290 2856 1
316 2814 611 2899 Παλινδρομήσαντες
627 2815 675 2893 δέ,
698 2811 739 2889 οῦς
755 2811 791 2878 οῦ
808 2810 1086 2896 καταλαμβάνουσιν
1103 2811 1196 2880 αῦτδν
1218 2811 1316 2880 οῦκέτι
1332 2817 1363 2880 ἐν
1383 2816 1470 2881 ἐλευ-
1579 2807 1580 2810 ¹

311 2917 394 3004 θέρρι
409 2914 487 3002 ἀέρι,
510 2914 582 2981 ἀλλά
600 2919 631 2982 ἐν
646 2924 687 3005 τῷ
702 2919 900 3003 δεσμωτηρίῳ,
922 2912 1041 2981 κάκεῖσε
1060 2914 1252 2995 είςελθόντες,
1275 2919 1471 2984 ἐπεδείκνυον

313 3015 392 3106 αὐτῷ
407 3016 461 3094 τάς
475 3022 604 3102 βίβλους.
639 3018 673 3086 ‘0
688 3020 719 3084 δὲ
733 3017 831 3102 λαβεῖν
844 3021 894 3082 καλ
907 3015 1103 3104 ἀνερευνησας
1116 3017 1355 3107 έρργδιοόργησε,
1372 3045 1470 3104 προς-

313 3121 418 3198 πλέξας
438 3128 473 3210 τῇ
496 3119 622 3210 ἀληθείᾳ
644 3121 677 3188 τδ
697 3126 775 3187 ίδιον
798 3124 913 3203 ψεῦδος
931 3123 1006 3186 ἔνθα
1026 3145 1086 3186 που
1105 3113 1173 3208 εὗρε
1194 3119 1353 3207 πρόςωπον
1372 3118 1469 3206 λόγου

310 3220 448 3305 ἢκλῆσιυ
463 3226 629 3307 δυναμένην
645 3223 797 3290 ἀποτελεῖν
817 3220 953 3306 δμοίωμα
968 3231 1022 3289 τοῦ
1045 3220 1138 3289 αάτοῦ
1162 3223 1361 3310 φρονήματος.
1398 3228 1469 3290 Καὶ

312 3327 451 3390 ἐντεῦθεν
463 3325 568 3392 λοιπόν
583 3326 723 3413 έκράτυνε
736 3324 768 3392 τό
783 3328 961 3392 ἐπίπλαστον
974 3333 1029 3391 τοῦ
1043 3326 1137 3391 αάτοῦ
1152 3326 1373 3411 δκοσμηματος.
1398 3322 1468 3392 Ἀλ-

309 3425 345 3492 λά
359 3430 410 3492 καλ
427 3425 534 3510 μεταξῦ
552 3427 697 3515 ἀργυρον,
719 3426 956 3514 προςλιπαρήσας
977 3423 1052 3495 8τδν
1068 3431 1116 3494 ἐπλ
1133 3435 1188 3495 τοῦ
1203 3433 1402 3516 δεσμωτηρίου
1418 3435 1468 3496 δῖ-

311 3535 383 3596 δωσι
401 3530 511 3610 πολῦν,
540 3534 591 3597 καλ
614 3531 712 3618 φυγάς
733 3531 956 3610 ἀπαλλάττεται,
983 3536 1164 3613 καταλείψας
1184 3529 1240 3614 τὴν
1259 3539 1319 3598 τῶν
1336 3539 1467 3616 Περσῶν

309 3632 417 3720 χοόραυ,
439 3635 490 3700 καλ
505 3661 540 3724 τη
554 3631 698 3724 Ῥωμανίρι
715 3636 882 3722 προςέβαλε.
921 3637 1028 3700 Μέσον
1042 3636 1074 3700 δέ
1087 3633 1146 3718 ἤδη
1161 3633 1313 3721 τυγχάνοον
1329 3642 1381 3718 τῆς
1396 3639 1465 3701 Μέ-

310 3758 364 3818 σης
380 3745 440 3803 τοῖν
458 3746 598 3820 ποταμοῖν
618 3740 667 3803 καλ
690 3746 744 3821 τῆς
762 3740 922 3820 Περσίδος,
945 3739 1013 3823 περλ
1028 3737 1081 3815 κάς
1101 3739 1224 3825 ἐρημίας
1245 3741 1288 3803 ἔτι
1308 3735 1464 3824 ῦπάρχων,

310 3837 418 3922 ἤκουσε
436 3843 505 3927 περὶ
523 3839 651 3928 μεγάλου
669 3839 748 3917 τινός
763 3835 874 3926 ἀνδρός
895 3841 927 3906 έν
942 3845 1096 3929 θεοσεβείᾳ
1115 3837 1262 3932 ἀτροτάτη
1284 3843 1464 3926 διαπρέπου-

312 3969 377 4024 τος,
400 3945 580 4030 Μαρκέλλου
597 3941 745 4026 τοάνομα,
766 3949 975 4020 κατοικοῦντος
989 3945 1021 4008 ἐν
1038 3940 1181 4033 Κασχάρη
1197 3941 1280 4010 πόλει
1295 3927 1348 4028 π’γς
1361 3951 1461 4010 Μεσο-

344 4201 367 4274 ⁵:
385 4194 481 4270 ἤμβρον
495 4219 524 4256 τε
539 4205 680 4256 στείλασα.
700 4208 774 4256 etad.
789 4207 866 4268 ριίπο.
935 4203 958 4254 8.
977 4205 1090 4267 Suspicor
1104 4201 1404 4272 τοῖςίποπιιλουμένοις,
1425 4208 1461 4255 υελ

343 4267 368 4317 ί).
389 4275 561 4340 φαρκευτικῆς
582 4275 651 4323 οοσιλ
667 4287 722 4323 πει.
756 4289 866 4339 φαρκευ-
901 4269 943 4326 ἐπὶ
958 4269 1018 4332 τοδε
1033 4267 1235 4338 ἀπειλουμένους.

311 4337 422 4402 ματικ”ς
438 4342 473 4390 αλ
489 4345 564 4402 μετ’πο.
936 4339 995 4390 (λιν.
1012 4342 1043 4390 V.
1061 4369 1096 4382 -
1138 4343 1159 4392 1.
1184 4343 1360 4404 ,Οοτκίρεπδιιι
1384 4347 1460 4392 σιστιι

344 4403 368 4455 7.
387 4354 444 4466 ἀτοι
459 4411 568 4470 νωοτίρεῖ
587 4423 631 4470 ιντο
645 4411 695 4462 τῶν
708 4411 771 4472 quod
783 4409 867 4460 υίιῖυοι
900 4411 1046 4472 Epiphanius
1065 4413 1105 4472 ηαι·
1120 4413 1145 4459 in
1160 4411 1352 4460 Μακίτλοεοιυιιι
1372 4413 1459 4460 haemi

310 4475 363 4524 λιότῖ
375 4477 477 4526 numm.
511 4479 802 4539 Ρετουίυεικιγεαοίιιιιιι
815 4476 866 4530 καλ.
900 4492 953 4540 cap.
967 4479 990 4528 5.
1014 4482 1047 4528 οῖι
1065 4481 1180 4529 Mantum
1201 4479 1330 4542 discipulos
1352 4493 1405 4530 τυοι
1426 4479 1458 4528 οσ
