3168 4942
389 145 524 198 tauhun
543 146 607 198 tte.
621 147 651 196 u.
666 145 748 196 TOM.
763 147 796 196 li.
813 142 913 196 ΗΔΕΒ.
928 144 1025 194 cxix,
1234 135 1295 196 729

127 277 220 322 ιιιιιιιιι
239 259 412 350 principium
430 285 575 348 unamque
590 264 771 328 divinitatem
790 263 902 328 retulit.
949 257 1024 326 Corn
1044 262 1121 326 enim
1148 273 1209 326 tres
1229 285 1296 349 per·

130 361 226 424 testae
244 363 306 426 siot
325 365 513 450 hypostases,
539 388 594 430 noa
612 377 709 430 tameo
730 364 869 428 diviuitas
886 375 944 442 est,
970 364 1062 448 patris
1077 375 1107 426 ct
1122 363 1172 426 diii
1190 373 1218 428 st
1235 367 1294 449 spi-

127 463 205 526 ritus
223 467 330 528 sancti.
375 466 512 532 Hominis
529 489 617 552 porro
635 489 652 530 a
669 467 761 532 verbo
779 476 916 550 suscepte
936 478 1039 528 natura
1058 487 1116 529 nus
1137 489 1201 530 cum
1218 467 1292 530 divi-

127 564 221 630 nitate
241 588 373 632 summae
387 569 540 652 diguitatis
557 590 575 634 a
593 580 676 655 patre
693 569 809 652 diisque
828 568 1018 645 beneficium,
1044 588 1099 630 uec
1118 589 1176 631 uun
1193 579 1224 633 et
1240 591 1292 654 po·

127 676 265 731 testatem
282 671 552 754 perfectionemque
569 693 603 734 ac
620 671 781 757 spiritalem
807 671 834 734 iu
852 691 939 732 atnam
963 668 1144 734 divinitatem
1168 671 1291 735 coniun-

126 769 255 834 ctionem
277 774 402 858 accepit.

212 870 272 938 Sed
295 873 354 936 iam
378 875 475 940 losum
500 879 577 940 huuc
593 876 768 941 didicittimis
792 874 883 938 maris
901 874 1122 960 tempestatibus
1137 875 1289 954 intestam,
1305 865 1421 984 ,affl-x

128 983 219 1058 atque
237 995 352 1040 omnem
378 977 454 1042 iliam
476 979 581 1044 veneni
603 979 682 1058 vim,
713 978 778 1041 sive
801 977 897 1062 potius
921 987 1066 1040 tumentes
1089 997 1124 1040 ao
1146 976 1290 1060 procello-
1424 969 1430 983 ’

128 1097 183 1140 sos
205 1077 328 1157 ductus,
361 1090 391 1142 st
412 1101 567 1165 spumosus
591 1081 733 1144 undarum
764 1081 894 1144 vortices
917 1089 947 1142 et
968 1078 1144 1142 iactatioues
1167 1078 1291 1141 horreu-

125 1181 197 1258 das,
221 1200 310 1264 aegre
333 1182 488 1246 admodum
512 1183 672 1246 evasimus.
718 1179 796 1245 Nam
820 1193 850 1245 ct
868 1181 993 1244 hostium
1009 1181 1066 1244 teta
1085 1190 1227 1264 scutaque
1241 1201 1290 1243 rc·

126 1292 174 1344 cta
197 1281 313 1345 ratione
335 1304 370 1346 uc
393 1295 492 1348 mente
516 1286 583 1350 irati
606 1284 837 1362 combussimus,
867 1283 1034 1348 stillarum
1057 1303 1144 1345 arens
1166 1281 1289 1368 infregi-

125 1404 208 1462 mus,
242 1405 277 1447 ao
304 1395 413 1449 tautam
437 1387 577 1450 diviuitas
600 1387 658 1450 vim
684 1397 719 1450 ‘et
739 1386 880 1472 gratiam,
916 1384 985 1448 licet
1012 1385 1220 1463 immerentes,
1252 1384 1287 1446 ad

123 1485 196 1550 iliud
219 1498 382 1552 monstrum
406 1488 537 1573 pluribus
565 1488 709 1574 capitibus
738 1488 934 1570 turpissimam
957 1486 993 1550 ad
1018 1487 1129 1572 hydrae
1152 1485 1288 1550 similitu-

122 1591 222 1651 dinem
246 1589 408 1673 praeditum
430 1593 645 1654 conficiendum
670 1590 836 1668 hausimus,
871 1600 901 1652 ut
923 1589 1025 1652 eodem
1050 1588 1147 1652 diviua
1171 1609 1226 1675 ope
1243 1589 1288 1654 vi·
1385 1611 1388 1620 ¹

123 1701 176 1754 eto
196 1711 231 1754 sc
253 1692 407 1775 profligato
431 1693 603 1778 triumphale
626 1693 694 1756 iilud
719 1712 838 1755 carmen
862 1689 998 1754 accinere
1023 1689 1188 1774 possimus,
1214 1696 1440 1768 Coa-memet.

123 1806 215 1854 ternus
236 1797 364 1868 άοιιιὺιιι,
386 1797 514 1875 gloriose
535 1799 608 1858 euim
630 1796 831 1876 magnificatus
852 1806 911 1868 est,
940 1815 1040 1874 equum
1062 1804 1091 1852 ct
1110 1814 1286 1856 ascensorem

121 1899 228 1957 der'ecit
246 1901 276 1956 iu
299 1917 386 1956 more.
436 1893 533 1982 Caput
562 1897 651 1979 igitur
673 1897 810 1960 draconis
838 1917 927 1982 supra
948 1915 1051 1978 aquam
1075 1892 1152 1957 idam
1176 1896 1286 1958 coustri-

121 1996 239 2074 vimus,
264 2019 337 2078 quoe
354 2001 468 2078 placante
490 2000 606 2072 luditur,
632 1999 774 2083 cuiusque
797 1999 866 2063 novi
890 1998 929 2062 itti
953 2007 1019 2082 post
1036 1993 1162 2060 iudaeos
1183 1995 1287 2061 hacre-

121 2099 224 2162 ditatis
247 2119 439 2183 possessores
461 2101 618 2186 participes
641 2121 709 2164 esse
733 2102 909 2180 notueruu13
933 2109 1035 2162 eontra
1054 2119 1127 2184 quos
1146 2099 1284 2183 propheta

118 2202 167 2265 sie
188 2200 354 2270 invehiture
388 2206 524 2281 Quonimu
553 2207 685 2266 noluistis
706 2226 807 2286 opaeum
830 2207 923 2277 Siloe,
955 2224 1027 2284 quoe
1053 2205 1156 2262 leuiter
1177 2206 1281 2275 currit,
1298 2219 1350 2265 test.
1364 2222 1391 2278 e,
1405 2223 1426 2266 t.

118 2307 174 2364 sed
193 2306 334 2366 modsa'etds
358 2309 431 2366 liure
450 2327 561 2385 regem,
594 2319 622 2366 et
646 2307 750 2368 Tobeel
760 2309 860 2387 fidium
882 2308 1037 2378 domebus,
1070 2325 1135 2365 ecce
1156 2307 1287 2364 tiumittet

119 2410 252 2466 ᾰοιιιὶιιιιι
273 2411 302 2467 s'u
324 2427 374 2469 uos
394 2429 495 2488 uquam
508 2411 601 2492 fluvii
620 2411 784 2482 cibiraton,
808 2429 903 2486 regem
919 2411 1107 2486 Assyriorum
1127 2414 1185 2466 cte.
1217 2401 1284 2476 Nos

120 2516 220 2570 autem
243 2528 327 2591 opem
344 2530 360 2570 a
380 2509 497 2572 domino
511 2510 682 2588 consecuti,
712 2509 767 2572 bos
785 2519 831 2572 est
845 2521 957 2590 spatum
975 2510 1049 2568 iliad
1069 2528 1086 2569 a
1103 2525 1175 2570 vera
1192 2526 1282 2570 carue
1296 2518 1374 2566 tosus.
1386 2520 1407 2576 t,
1418 2522 1438 2565 t.

121 2609 154 2670 iu
173 2619 279 2672 terrem
298 2609 455 2688 emissum,
480 2623 510 2674 st
532 2615 620 2673 lutum
643 2635 680 2673 cs
696 2615 746 2673 s'tlo
760 2623 842 2692 sputo
855 2613 980 2692 sactum,
1006 2618 1093 2693 utque
1113 2607 1207 2671 ocutis
1230 2629 1282 2672 no·

124 2711 330 2790 strisitiitum,
354 2723 387 2776 ut
407 2713 453 2797 qui
472 2713 501 2776 in
518 2734 629 2776 summa
654 2712 721 2776 olim
745 2712 913 2795 ignorantia
937 2709 1148 2788 versabamur,
1172 2710 1282 2774 verita·

123 2821 182 2874 tem
209 2815 296 2877 modo
324 2813 537 2898 percipiamus,
569 2813 730 2894 abeuntes,
761 2827 792 2876 et
811 2819 840 2876 ta
862 2817 940 2876 Siloe
967 2816 1043 2894 quod
1064 2816 1279 2894 rhievpretotur,

118 2919 238 2990 massus,
271 2916 327 2978 boo
355 2925 401 2979 est
427 2915 457 2978 ia
487 2916 610 2979 hnmana
634 2912 745 2980 Christi
776 2927 880 2979 natura
909 2937 944 2979 ao
967 2915 1120 2978 divinitate
1149 2916 1281 2999 perfecte

118 3015 187 3093 loti,
202 3027 377 3101 recuperato
391 3017 456 3080 visu
470 3017 618 3080 dominum
635 3038 818 3102 nequaquam
834 3016 957 3102 amplius
968 3017 1164 3100 abnegamus3
1181 3035 1282 3099 qnam·

117 3117 167 3180 vis
185 3117 221 3180 ah
241 3116 305 3180 Arii
331 3119 459 3182 tectione
482 3131 512 3182 et
529 3117 704 3184 iudaeorum
722 3119 946 3184 successoribus
971 3118 1007 3181 ah
1033 3117 1170 3182 omnihus
1192 3139 1282 3204 synu-

116 3219 205 3303 gogis
227 3221 470 3283 exterminemur.
516 3217 666 3305 Siquidem
690 3233 718 3286 et
736 3222 784 3286 isti
804 3222 918 3287 iliorum
938 3223 1034 3285 instar
1050 3226 1234 3283 decreuerunt
1251 3233 1282 3284 ut
1309 3237 1367 3285 tete.
1380 3239 1412 3284 ss

117 3326 173 3403 qui
189 3325 330 3384 ιίιιιιιὴιιιιιι
352 3325 537 3404 eonfiteretur
557 3327 594 3386 ob
611 3330 735 3405 ipsorum
752 3326 933 3387 concentibus
948 3327 1167 3399 occluderetur5
1193 3333 1225 3386 nt
1244 3324 1279 3388 ab

117 3443 156 3486 eo
179 3423 224 3486 eoi
250 3423 331 3488 visos
355 3424 508 3488 restitutus
532 3426 629 3490 iuerat
655 3425 726 3490 nihii
748 3424 884 3490 videntes
906 3447 939 3489 sc
962 3426 1099 3491 convinci
1122 3447 1157 3488 ac
1179 3425 1280 3489 redar-

118 3526 169 3609 gui
192 3536 404 3590 monstrarent.
452 3523 569 3590 Etenim
589 3529 645 3592 nisi
670 3539 762 3592 totum
786 3528 901 3593 illorum
920 3527 1157 3592 conventiculum
1173 3547 1280 3591 exeae-

117 3638 215 3691 cstum
234 3637 326 3707 esset,
352 3649 498 3712 uunquam
519 3630 598 3693 illum
614 3631 698 3695 ouius
717 3631 810 3716 aperti
829 3631 945 3694 fuerant
961 3630 1038 3693 oculi
1054 3629 1089 3692 ub
1108 3629 1186 3693 omui
1201 3651 1280 3692 oom-

117 3729 258 3792 monioue
277 3730 507 3814 proscriberent.
542 3731 685 3814 Agendae
703 3734 824 3819 proinde
840 3732 958 3796 domiuo
972 3733 1086 3817 gratiae
1105 3741 1185 3810 suut,
1203 3732 1279 3816 quod

117 3841 149 3893 et
164 3830 283 3896 videndi
303 3851 422 3894 sensum
442 3834 735 3916 recuperaverimus,
760 3847 790 3899 et
807 3836 882 3900 huuc
900 3835 994 3921 ipsum
1016 3834 1210 3911 confitemur,
1235 3843 1280 3896 at-

116 3951 174 4014 que
192 3932 385 3997 incommodis
401 3935 536 4000 omuibus
553 3938 713 4001 remedium
733 3938 934 4018 adhibuimus3
958 3937 984 4000 si
1001 3947 1098 4000 tamen
1116 3937 1279 4021 praeceptis

115 4032 194 4096 iilius
211 4055 322 4098 morem
341 4055 497 4118 geramus,
523 4049 553 4101 et
567 4051 735 4124 serpentem
755 4040 1010 4127 proculcavimus,
1035 4037 1170 4102 draconis
1193 4050 1279 4124 caput

116 4223 214 4286 tthecta'p.
232 4230 271 4271 est
290 4221 417 4288 puuosois.
748 4225 772 4280 6.
791 4224 821 4280 sd
843 4226 888 4280 τοῦ
913 4223 979 4294 μετὰ
1003 4229 1073 4280 codd.
1097 4241 1149 4280 mss.
1174 4235 1277 4297 ιιιιιςιιι.

114 4289 174 4419 αξξ·
195 4286 421 4354 &mimm-
449 4291 541 4359 wotos
558 4296 679 4348 sosthe-
714 4299 822 4349 Fortosre
838 4291 1000 4363 resecasset.

167 4441 256 4502 corpus
270 4439 406 4488 Hsereseol.
421 4439 451 4487 11.
464 4441 484 4487 d.
1031 4457 1072 4521 47
