3148 4938
397 242 534 296 ruamur
552 243 615 296 bib.
629 243 661 296 ll.
678 243 762 296 hott.
774 245 806 296 ΙΙ.
822 243 924 301 utet.
938 246 1036 299 LXlX.
1239 235 1302 301 595

138 363 246 448 quihus
263 383 316 428 eos
330 363 486 428 incusabat
502 362 550 446 qui
566 363 673 428 Arium
693 375 886 448 receperant,
910 365 1094 450 rescripsere
1112 366 1149 430 ad
1165 365 1302 431 Alexan-

137 467 223 530 drum
239 463 365 550 singuli,
390 465 504 550 qnidam
522 462 743 530 dissimulanter
755 477 786 529 et
800 465 923 546 callida,
947 466 997 530 alii
1015 487 1055 532 cn
1076 468 1176 532 animo
1192 479 1224 531 et
1240 468 1302 533 ein·

137 587 221 632 cere.
267 568 314 632 Ac
329 567 460 632 nonnulli
477 578 634 654 exceptum
651 589 668 631 a
684 588 718 632 sc
733 568 880 632 homiuem
900 567 1059 652 negabant,
1084 567 1133 633 alii
1149 590 1202 654 per
1218 571 1303 655 igno-

138 671 264 734 rltrrliam
281 671 453 734 admissum.
499 667 596 732 Erant
613 681 644 734 ct
663 669 714 756 qui
735 689 772 734 eo
795 689 828 734 sa
851 669 978 734 consilio
1000 672 1150 756 recepisse
1173 675 1302 738 lateren-

139 785 207 851 tur,
232 782 264 837 ut
286 791 352 837 cnm
376 772 448 836 luori
472 772 617 836 iacerent.
665 768 699 835 ln
721 793 834 838 summa
850 772 933 836 varia
954 772 1106 838 literarum
1129 785 1303 858 argumente

138 876 271 940 luerunt.

224 976 267 1041 At
282 977 373 1042 Arica
391 975 439 1041 uhi
456 977 583 1061 scriptas
599 976 636 1039 ad
650 997 757 1041 *omnes
772 977 928 1062 episcopos
944 977 1046 1042 literas
1063 977 1217 1064 comperit,
1233 997 1299 1044 eura
1317 989 1380 1057 erp.
1398 990 1428 1043 v.

135 1077 178 1142 ah
199 1079 336 1144 omnihus
360 1077 468 1163 passim
495 1079 636 1143 exclusus
661 1101 678 1143 a
705 1080 839 1156 nemine,
872 1091 1078 1164 praeterquam
1100 1101 1117 1144 a
1141 1080 1304 1148 lenioribus

136 1182 215 1260 suis,
240 1181 459 1267 susciperetur,
484 1201 608 1264 quorum
626 1181 763 1267 princeps
782 1191 848 1246 erat
861 1179 1010 1246 Eusebius
1025 1183 1129 1266 grandi
1147 1183 1302 1248 admodum
1364 1225 1371 1234 ,

8 1313 10 1344 t
135 1294 211 1348 nato
227 1279 468 1348 Nicomediensis
491 1283 665 1368 epiecopus,
697 1283 745 1368 qui
770 1305 836 1348 oum
852 1281 989 1349 Lucieno
1003 1283 1199 1350 Nicomediae
1216 1286 1304 1352 simul

136 1385 271 1450 vixerat.
316 1383 384 1450 Nec
398 1405 457 1450 nou
474 1396 504 1449 et
516 1382 662 1450 Leontius
678 1385 811 1450 eviratus
829 1375 1019 1466 Antiochiae,
1044 1387 1172 1451 nondum
1189 1388 1305 1473 episeo-

8 1529 11 1544 ν
137 1488 235 1572 palem
259 1489 297 1552 ad
319 1489 421 1552 sedem
445 1497 615 1573 promotus,
647 1489 756 1572 aliique
778 1488 923 1552 nonnulli.
969 1483 1045 1552 Cum
1063 1509 1134 1574 ergo
1152 1510 1192 1554 ex
1207 1490 1305 1574 perni-

9 1629 10 1632 =
137 1590 223 1654 cioso
241 1591 318 1654 illius
333 1590 471 1654 sodalitio
488 1611 593 1654 oannes
609 1590 650 1654 illi
668 1599 781 1664 essent,
805 1611 930 1674 cumque
947 1589 998 1654 diu
1011 1579 1087 1674 apud
1106 1610 1139 1654 ae
1154 1587 1303 1655 Eusebius

9 1749 10 1752 ,
137 1691 309 1772 habuisset,
335 1692 475 1777 epistolas
491 1694 527 1756 ad
547 1692 624 1756 huoc
640 1692 737 1778 ipsum
754 1690 914 1756 Eusebium
941 1693 1061 1779 scripsit
1077 1714 1221 1777 nugarum
1241 1693 1303 1778 ple·

8 1837 10 1868 ,
136 1791 297 1872 nissimaa,
320 1793 426 1879 quihus
445 1793 563 1880 impinm
582 1814 670 1860 omne
685 1795 792 1879 dogma
813 1795 986 1880 complexus
1009 1806 1066 1859 cst.
1113 1794 1317 1880 Quamquam-

8 1943 10 1970 .
137 1897 269 1961 nondam
284 1893 491 1961 Nicomediam
509 1898 545 1960 ad
562 1897 641 1960 illum
660 1907 794 1961 venerat.
841 1899 938 1980 Atque
955 1897 1010 1960 hae
1025 1897 1141 1982 quidem
1161 1897 1303 1983 epistolae

8 2047 10 2078 ,
137 1999 212 2063 nibil
229 1999 307 2064 aliud
323 1999 478 2064 continent
492 2009 612 2084 practer
626 1998 779 2064 doetrinae
794 2017 866 2062 suaa
883 1999 1125 2079 declarationem,
1148 2021 1235 2084 quam
1251 2019 1305 2085 per

8 2151 10 2178 ,
135 2101 209 2165 illud
230 2111 343 2187 tempus
357 2099 532 2165 elaborarit.
580 2099 693 2164 llarnm
711 2121 811 2179 unam,
834 2122 912 2185 quae
926 2103 962 2166 ad
978 2113 1099 2167 nostrae
1115 2123 1220 2166 manue
1236 2122 1304 2188 per·

8 2253 12 2286 ,
136 2203 239 2282 venit,
270 2203 325 2267 hoc
343 2203 409 2267 loco
425 2202 614 2266 subscribere
636 2203 835 2267 necessarium
859 2203 976 2287 putavi,
1008 2206 1109 2288 utqui
1133 2225 1197 2269 eam
1223 2205 1304 2288 lege·

8 2357 10 2366 ,
137 2306 201 2370 rint
218 2305 383 2390 intelligant
405 2305 475 2371 nihil
502 2327 520 2368 a
543 2304 628 2369 nohis
653 2315 756 2368 contra
777 2305 941 2390 quempiam
966 2306 1148 2371 calumniose
1166 2306 1303 2370 iactatum

8 2463 11 2494 ,
136 2407 233 2489 alias,
258 2418 309 2471 aut
330 2406 541 2492 impraesentia
563 2406 679 2472 iactari.
726 2404 783 2471 Est
804 2416 901 2471 autem
924 2407 1080 2473 eiusmodi.

557 2593 646 2646 Ablll
674 2593 894 2648 EPISTOLA.

8 2775 10 2804 5
205 2711 333 2780 Domino
350 2713 553 2793 dilectissimo,
579 2715 643 2778 viro
658 2713 717 2792 dei,
737 2713 827 2791 lideli,
851 2713 1020 2778 orthodoxo
1028 2711 1174 2794 Eusebio,
1193 2711 1300 2794 Arius,
1321 2713 1383 2783 stt·
1397 2713 1440 2769 vl,

8 2881 9 2896 ,
139 2833 228 2902 quem
244 2815 420 2880 Alexander
439 2837 512 2902 papa
535 2815 643 2882 iuiuele
665 2817 703 2880 oh
720 2815 873 2880 victricem
897 2816 1027 2881 omnium
1049 2817 1205 2882 venulam
1223 2816 1304 2882 turs

8 3007 9 3012 γ
137 2919 257 3004 quitur,
282 2918 365 2982 cuius
388 2928 471 2982 etto
493 2929 767 3004 propugnatores,
790 2917 820 2982 in
841 2917 959 2982 domino
982 2919 1116 2983 salutem.

227 3018 303 3086 Cum
318 3019 496 3085 Ammonius
517 3031 600 3106 paler
624 3041 707 3085 meus
723 3017 927 3084 Nicomediam
956 3021 1210 3106 proficisceretur,
1243 3040 1303 3084 non

136 3124 228 3188 nodo
251 3123 358 3188 rationi
376 3134 608 3188 consentancum
625 3143 666 3186 ex
681 3120 777 3188 officio
793 3123 923 3207 quodam
945 3145 962 3185 a
979 3143 1027 3186 ma
1044 3120 1172 3186 dehitom
1190 3120 1303 3208 putavi,

8 3297 10 3312 Ι
138 3224 194 3289 tibi
212 3236 244 3289 ut
258 3246 311 3310 per
329 3224 412 3291 illem
437 3225 560 3290 sulutem
589 3224 735 3305 dicerem,
767 3245 883 3310 unaque
901 3223 1017 3289 caritati
1036 3236 1105 3288 tuae
1122 3245 1158 3290 ac
1174 3224 1305 3288 benero-

8 3401 9 3404 ,
137 3329 252 3394 lectiae
269 3349 326 3414 que
343 3338 464 3414 propter
481 3327 567 3391 deum
585 3327 709 3412 eiusque
728 3325 881 3392 Christum
900 3329 1008 3392 luntres
1027 3326 1216 3412 prosequeris
1236 3324 1306 3390 snb·

8 3419 10 3434 '
136 3430 264 3494 iiecrenn
285 3449 372 3516 quam
394 3451 451 3494 uos
464 3430 656 3496 uehementer
672 3429 828 3514 episcopus
846 3427 969 3494 iulealet
985 3437 1074 3514 alque
1092 3427 1240 3516 hostiliter
1260 3426 1306 3492 in·

8 3615 11 3622 μ
136 3543 300 3616 mquatur,
325 3551 381 3596 nec
399 3532 489 3596 ullum
506 3530 573 3596 mali
588 3551 684 3615 genus
701 3551 760 3595 uon
774 3532 930 3596 aduersum
954 3552 1009 3596 uos
1028 3541 1231 3610 commoveat,
1255 3549 1305 3594 uc·

8 3623 10 3644 ³
137 3655 200 3718 qne
213 3653 250 3698 eo
265 3645 299 3698 nt
314 3655 368 3699 nos
384 3635 473 3699 etiam
491 3633 573 3699 uelut
595 3633 701 3720 impios
718 3653 753 3697 ac
767 3632 855 3697 deum
873 3643 1017 3717 negantes
1033 3653 1073 3697 ex
1090 3633 1166 3698 urbe
1183 3631 1307 3717 rapula*

8 3727 10 3746 '
136 3736 199 3814 rit,
223 3735 309 3822 idque
327 3737 365 3802 oh
383 3737 462 3802 illan
480 3758 615 3802 museum
633 3736 709 3820 qnod
725 3735 751 3800 ei
773 3735 888 3822 publice
903 3735 958 3800 ista
977 3733 1178 3820 pronuntianti
1195 3753 1306 3818 requa-

136 3839 460 3924 quamaasentiamcr:
486 3835 614 3925 Semper
631 3839 716 3918 deus,
741 3858 859 3924 semper
876 3837 969 3903 iilius:
993 3836 1080 3902 simul
1100 3846 1197 3921 pater,
1220 3835 1307 3900 simul

9 3933 10 3936 ¹
137 3940 238 4008 illices
266 3943 405 4008 eumden
427 3939 559 4027 ingenito
575 3951 717 4028 perpetuo
735 3939 811 4004 filius
828 3939 950 4020 existit,
973 3959 1092 4026 semper
1108 3938 1245 4023 genitus,
1269 3936 1307 4001 ab

136 4043 423 4130 ingenitogenitus:
449 4064 544 4130 neqrre
562 4043 753 4130 cogitatione,
774 4062 870 4126 neque
885 4053 1034 4108 momento
1050 4042 1111 4108 ullo
1129 4042 1203 4105 dens
1217 4039 1306 4104 hlium

8 4217 10 4230 ,
137 4148 309 4228 antecedit,
333 4167 451 4232 semper
469 4146 560 4226 deus,
584 4165 704 4232 semper
721 4143 815 4222 lilius,
841 4165 880 4208 ex
898 4145 962 4232 ipso
986 4146 1041 4209 deo
1066 4144 1156 4208 lilius.
1204 4138 1308 4224 Quou-

135 4303 206 4354 edilo
228 4315 245 4350 o
270 4302 405 4366 Gobsordlo
428 4303 465 4351 ed.
488 4313 513 4364 p.
532 4295 588 4352 145.
612 4315 636 4350 n.
650 4295 708 4352 287.
742 4295 824 4352 πάντα
841 4294 932 4364 τρόπον
947 4303 1040 4364 ποιεῖν,
1066 4293 1309 4365 leicestrensis
1356 4355 1359 4362 ,

135 4367 263 4424 Πάντα
288 4363 399 4424 κάλων
426 4373 555 4432 κινεῖν,
581 4361 638 4422 ar’url
662 4367 707 4420 rod
742 4381 800 4419 των.
837 4363 1224 4429 CtSeholl.ochnob.i,ll‘i.

1023 4453 1102 4520 38*
