3176 4930
342 240 403 306 338
765 251 1076 304 ειοιοτιεειειιιιιιι

344 390 546 468 ἐπιβαίνουσι,
568 387 619 452 καί
636 384 677 468 μη
696 387 885 468 βουλομένων
901 383 1002 469 ἡμῶν,
1030 385 1169 462 πολλάκις
1190 383 1283 472 μείριά
1306 411 1337 451 τε
1358 387 1428 471 περί
1444 412 1496 467 μυ-

345 495 418 574 ρίων
433 493 598 574 περιεργίας
613 485 693 571 ἡμᾶς
707 491 757 554 καί
779 487 1084 575 3φιλοπραγμοσύνης
1098 484 1209 574 άλόγον
1223 487 1415 570 ἐμπιπλάντα.
1442 485 1495 550 Διό

343 590 376 657 τό
393 591 446 673 μέν
460 593 558 657 θέλειν
572 587 647 656 αότά
663 592 738 674 μηδὲ
754 593 954 673 ἐνθυμεῖσθαι
965 590 1150 677 παράκειται,
1171 589 1206 655 τό
1221 591 1254 656 δέ
1268 588 1496 676 κατεργάζεσθαι

343 696 384 770 είς
408 693 441 760 τό
460 691 619 774 α’φοινίσαι,
641 695 691 757 ἵνα
708 692 751 776 μη
766 695 818 758 καὶ
836 687 927 770 αὖθις
942 697 1010 780 περὶ
1026 693 1077 759 τόν
1092 691 1232 778 λογισμόν
1249 690 1431 771 άνέλθωσιν,
1454 691 1497 758 ότι

344 793 386 878 μὴ
402 804 496 862 κεῖται
510 803 600 862 τοῦτο
617 792 664 876 ἐφ’
679 793 766 878 ἡμῖν,
789 793 831 871 οῖς
848 799 939 879 ἐφην,
963 793 1034 861 άλλά
1053 795 1086 861 τό
1104 794 1271 880 χρήσασθαι
1288 791 1383 877 μόνον
1397 792 1498 869 αὐτοῖς

344 925 422 979 πως,
444 895 523 981 ἢμίρ
541 898 715 984 χρήσασθαι.
758 895 810 974 Ὡς
833 895 909 964 εἶναι
930 897 982 964 τόν
997 905 1070 964 νοῦν
1088 904 1224 964 τοιοῦτον
1245 905 1300 964 τοῦ
1321 901 1430 982 βητοῦ·
1455 893 1498 960 Οό

341 997 397 1085 γάρ
415 999 433 1065 3
453 1001 532 1066 θίλω
547 1007 626 1066 ποιοῖ
643 996 777 1085 άγαθόν·
807 1003 886 1066 θίλω
910 999 967 1087 γάρ
991 1000 1032 1083 μη
1050 1002 1247 1083 ἐνθυμεῖσθαι
1269 998 1289 1064 3
1310 999 1432 1083 βλάπτει
1454 1025 1497 1082 με,

344 1100 447 1185 ἐπειδὴ
465 1109 551 1168 τοῦτο
574 1100 694 1188 άγαθόν
711 1107 763 1168 καί
785 1101 924 1186 άμωμον,
945 1100 1022 1167 κατά
1038 1101 1071 1168 τό
1091 1101 1262 1188 λεγόμενον,
1286 1101 1378 1167 Ἀνεν
1398 1101 1499 1187 ψόγου

343 1205 519 1290 τετυγμένον
535 1209 614 1290 χερσί
628 1231 659 1270 τε
676 1207 730 1270 καί
750 1204 811 1295 νόρο
830 1203 1026 1292 τετράγωνον·
1052 1206 1102 1270 καί
1120 1212 1208 1270 τοῦτο
1225 1205 1278 1286 μίν
1298 1203 1316 1270 3
1331 1207 1412 1270 θέλω
1429 1203 1499 1289 άγα-

343 1305 404 1372 θόν
421 1305 458 1372 οό
474 1315 562 1386 ποιοῖ,
585 1306 604 1373 3
622 1309 654 1372 δέ
670 1306 712 1390 μη
725 1309 806 1373 θίλω
821 1306 945 1393 πράσσω
965 1305 1074 1372 κακόν·
1096 1305 1135 1372 ον’
1149 1310 1229 1373 θέλω
1246 1309 1427 1386 ἐννοεῖσθαι,
1449 1309 1499 1370 καλ

344 1413 502 1492 ἐννοοῦμαι
519 1409 575 1474 ὅσοι
593 1408 634 1492 μή
657 1413 744 1476 θέλω.
790 1412 851 1474 Καὶ
868 1412 1113 1491 4ἐπισκέψασθε,
1135 1413 1163 1475 εί
1179 1410 1219 1492 μὴ
1242 1407 1291 1474 διά
1312 1418 1406 1475 ταῦτα
1424 1407 1500 1474 mk&

343 1515 394 1578 καί
412 1509 545 1594 όΑαβίδ
562 1511 729 1598 ἐνετύγχανε
748 1519 789 1599 τρῖ
811 1519 890 1601 θεῷ,
913 1517 1108 1598 δνςγεροιίνων
1129 1515 1180 1578 ἐπί
1199 1520 1240 1601 τῷ
1258 1516 1427 1598 λογίζεσθαι
1450 1513 1501 1576 καὶ
1574 1539 1575 1572 ι

344 1612 435 1680 αῦτόν
452 1612 532 1698 δι’·μιὶ
550 1613 669 1697 ἤθελεν·
696 1613 769 1680 'And
791 1622 850 1680 τοῖν
871 1619 1008 1700 κρυφίων
1031 1641 1089 1697 μου
1105 1614 1276 1700 καθάρισόν
1293 1639 1343 1698 με,
1364 1616 1417 1680 καί
1439 1612 1501 1678 άττό

344 1717 502 1803 ἀλλοτρίων
520 1725 622 1797 φεῖσαι
642 1724 696 1782 τοῦ
714 1716 822 1784 δούλου
840 1739 907 1783 σου·
938 1717 989 1782 ἐάν
1012 1717 1052 1799 μή
1072 1745 1131 1800 μον
1146 1716 1410 1803 κατακνριεόσωσι,
1435 1715 1502 1781 τότε
1574 1711 1575 1752 ¹

343 1818 466 1902 άμωμσς
489 1821 608 1901 ἐσομαι,
636 1823 687 1885 καί
711 1818 975 1906 καθαρισθήσομαι
997 1817 1058 1885 άπό
1086 1817 1229 1906 άμαρτίας
1256 1818 1389 1905 μεγάλης.
1438 1819 1503 1883 Κτιλ
1574 1873 1575 1876 ,

343 1918 435 1998 αότός
456 1922 488 1986 δέ
505 1915 523 1986 ό
540 1920 702 1998 άπόστολος
723 1925 755 1988 ἐν
778 1924 880 2011 δτέρρι·
913 1920 1087 2008 Λογισμοῦς
1107 1930 1336 2008 καθαιροῦντες,
1363 1923 1413 1986 καί
1440 1929 1503 1986 πᾶν

220 2051 272 2098 ρει.
284 2040 329 2086 σεε.
343 2021 457 2106 ι’ῖψωμα
474 2023 669 2108 ἐπαιρόμενον
686 2023 761 2089 κατά
776 2033 830 2108 τῆς
846 2023 981 2111 γνοίσεως
997 2031 1051 2090 τοῦ
1064 2032 1156 2104 θεοῦ,
1177 2027 1228 2090 κοιλ
1244 2027 1505 2108 αἰχμαλωτίζοντες

343 2133 405 2190 πάν
426 2124 525 2207 νόημα
546 2129 588 2202 είς
609 2125 664 2208 τὴν
684 2124 822 2210 ῦπακοήν
842 2135 896 2193 τοῦ
920 2134 1059 2213 Χριστοῦ.
1574 2155 1575 2212 η

201 2234 327 2307 Κιφ.ιη’.
430 2231 474 2292 El
486 2230 519 2293 δέ
535 2254 580 2304 τις
596 2226 686 2311 όμόσε
701 2237 742 2318 τῷ
764 2228 841 2318 λόγῳ
863 2232 936 2296 ίέναι
959 2236 1073 2313 τολμῶν
1087 2226 1292 2315 άποιορίνοιτο,
1316 2226 1356 2305 οῖς
1371 2227 1434 2314 άρα
1460 2234 1504 2294 δι-

345 2329 446 2396 δάσκει
462 2328 480 2396 ό
497 2328 661 2408 ἀπόστολος
680 2329 721 2408 οἷς
738 2329 774 2397 οῦ
790 2330 882 2415 μόνον
904 2335 935 2398 ἐν
957 2338 999 2422 τρῖ
1015 2337 1181 2418 λογίζεσθαι
1199 2331 1232 2396 τδ
1248 2329 1344 2397 κακόν
1358 2329 1376 2396 3
1391 2339 1505 2412 μισοῦ-

345 2459 398 2516 μεν
415 2435 467 2499 καλ
482 2431 500 2500 3
515 2431 551 2499 οό
565 2435 708 2516 θέλομεν,
732 2430 802 2499 όλλά
816 2437 868 2500 καί
883 2437 915 2500 ἐν
931 2440 973 2523 τρῖ
991 2443 1089 2500 ποιεῖν
1104 2432 1176 2500 αῦτδ
1192 2435 1244 2500 καί
1259 2432 1504 2518 κατεργάζεσθαι,

271 2603 275 2610 ,
343 2535 481 2616 διάτοῦ,
512 2534 666 2623 Ου’γάρδ
682 2538 762 2602 θέλω
780 2544 875 2617 ποιεῦ,
895 2539 1046 2620 λελίγθαι,
1068 2533 1202 2622 άγαθόν,
1229 2533 1301 2601 άλλά
1322 2535 1340 2601 3
1357 2533 1393 2600 οιί
1413 2539 1505 2602 θέλω

342 2637 451 2719 κακόν,
474 2647 560 2705 τοῦτο
578 2638 715 2726 πράσσω,
737 2635 908 2722 άξιεόσοιμέν
928 2665 1006 2718 που,
1029 2641 1057 2703 εί
1077 2637 1177 2722 άληθὴ
1198 2640 1273 2725 λέγει
1296 2635 1314 2705 ό
1334 2645 1430 2702 ταῦτα
1460 2640 1505 2702 u-

343 2769 414 2827 γων,
436 2745 619 2824 διασαφῆσαι
636 2745 665 2806 τί
679 2733 717 2824 ἦν
733 2738 765 2806 τό
783 2739 878 2806 κακόν
893 2739 912 2806 3
927 2744 1017 2824 ἐμίσει
1034 2737 1052 2807 ό
1070 2738 1248 2819 άπόστολος,
1269 2742 1319 2805 καί
1333 2736 1389 2805 οῦκ
1401 2737 1502 2821 ἤβοό-
1574 2781 1575 2784 =

342 2853 405 2909 λετο
427 2843 481 2928 μὲν
499 2853 611 2922 ποιεῖν,
635 2847 727 2910 ἐποίει
746 2844 792 2920 δέ,
821 2845 872 2908 καλ
890 2840 1008 2929 άγαθόν
1030 2842 1048 2909 3
1069 2843 1204 2926 ἐβούλετο
1225 2843 1278 2925 μλν
1299 2851 1411 2922 ποιεῖν,
1446 2841 1503 2908 οῦκ
1574 2833 1575 2850 ¹

343 2949 436 3012 ἐποίει
456 2946 503 3026 δέ,
532 2943 603 3010 άλλά
628 2942 832 3031 όντιστρόφως
855 2943 959 3022 όσοίκις
983 2947 1036 3028 μέν
1057 2944 1148 3028 ἤθελε
1167 2952 1291 3028 ποιῆσαι
1314 2942 1346 3010 τό
1369 2943 1503 3029 άγσθόν,

343 3047 519 3124 τοσαυτάκις
535 3045 572 3114 οῦ
588 3046 620 3114 τό
637 3046 771 3133 α’γαθδν,
794 3047 813 3113 3
829 3045 951 3130 ῖγθελεν,
973 3046 1045 3113 άλλά
1061 3046 1097 3115 τό
1112 3047 1263 3134 πονηρόν,
1285 3047 1304 3112 3
1326 3044 1367 3130 μη
1380 3044 1503 3129 ἤθελεν,
1574 3097 1575 3112 ι

344 3153 444 3217 ἐποίει.
482 3149 560 3235 ’Ἆρα
582 3149 638 3236 γάρ
658 3148 695 3215 οῦ
716 3153 814 3216 θέλων
837 3153 1069 3237 είδυλολατρεῖν,
1097 3147 1169 3215 άλλά
1191 3158 1375 3235 θεολατρεῖν,
1403 3147 1423 3214 3
1449 3152 1505 3233 μὲν
1574 3187 1575 3230 γ

342 3252 441 3336 ἤθελε,
462 3261 644 3339 θεολατρεῖν,
667 3250 722 3318 οῦκ
736 3250 875 3336 ἠδύνατο,
898 3251 964 3319 δδέ
977 3253 1018 3337 μοί
1034 3249 1149 3336 ἤθελεν,
1173 3255 1401 3337 εῖδιολολατρεῖν,
1422 3250 1504 3334 2233-
1574 3245 1575 3314 λ

343 3381 430 3434 νατος
458 3354 479 3438 ἢ
502 3364 667 3440 σωφρονεῖν
687 3356 754 3436 μίν,
776 3354 795 3420 3
816 3354 937 3439 ἤθελεν,
960 3353 1017 3421 οῦκ
1038 3358 1146 3435 ἐποίει,
1169 3351 1387 3421 άιιολασταίνειν
1407 3353 1462 3434 δέ,
1486 3356 1505 3420 3

343 3456 467 3542 ἤχθετο,
490 3459 597 3536 ἐποίεις
619 3459 669 3522 καλ
686 3456 852 3540 συλλήβδην
867 3463 1046 3542 κραιπαλᾶν,
1069 3455 1141 3522 άλλοῖ
1156 3455 1358 3522 άσωτεόεσθαι
1371 3457 1422 3521 καῖ
1440 3467 1501 3521 θυ-
1574 3483 1575 3496 ’

343 3567 487 3644 μοῦσθαι,
509 3557 623 3626 άδιιιεῖν
637 3562 688 3626 ιιαλ
703 3559 739 3624 τά
755 3559 825 3625 άλλα
841 3567 896 3644 τῆς
910 3565 1055 3645 πονηρίας
1070 3563 1152 3646 ἔργα,
1175 3559 1253 3643 δίμη
1266 3557 1381 3643 ἤθελεν,
1404 3560 1504 3624 ἐποίει

343 3663 412 3746 μέν,
435 3662 455 3728 3
476 3663 508 3728 δὲ
529 3661 634 3746 ἤθελε,
657 3659 848 3745 δικαιοσύνην
870 3664 920 3727 καί
938 3659 1094 3745 όσιότητα,
1117 3660 1175 3728 οῦκ
1197 3665 1309 3740 ἐποίεις
1354 3662 1416 3724 Καί
1439 3659 1503 3744 μὴν

344 3763 435 3841 αῦτδς
460 3767 579 3841 ἐντοῖς
604 3768 769 3846 ἐκκλησίαις
791 3763 1003 3851 προτροπάδην
1026 3767 1177 3851 ἐξεγείρων
1200 3762 1313 3840 πάντας
1337 3766 1380 3840 είς
1400 3760 1435 3828 τό
1460 3762 1504 3846 μὴ

264 3865 271 3884 ’
343 3855 465 3950 άνομείν
479 3864 517 3934 οῦ
533 3867 626 3950 μόνον
639 3865 709 3942 τοῦς
725 3873 886 3943 ποιοῦντας
899 3869 951 3932 καί
969 3867 1196 3950 ἐπιτηδεύοντας
1214 3865 1251 3932 τά
1266 3865 1363 3932 άτοττα
1379 3862 1503 3955 όλέθρφ
1574 3877 1575 3880 ’

342 3979 499 4054 τηρεῖσθαι
515 3973 565 4036 καῖ
581 3967 655 4060 όργῇ
675 3975 843 4058 παρεγγυᾷ,
866 3967 937 4036 άλλά
953 3973 1006 4035 καλ
1027 3968 1099 4047 τοῦς
1121 3973 1373 4044 συνευδοκοῦντος
1395 3965 1504 4044 κότοῖς

344 4075 385 4147 είς
402 4068 509 4154 αότάς,
538 4071 640 4158 άμιγές
661 4069 806 4158 άμσρτίας
827 4075 859 4138 ἐν
881 4069 953 4156 ἡμῖν
973 4071 1007 4138 τό
1029 4077 1145 4140 δίκαιον
1165 4069 1322 4138 άσκεῖσθαι
1344 4069 1503 4153 διαμιλλό·

376 4291 400 4344 λλ
419 4297 492 4359 rutae
507 4295 566 4367 περὶ
581 4293 827 4370 φιλοπραγμοσύνης.
966 4295 992 4352 4.
1010 4299 1085 4364 ῖιιλρο
1102 4295 1300 4363 ἐπισκέψασθαι
