3176 4930
354 259 491 312 raanan
509 259 572 311 nra.
585 259 615 311 n.
633 259 971 314 acarasseorum.
1180 249 1243 316 aut

87 377 198 440 minem
214 376 351 457 iaciebat,
376 399 434 442 noa
452 379 604 464 angelum,
628 381 653 443 si
670 380 803 465 angelum
818 380 963 444 bominem
984 382 1091 460 lacere,
1116 403 1174 446 non
1192 383 1243 446 lte·

88 479 215 558 minem,
240 481 406 564 cogitabat?
448 480 498 545 An
515 481 656 566 quianon
676 485 810 568 poterat?
853 481 1105 548 Contumeliosum
1121 485 1195 549 istud
1213 495 1244 548 et

87 580 206 666 impium
224 593 281 648 est.
328 583 376 648 Aa
393 585 422 646 iu
439 585 585 648 deteriore
606 597 763 670 occupatas
782 589 857 672 qnod
876 587 1072 672 praestantius
1093 597 1137 650 cst
1160 589 1243 650 dille-

87 683 191 748 rebati
236 683 291 749 llst
308 698 338 749 ot
357 687 435 750 illud'
450 689 671 772 perabsurdum.
719 685 824 772 Neque
847 689 923 752 enim
946 689 973 751 in
999 689 1143 752 moliendo
1166 690 1242 752 bona

88 787 135 850 rel
151 787 271 854 aberrat
290 791 379 868 deas,
404 792 452 854 nel
469 791 498 853 in
514 791 590 854 aliod
610 799 723 876 tempos
743 792 855 869 reiicit,
882 792 930 854 nel
954 792 1108 854 destitutus
1131 791 1242 854 viribus

87 901 151 968 est,
176 892 275 956 sedet
294 902 449 977 rtteumqaa
468 893 603 971 libuerit,
628 902 659 955 et
679 894 796 976 qnando
813 893 948 970 libuerit,
973 894 1077 976 agendi
1099 902 1243 978 potestate

86 993 236 1079 praeditas
261 1004 326 1074 est,
355 1013 419 1058 oum
443 995 482 1059 sit
505 995 568 1081 ipsa
591 995 734 1080 potentia.
782 993 979 1079 Quamobrem
1006 995 1151 1058 bominem
1176 1013 1243 1057 esso

86 1096 234 1162 homiaem
253 1097 456 1162 volemiaitio
476 1097 626 1182 produxit.
674 1095 801 1181 Quodsi
821 1100 848 1161 id
871 1097 976 1162 nolens
995 1099 1082 1176 leniit,
1108 1097 1171 1160 nttlt
1192 1119 1243 1161 an·

87 1209 145 1262 tem
160 1201 239 1283 qaod
255 1199 361 1264 bouum
379 1211 436 1280 est,
461 1199 548 1264 homo
562 1221 636 1264 vero
650 1200 757 1266 bouum
775 1211 832 1280 est,
856 1201 990 1285 idemque
1006 1217 1045 1263 ex
1061 1199 1158 1263 anima
1174 1221 1243 1262 eon·

86 1311 196 1365 staret
216 1321 360 1390 corpore,
384 1300 519 1388 sequitur
538 1303 656 1368 minime
674 1315 758 1368 extra
780 1323 887 1388 corpus
912 1301 1055 1366 bornrinem
1081 1307 1160 1379 lore,
1191 1301 1244 1365 sed

86 1425 153 1468 eam
175 1425 318 1490 corpore,
349 1425 386 1470 ne
410 1405 485 1470 alias
506 1417 622 1492 praeter
644 1407 790 1470 homiaem
816 1406 903 1470 bomo
926 1407 1113 1490 producatur.
1159 1401 1243 1488 (lpus

86 1505 165 1570 enim
183 1517 229 1570 est
247 1509 287 1571 ati
308 1508 363 1571 deo
381 1509 557 1573 immortalia
573 1527 685 1594 genera
700 1508 796 1572 omnia
813 1519 981 1573 serventur.
1029 1511 1239 1582 amanteum,
1257 1521 1386 1582 smera

85 1609 127 1672 ait
141 1606 307 1694 Sapientia,
331 1614 467 1674 haurirem
480 1617 510 1675 in
524 1617 752 1694 roccaromana,-
773 1615 812 1674 nd
825 1616 973 1692 imagabem
986 1615 1163 1674 aeternitatis
1175 1629 1246 1673 suae

84 1713 158 1792 scee't
173 1715 264 1774 allam
312 1710 428 1799 Corpus
448 1715 545 1800 itaquo
563 1737 622 1779 nors
647 1731 767 1802 prorsus
785 1713 985 1799 extinguitur,
1010 1732 1074 1780 aum
1094 1713 1181 1777 horno
1203 1733 1244 1776 ex

86 1835 214 1900 corpore
236 1815 392 1900 animaque
414 1817 572 1882 coalescat.
1294 1851 1354 1918 0⁰1,

172 1918 220 1980 Ao
237 1918 302 1981 vide
318 1939 430 2003 quaeso
444 1921 685 2005 quemadmodum
701 1920 836 1983 dominus
852 1920 954 1983 eadem
970 1917 1019 1983 illa
1036 1919 1151 1982 tradere
1164 1917 1242 1983 Sad·
1279 1919 1360 1969 Χῐιῑῐ·

86 2021 209 2084 daeaeis
225 2023 473 2086 resurrectionem
494 2021 592 2086 earnis
609 2021 804 2086 inicientibus
825 2022 963 2086 volucrit.
1010 2019 1066 2084 llst
1088 2021 1164 2084 enirn
1186 2021 1242 2084 boa
1259 1987 1395 2057 (xxxv.)

85 2119 326 2188 Sadducaeorum
344 2125 462 2210 dogma.
507 2122 593 2189 Unde
615 2127 738 2189 eonllata
758 2125 806 2190 illa
826 2125 862 2188 de
880 2125 1002 2188 muliere
1020 2125 1113 2207 deque
1131 2134 1242 2208 septem

84 2227 227 2290 iratribus
251 2227 406 2311 parabola,
437 2246 521 2311 qaam
546 2229 689 2292 aduersas
711 2228 938 2292 resurrectionis
961 2247 1114 2312 corporum
1138 2228 1243 2310 alagona

85 2339 297 2413 preponerent.
341 2336 535 2393 Accesserant
554 2335 592 2392 ad
615 2353 692 2404 man,
726 2331 835 2414 iuquit,
867 2341 896 2390 et
913 2333 1086 2403 Sadducaei,
1118 2324 1339 2434 dt'eentesgtlssul·

83 2436 320 2494 resurrectionem
335 2455 391 2496 naa
406 2455 476 2496 esse.
523 2430 652 2498 Proinde
672 2429 821 2510 Christus,
846 2432 871 2495 sl
891 2433 968 2495 nulla
985 2431 1083 2494 curnis
1100 2441 1180 2494 esset
1194 2451 1242 2495 re·

83 2534 250 2612 surrectio,
274 2535 325 2599 scd
346 2535 441 2598 anima
460 2535 603 2600 duntaxat
626 2537 748 2600 salutem
771 2543 1018 2618 consequeretur,
1048 2533 1105 2596 illis
1129 2532 1240 2618 atique,

84 2647 187 2722 utpote
203 2647 334 2700 rectene
349 2637 499 2722 praeclare
513 2637 720 2715 sentientibus,
743 2657 824 2700 suam
839 2636 1042 2700 auctoritatem
1057 2635 1241 2718 adiungeret.

84 2740 177 2823 Atqui
192 2739 249 2804 alia
265 2739 362 2804 omnia
379 2741 530 2824 respondit
546 2751 587 2820 et,
611 2745 645 2802 In
661 2744 879 2814 remrreenoae,
904 2738 1009 2823 inquit,
1033 2759 1122 2822 nepae
1138 2741 1247 2800 dnennt

84 2865 209 2916 amores,
234 2864 322 2924 aeque
340 2844 464 2917 nabunt,
489 2847 541 2905 sed
558 2854 593 2905 at
605 2847 706 2924 angeli
717 2848 747 2906 t'n
767 2847 843 2904 coelo
866 2853 942 2904 sant.
989 2839 1059 2905 Non
1080 2843 1156 2925 quad
1179 2861 1244 2903 car·

84 2967 154 3010 nem
173 2945 296 3031 amplius
319 2966 378 3009 non
400 2945 541 3025 habeant,
571 2947 623 3009 sed
644 2947 719 3031 quod
746 2945 860 3031 nuptias
885 2955 985 3008 mutuo
1009 2944 1105 3007 nullm
1128 2953 1244 3007 contra·

84 3047 176 3127 hant,
201 3048 251 3112 sed
269 3047 407 3132 deinceps
425 3048 610 3134 corruptelae
627 3059 695 3112 sant
713 3049 808 3112 omnis
830 3058 983 3132 expertes.
1029 3043 1069 3109 Et
1088 3047 1168 3110 addit
1190 3065 1244 3110 nos

83 3151 142 3214 bae
166 3150 196 3214 io
221 3161 303 3235 parte
326 3151 496 3236 angelorum
522 3171 590 3215 csso
616 3151 746 3231 similes,
782 3161 813 3214 ut
832 3148 1072 3234 quemadmodum
1095 3147 1192 3232 angeli
1215 3149 1243 3212 ia

72 3253 191 3333 coelo,
215 3253 259 3316 sio
276 3273 330 3317 aas
346 3253 375 3316 in
390 3251 533 3316 Paradiso
550 3271 645 3337 neque
662 3251 770 3337 nuptiis
785 3251 909 3338 amplius
926 3266 1021 3336 neque
1039 3251 1183 3315 conviviis
1199 3251 1244 3314 iu·
1275 3329 1282 3343 Ι

83 3356 277 3440 dulgeamas,
301 3357 353 3418 sed
370 3357 399 3419 io
417 3355 640 3440 contemplando
658 3356 713 3419 deo
728 3353 948 3439 excolendaque
965 3355 1025 3417 vita
1042 3353 1133 3417 sinnas
1156 3375 1243 3417 oocu-

82 3459 165 3544 pati,
189 3458 323 3544 praeside
345 3479 379 3522 ac
397 3460 581 3522 moderatore
598 3453 731 3522 Christo.
777 3455 848 3522 Noa
865 3457 941 3520 enim
960 3459 1053 3536 dixit,
1077 3461 1358 3525 denotantem

79 3565 161 3642 geli,
186 3562 256 3639 sed,
281 3565 364 3625 Sr'cut
388 3565 501 3642 angeli,
527 3559 647 3646 perinde
671 3583 706 3622 ae
725 3565 823 3642 gloria
848 3563 1004 3621 ethonore
1026 3563 1170 3635 coronati,
1202 3557 1243 3622 uti

82 3665 228 3748 scriptam
246 3673 309 3742 est,
329 3667 478 3744 paululum
493 3685 560 3724 uera
572 3665 608 3724 ab
624 3667 735 3744 angelis
749 3662 928 3748 afferentes,
954 3671 1042 3748 atque
1061 3662 1176 3738 illorum
1193 3681 1243 3723 oa·

84 3776 173 3830 turae
191 3765 329 3850 proximi.
374 3761 467 3847 Quasi
483 3766 522 3830 ita
541 3765 669 3829 dicerete
695 3765 870 3849 'l'ranquillo
885 3785 938 3850 per
954 3773 1073 3828 noctem
1087 3785 1120 3826 ao
1136 3781 1249 3825 sereno-

81 3876 174 3945 αξη,
199 3889 264 3932 eom
284 3868 405 3931 coelesti
423 3868 508 3932 lanae
525 3868 590 3932 luce
606 3868 816 3931 collustrantur
832 3867 946 3946 omnnia,
970 3867 1042 3942 solis
1065 3865 1160 3928 instar
1177 3864 1242 3928 lana

81 3972 268 4058 resplendet.
314 3967 393 4034 Tam
412 3971 488 4034 enirn
507 3989 564 4034 non
584 3971 702 4034 omnino
720 3970 812 4034 solem
831 3989 898 4034 esse
917 3971 1013 4033 lunam
1038 3989 1077 4032 os
1101 3967 1177 4030 illins
1200 3978 1243 4029 te-

46 4143 49 4148 ,
81 4073 229 4141 stimonio
245 4072 469 4156 colligeremus,
494 4075 544 4137 scd
563 4075 598 4138 ad
622 4073 715 4138 solem
734 4073 891 4136 ‘accedere
937 4068 1022 4135 Sicut
1042 4071 1118 4155 quod
1141 4089 1243 4134 aarum

117 4279 144 4335 ὃ.
164 4272 364 4344 πλησιάζοντας,
380 4271 519 4342 bobiense
537 4279 649 4330 Gattaoot
716 4273 741 4328 6.
759 4277 797 4348 τῷ
815 4277 927 4328 Goliand
960 4275 1012 4330 τῶν
1026 4277 1124 4340 umnam
1138 4279 1171 4329 est
1185 4279 1243 4328 sert·

117 4347 144 4470 g·
161 4351 276 4470 Zia&
289 4350 423 4466 (qppdptnqapps
437 4353 471 4400 eet
486 4346 524 4416 τῷ
542 4345 649 4416 βλέπειν.
681 4349 762 4412 ptura.
1008 4362 1012 4370 ’

875 4553 898 4596 „
971 4501 1040 4576 eo*
