<?xml version="1.0" encoding="UTF-8"?>
<!DOCTYPE html PUBLIC "-//W3C//DTD XHTML 1.0 Transitional//EN"
    "http://www.w3.org/TR/xhtml1/DTD/xhtml1-transitional.dtd">
<html xmlns="http://www.w3.org/1999/xhtml" xml:lang="en" lang="en">
 <head>
  <title>
</title>
<meta http-equiv="Content-Type" content="text/html;charset=utf-8" />
  <meta name='ocr-system' content='tesseract 3.04.00' />
  <meta name='ocr-capabilities' content='ocr_page ocr_carea ocr_par ocr_line ocrx_word'/>
</head>
<body>
  <div class='ocr_page' id='page_1' title='image "./corporishaerese02oehlgoog_0173.png"; bbox 0 0 3128 4930; ppageno 0'>
   <div class='ocr_carea' id='block_1_1' title="bbox 318 215 1051 310">
    <p class='ocr_par' dir='ltr' id='par_1_1' title="bbox 318 215 1051 310">
     <span class='ocr_line' id='line_1_1' title="bbox 318 215 1051 310; baseline -0.004 -1"><span class='ocrx_word' id='word_1_1' title='bbox 318 245 378 310; x_wconf 78' lang='lat'><strong><em>152</em></strong></span> <span class='ocrx_word' id='word_1_2' title='bbox 743 215 1051 308; x_wconf 75' lang='grc' dir='ltr'><strong><em>οκυοτιεειεειινιι</em></strong></span> 
     </span>
    </p>
   </div>
   <div class='ocr_carea' id='block_1_2' title="bbox 206 358 1488 3331">
    <p class='ocr_par' dir='ltr' id='par_1_2' title="bbox 316 358 1487 3130">
     <span class='ocr_line' id='line_1_2' title="bbox 316 358 1474 458; baseline -0.002 -18"><span class='ocrx_word' id='word_1_3' title='bbox 316 371 459 457; x_wconf 78' lang='grc' dir='ltr'><strong><em>σθήσεται</em></strong></span> <span class='ocrx_word' id='word_1_4' title='bbox 481 374 578 458; x_wconf 73' lang='grc' dir='ltr'><strong><em>ἔτερος</em></strong></span> <span class='ocrx_word' id='word_1_5' title='bbox 596 371 674 456; x_wconf 88' lang='grc' dir='ltr'><strong><em>πρός</em></strong></span> <span class='ocrx_word' id='word_1_6' title='bbox 690 369 794 439; x_wconf 74' lang='grc' dir='ltr'><strong><em>αὐτόν·</em></strong></span> <span class='ocrx_word' id='word_1_7' title='bbox 816 358 914 458; x_wconf 71' lang='grc' dir='ltr'><strong><em>ἐξεῦρε</em></strong></span> <span class='ocrx_word' id='word_1_8' title='bbox 931 379 1030 438; x_wconf 79' lang='grc' dir='ltr'><strong><em>πᾶσαν</em></strong></span> <span class='ocrx_word' id='word_1_9' title='bbox 1047 369 1120 438; x_wconf 87' lang='grc' dir='ltr'><strong><em>όδόν</em></strong></span> <span class='ocrx_word' id='word_1_10' title='bbox 1133 371 1312 456; x_wconf 79' lang='grc' dir='ltr'><strong><em>έποστόμης,</em></strong></span> <span class='ocrx_word' id='word_1_11' title='bbox 1336 373 1388 438; x_wconf 87' lang='grc' dir='ltr'><strong><em>καλ</em></strong></span> <span class='ocrx_word' id='word_1_12' title='bbox 1404 371 1474 438; x_wconf 81' lang='grc' dir='ltr'><strong><em>ἰδα-</em></strong></span> 
     </span>
     <span class='ocr_line' id='line_1_3' title="bbox 317 471 1474 564; baseline -0.003 -21"><span class='ocrx_word' id='word_1_13' title='bbox 317 502 368 544; x_wconf 89' lang='grc' dir='ltr'><strong><em>κεν</em></strong></span> <span class='ocrx_word' id='word_1_14' title='bbox 383 471 479 559; x_wconf 74' lang='grc' dir='ltr'><strong><em>αὐτὴν</em></strong></span> <span class='ocrx_word' id='word_1_15' title='bbox 494 473 606 558; x_wconf 74' lang='grc' dir='ltr'><strong><em>Ἰακοδβ</em></strong></span> <span class='ocrx_word' id='word_1_16' title='bbox 621 483 661 564; x_wconf 76' lang='grc' dir='ltr'><strong><em>τῷ</em></strong></span> <span class='ocrx_word' id='word_1_17' title='bbox 677 477 762 540; x_wconf 85' lang='grc' dir='ltr'><strong><em>παιδί</em></strong></span> <span class='ocrx_word' id='word_1_18' title='bbox 778 472 888 554; x_wconf 74' lang='grc' dir='ltr'><strong><em>αὐτοῦ,</em></strong></span> <span class='ocrx_word' id='word_1_19' title='bbox 911 477 962 540; x_wconf 81' lang='grc' dir='ltr'><strong><em>καὶ</em></strong></span> <span class='ocrx_word' id='word_1_20' title='bbox 977 472 1097 560; x_wconf 74' lang='grc' dir='ltr'><strong><em>Ἰσραὴλ</em></strong></span> <span class='ocrx_word' id='word_1_21' title='bbox 1113 482 1154 563; x_wconf 73' lang='grc' dir='ltr'><strong><em>τῷ</em></strong></span> <span class='ocrx_word' id='word_1_22' title='bbox 1171 473 1350 564; x_wconf 73' lang='grc' dir='ltr'><strong><em>ἠγαπημένῳ</em></strong></span> <span class='ocrx_word' id='word_1_23' title='bbox 1368 473 1474 540; x_wconf 84' lang='grc' dir='ltr'><strong><em>αότοῦ·</em></strong></span> 
     </span>
     <span class='ocr_line' id='line_1_4' title="bbox 318 575 1474 664; baseline -0.003 -21"><span class='ocrx_word' id='word_1_24' title='bbox 318 575 389 662; x_wconf 85' lang='grc' dir='ltr'><strong><em>μετά</em></strong></span> <span class='ocrx_word' id='word_1_25' title='bbox 413 583 504 643; x_wconf 80' lang='grc' dir='ltr'><strong><em>ταῦτα</em></strong></span> <span class='ocrx_word' id='word_1_26' title='bbox 524 580 573 643; x_wconf 79' lang='grc' dir='ltr'><strong><em>έπλ</em></strong></span> <span class='ocrx_word' id='word_1_27' title='bbox 595 585 649 660; x_wconf 80' lang='grc' dir='ltr'><strong><em>τῆς</em></strong></span> <span class='ocrx_word' id='word_1_28' title='bbox 671 585 726 664; x_wconf 77' lang='grc' dir='ltr'><strong><em>γῆς</em></strong></span> <span class='ocrx_word' id='word_1_29' title='bbox 748 575 858 659; x_wconf 81' lang='grc' dir='ltr'><strong><em>όφθη,</em></strong></span> <span class='ocrx_word' id='word_1_30' title='bbox 891 579 939 644; x_wconf 87' lang='grc' dir='ltr'><strong><em>καλ</em></strong></span> <span class='ocrx_word' id='word_1_31' title='bbox 962 587 1025 655; x_wconf 83' lang='grc' dir='ltr'><strong><em>τοῖς</em></strong></span> <span class='ocrx_word' id='word_1_32' title='bbox 1044 575 1222 664; x_wconf 84' lang='grc' dir='ltr'><strong><em>άνθρόποις</em></strong></span> <span class='ocrx_word' id='word_1_33' title='bbox 1241 575 1474 663; x_wconf 88' lang='grc' dir='ltr'><strong><em>σννανεστράφη.</em></strong></span> 
     </span>
     <span class='ocr_line' id='line_1_5' title="bbox 318 677 1475 772; baseline -0.003 -24"><span class='ocrx_word' id='word_1_34' title='bbox 318 679 422 772; x_wconf 77' lang='grc' dir='ltr'><strong><em>Ὁρᾷς,</em></strong></span> <span class='ocrx_word' id='word_1_35' title='bbox 445 684 561 762; x_wconf 61' lang='grc' dir='ltr'><strong><em>’φασλ,</em></strong></span> <span class='ocrx_word' id='word_1_36' title='bbox 583 679 673 746; x_wconf 89' lang='grc' dir='ltr'><strong><em>πάλιν</em></strong></span> <span class='ocrx_word' id='word_1_37' title='bbox 690 677 793 762; x_wconf 55' lang='lat' dir='ltr'><strong><em>affini</em></strong></span> <span class='ocrx_word' id='word_1_38' title='bbox 814 678 999 765; x_wconf 82' lang='grc' dir='ltr'><strong><em>θεία,γραφή</em></strong></span> <span class='ocrx_word' id='word_1_39' title='bbox 1017 678 1098 764; x_wconf 74' lang='grc' dir='ltr'><strong><em>ἡμᾶς</em></strong></span> <span class='ocrx_word' id='word_1_40' title='bbox 1119 686 1270 760; x_wconf 79' lang='grc' dir='ltr'><strong><em>σννετίζει,</em></strong></span> <span class='ocrx_word' id='word_1_41' title='bbox 1292 687 1347 746; x_wconf 78' lang='grc' dir='ltr'><strong><em>τοῦ</em></strong></span> <span class='ocrx_word' id='word_1_42' title='bbox 1363 679 1406 763; x_wconf 77' lang='grc' dir='ltr'><strong><em>μὴ</em></strong></span> <span class='ocrx_word' id='word_1_43' title='bbox 1427 677 1475 744; x_wconf 71' lang='grc' dir='ltr'><strong><em>όλ·</em></strong></span> 
     </span>
     <span class='ocr_line' id='line_1_6' title="bbox 319 779 1477 867; baseline -0.003 -15"><span class='ocrx_word' id='word_1_44' title='bbox 319 794 371 852; x_wconf 92' lang='grc' dir='ltr'><strong><em>λον</em></strong></span> <span class='ocrx_word' id='word_1_45' title='bbox 394 785 444 850; x_wconf 82' lang='grc' dir='ltr'><strong><em>καλ</em></strong></span> <span class='ocrx_word' id='word_1_46' title='bbox 469 781 557 848; x_wconf 72' lang='grc' dir='ltr'><strong><em>ἄλλον</em></strong></span> <span class='ocrx_word' id='word_1_47' title='bbox 579 781 654 849; x_wconf 87' lang='grc' dir='ltr'><strong><em>θεόν</em></strong></span> <span class='ocrx_word' id='word_1_48' title='bbox 670 779 827 867; x_wconf 72' lang='grc' dir='ltr'><strong><em>ἡγεῖσθαι,</em></strong></span> <span class='ocrx_word' id='word_1_49' title='bbox 849 781 1007 863; x_wconf 73' lang='grc' dir='ltr'><strong><em>φάσκουσα</em></strong></span> <span class='ocrx_word' id='word_1_50' title='bbox 1030 782 1076 849; x_wconf 85' lang='grc' dir='ltr'><strong><em>ότι</em></strong></span> <span class='ocrx_word' id='word_1_51' title='bbox 1096 779 1189 860; x_wconf 86' lang='grc' dir='ltr'><strong><em>αότός</em></strong></span> <span class='ocrx_word' id='word_1_52' title='bbox 1207 781 1280 859; x_wconf 89' lang='grc' dir='ltr'><strong><em>θεός</em></strong></span> <span class='ocrx_word' id='word_1_53' title='bbox 1303 785 1363 850; x_wconf 86' lang='grc' dir='ltr'><strong><em>έστι</em></strong></span> <span class='ocrx_word' id='word_1_54' title='bbox 1385 781 1477 866; x_wconf 91' lang='grc' dir='ltr'><strong><em>μόνος</em></strong></span> 
     </span>
     <span class='ocr_line' id='line_1_7' title="bbox 320 882 1475 975; baseline -0.003 -22"><span class='ocrx_word' id='word_1_55' title='bbox 320 886 434 966; x_wconf 78' lang='grc' dir='ltr'><strong><em>έλθοδν,</em></strong></span> <span class='ocrx_word' id='word_1_56' title='bbox 461 888 513 952; x_wconf 80' lang='grc' dir='ltr'><strong><em>καὶ</em></strong></span> <span class='ocrx_word' id='word_1_57' title='bbox 533 883 624 962; x_wconf 83' lang='grc' dir='ltr'><strong><em>αάιός</em></strong></span> <span class='ocrx_word' id='word_1_58' title='bbox 645 883 735 951; x_wconf 87' lang='grc' dir='ltr'><strong><em>πόλιν</em></strong></span> <span class='ocrx_word' id='word_1_59' title='bbox 756 884 882 973; x_wconf 70' lang='grc' dir='ltr'><strong><em>ὕστερον</em></strong></span> <span class='ocrx_word' id='word_1_60' title='bbox 903 882 1027 966; x_wconf 75' lang='grc' dir='ltr'><strong><em>όφθείςς</em></strong></span> <span class='ocrx_word' id='word_1_61' title='bbox 1060 883 1157 951; x_wconf 88' lang='grc' dir='ltr'><strong><em>Πάλιν</em></strong></span> <span class='ocrx_word' id='word_1_62' title='bbox 1179 883 1306 975; x_wconf 78' lang='grc' dir='ltr'><strong><em>δέάλλμ</em></strong></span> <span class='ocrx_word' id='word_1_63' title='bbox 1328 889 1409 974; x_wconf 69' lang='grc' dir='ltr'><strong><em>ῥητῷ</em></strong></span> <span class='ocrx_word' id='word_1_64' title='bbox 1429 887 1475 951; x_wconf 84' lang='grc' dir='ltr'><strong><em>κέ·</em></strong></span> 
     </span>
     <span class='ocr_line' id='line_1_8' title="bbox 318 985 1477 1078; baseline -0.001 -24"><span class='ocrx_word' id='word_1_65' title='bbox 318 1015 440 1075; x_wconf 79' lang='grc' dir='ltr'><strong><em>χρηνται</em></strong></span> <span class='ocrx_word' id='word_1_66' title='bbox 454 986 561 1078; x_wconf 86' lang='grc' dir='ltr'><strong><em>τοότρο,</em></strong></span> <span class='ocrx_word' id='word_1_67' title='bbox 581 985 623 1063; x_wconf 85' lang='grc' dir='ltr'><strong><em>τός</em></strong></span> <span class='ocrx_word' id='word_1_68' title='bbox 636 989 722 1073; x_wconf 93' lang='grc' dir='ltr'><strong><em>λέγει,</em></strong></span> <span class='ocrx_word' id='word_1_69' title='bbox 742 985 916 1053; x_wconf 80' lang='grc' dir='ltr'><strong><em>Ἐκοπίασεν</em></strong></span> <span class='ocrx_word' id='word_1_70' title='bbox 928 992 1082 1074; x_wconf 76' lang='grc' dir='ltr'><strong><em>Αἴγυπτος</em></strong></span> <span class='ocrx_word' id='word_1_71' title='bbox 1096 991 1147 1054; x_wconf 85' lang='grc' dir='ltr'><strong><em>καλ</em></strong></span> <span class='ocrx_word' id='word_1_72' title='bbox 1162 986 1291 1073; x_wconf 90' lang='grc' dir='ltr'><strong><em>έμπόρια</em></strong></span> <span class='ocrx_word' id='word_1_73' title='bbox 1302 986 1477 1068; x_wconf 83' lang='grc' dir='ltr'><strong><em>Αἰθιόπων,</em></strong></span> 
     </span>
     <span class='ocr_line' id='line_1_9' title="bbox 320 1087 1479 1176; baseline -0.003 -16"><span class='ocrx_word' id='word_1_74' title='bbox 320 1095 371 1160; x_wconf 82' lang='grc' dir='ltr'><strong><em>καλ</em></strong></span> <span class='ocrx_word' id='word_1_75' title='bbox 391 1095 423 1159; x_wconf 82' lang='grc' dir='ltr'><strong><em>οἰ</em></strong></span> <span class='ocrx_word' id='word_1_76' title='bbox 442 1093 579 1174; x_wconf 81' lang='grc' dir='ltr'><strong><em>Σαβαελμ</em></strong></span> <span class='ocrx_word' id='word_1_77' title='bbox 603 1088 709 1176; x_wconf 74' lang='grc' dir='ltr'><strong><em>ἄνδρες</em></strong></span> <span class='ocrx_word' id='word_1_78' title='bbox 731 1087 844 1172; x_wconf 81' lang='grc' dir='ltr'><strong><em>όψηλολ</em></strong></span> <span class='ocrx_word' id='word_1_79' title='bbox 866 1092 917 1156; x_wconf 86' lang='grc' dir='ltr'><strong><em>έπί</em></strong></span> <span class='ocrx_word' id='word_1_80' title='bbox 940 1091 972 1155; x_wconf 82' lang='grc' dir='ltr'><strong><em>σέ</em></strong></span> <span class='ocrx_word' id='word_1_81' title='bbox 991 1089 1199 1174; x_wconf 78' lang='grc' dir='ltr'><strong><em>διαβήσονται,</em></strong></span> <span class='ocrx_word' id='word_1_82' title='bbox 1230 1093 1282 1156; x_wconf 83' lang='grc' dir='ltr'><strong><em>καλ</em></strong></span> <span class='ocrx_word' id='word_1_83' title='bbox 1303 1093 1351 1156; x_wconf 89' lang='grc' dir='ltr'><strong><em>σοί</em></strong></span> <span class='ocrx_word' id='word_1_84' title='bbox 1373 1095 1479 1157; x_wconf 80' lang='grc' dir='ltr'><strong><em>δοῦλοι</em></strong></span> 
     </span>
     <span class='ocr_line' id='line_1_10' title="bbox 319 1190 1478 1280; baseline -0.003 -19"><span class='ocrx_word' id='word_1_85' title='bbox 319 1197 451 1273; x_wconf 78' lang='grc' dir='ltr'><strong><em>ἔσονται,</em></strong></span> <span class='ocrx_word' id='word_1_86' title='bbox 473 1195 523 1259; x_wconf 86' lang='grc' dir='ltr'><strong><em>καλ</em></strong></span> <span class='ocrx_word' id='word_1_87' title='bbox 539 1190 736 1280; x_wconf 76' lang='grc' dir='ltr'><strong><em>πορεύσονται</em></strong></span> <span class='ocrx_word' id='word_1_88' title='bbox 752 1190 847 1258; x_wconf 87' lang='grc' dir='ltr'><strong><em>όπίσα</em></strong></span> <span class='ocrx_word' id='word_1_89' title='bbox 862 1214 918 1259; x_wconf 94' lang='grc' dir='ltr'><strong><em>σου</em></strong></span> <span class='ocrx_word' id='word_1_90' title='bbox 934 1194 1085 1277; x_wconf 88' lang='grc' dir='ltr'><strong><em>δεδεμένοι</em></strong></span> <span class='ocrx_word' id='word_1_91' title='bbox 1101 1195 1291 1278; x_wconf 81' lang='grc' dir='ltr'><strong><em>χειροπέδαις,</em></strong></span> <span class='ocrx_word' id='word_1_92' title='bbox 1313 1195 1362 1259; x_wconf 81' lang='grc' dir='ltr'><strong><em>καλ</em></strong></span> <span class='ocrx_word' id='word_1_93' title='bbox 1380 1195 1415 1259; x_wconf 85' lang='grc' dir='ltr'><strong><em>έν</em></strong></span> <span class='ocrx_word' id='word_1_94' title='bbox 1431 1195 1478 1260; x_wconf 83' lang='grc' dir='ltr'><strong><em>σολ</em></strong></span> 
     </span>
     <span class='ocr_line' id='line_1_11' title="bbox 319 1294 1480 1382; baseline -0.003 -18"><span class='ocrx_word' id='word_1_95' title='bbox 319 1295 574 1382; x_wconf 75' lang='grc' dir='ltr'><strong><em>προςκυνήσουσι,</em></strong></span> <span class='ocrx_word' id='word_1_96' title='bbox 601 1297 653 1362; x_wconf 84' lang='grc' dir='ltr'><strong><em>καί</em></strong></span> <span class='ocrx_word' id='word_1_97' title='bbox 676 1298 708 1361; x_wconf 86' lang='grc' dir='ltr'><strong><em>ἰν</em></strong></span> <span class='ocrx_word' id='word_1_98' title='bbox 725 1297 773 1362; x_wconf 82' lang='grc' dir='ltr'><strong><em>σολ</em></strong></span> <span class='ocrx_word' id='word_1_99' title='bbox 795 1294 1020 1380; x_wconf 84' lang='grc' dir='ltr'><strong><em>προςεόξονται,</em></strong></span> <span class='ocrx_word' id='word_1_100' title='bbox 1049 1294 1094 1360; x_wconf 84' lang='grc' dir='ltr'><strong><em>ότι</em></strong></span> <span class='ocrx_word' id='word_1_101' title='bbox 1111 1298 1143 1361; x_wconf 89' lang='grc' dir='ltr'><strong><em>έν</em></strong></span> <span class='ocrx_word' id='word_1_102' title='bbox 1166 1298 1213 1362; x_wconf 83' lang='grc' dir='ltr'><strong><em>σοί</em></strong></span> <span class='ocrx_word' id='word_1_103' title='bbox 1231 1297 1305 1372; x_wconf 88' lang='grc' dir='ltr'><strong><em>θεός</em></strong></span> <span class='ocrx_word' id='word_1_104' title='bbox 1322 1298 1399 1373; x_wconf 83' lang='grc' dir='ltr'><strong><em>ἰστι,</em></strong></span> <span class='ocrx_word' id='word_1_105' title='bbox 1427 1297 1480 1360; x_wconf 87' lang='grc' dir='ltr'><strong><em>καλ</em></strong></span> 
     </span>
     <span class='ocr_line' id='line_1_12' title="bbox 321 1393 1479 1490; baseline -0.006 -21"><span class='ocrx_word' id='word_1_106' title='bbox 321 1399 376 1469; x_wconf 85' lang='grc' dir='ltr'><strong><em>οόκ</em></strong></span> <span class='ocrx_word' id='word_1_107' title='bbox 390 1403 448 1467; x_wconf 74' lang='grc' dir='ltr'><strong><em>ἔστι</em></strong></span> <span class='ocrx_word' id='word_1_108' title='bbox 466 1396 542 1475; x_wconf 88' lang='grc' dir='ltr'><strong><em>θεός</em></strong></span> <span class='ocrx_word' id='word_1_109' title='bbox 557 1397 633 1481; x_wconf 75' lang='grc' dir='ltr'><strong><em>πλὴν</em></strong></span> <span class='ocrx_word' id='word_1_110' title='bbox 650 1405 720 1463; x_wconf 83' lang='grc' dir='ltr'><strong><em>σοῦ·</em></strong></span> <span class='ocrx_word' id='word_1_111' title='bbox 742 1395 779 1462; x_wconf 84' lang='grc' dir='ltr'><strong><em>σό</em></strong></span> <span class='ocrx_word' id='word_1_112' title='bbox 795 1395 850 1483; x_wconf 86' lang='grc' dir='ltr'><strong><em>γάρ</em></strong></span> <span class='ocrx_word' id='word_1_113' title='bbox 866 1393 895 1462; x_wconf 84' lang='grc' dir='ltr'><strong><em>εἰ</em></strong></span> <span class='ocrx_word' id='word_1_114' title='bbox 907 1395 991 1475; x_wconf 85' lang='grc' dir='ltr'><strong><em>θεός,</em></strong></span> <span class='ocrx_word' id='word_1_115' title='bbox 1012 1399 1064 1463; x_wconf 82' lang='grc' dir='ltr'><strong><em>καλ</em></strong></span> <span class='ocrx_word' id='word_1_116' title='bbox 1080 1395 1137 1464; x_wconf 88' lang='grc' dir='ltr'><strong><em>οόκ</em></strong></span> <span class='ocrx_word' id='word_1_117' title='bbox 1153 1395 1280 1490; x_wconf 74' lang='grc' dir='ltr'><strong><em>ᾔδειμεν,</em></strong></span> <span class='ocrx_word' id='word_1_118' title='bbox 1303 1395 1410 1474; x_wconf 89' lang='grc' dir='ltr'><strong><em>όθεός</em></strong></span> <span class='ocrx_word' id='word_1_119' title='bbox 1426 1405 1479 1463; x_wconf 83' lang='grc' dir='ltr'><strong><em>τοῦ</em></strong></span> 
     </span>
     <span class='ocr_line' id='line_1_13' title="bbox 319 1498 1478 1589; baseline -0.003 -20"><span class='ocrx_word' id='word_1_120' title='bbox 319 1501 440 1589; x_wconf 74' lang='grc' dir='ltr'><strong><em>Ἰσραήλ</em></strong></span> <span class='ocrx_word' id='word_1_121' title='bbox 456 1499 561 1586; x_wconf 84' lang='grc' dir='ltr'><strong><em>σωτήρ.</em></strong></span> <span class='ocrx_word' id='word_1_122' title='bbox 597 1499 710 1589; x_wconf 74' lang='grc' dir='ltr'><strong><em>Ὅρᾷς,</em></strong></span> <span class='ocrx_word' id='word_1_123' title='bbox 733 1501 824 1584; x_wconf 82' lang='grc' dir='ltr'><strong><em>φησί,</em></strong></span> <span class='ocrx_word' id='word_1_124' title='bbox 847 1507 913 1576; x_wconf 79' lang='grc' dir='ltr'><strong><em>πῶς</em></strong></span> <span class='ocrx_word' id='word_1_125' title='bbox 928 1503 961 1564; x_wconf 80' lang='grc' dir='ltr'><strong><em>αἱ</em></strong></span> <span class='ocrx_word' id='word_1_126' title='bbox 977 1509 1059 1566; x_wconf 87' lang='grc' dir='ltr'><strong><em>θεῖαι</em></strong></span> <span class='ocrx_word' id='word_1_127' title='bbox 1076 1504 1188 1587; x_wconf 79' lang='grc' dir='ltr'><strong><em>γραφαὶ</em></strong></span> <span class='ocrx_word' id='word_1_128' title='bbox 1208 1503 1260 1568; x_wconf 80' lang='grc' dir='ltr'><strong><em>ένα</em></strong></span> <span class='ocrx_word' id='word_1_129' title='bbox 1280 1498 1356 1566; x_wconf 87' lang='grc' dir='ltr'><strong><em>θεόν</em></strong></span> <span class='ocrx_word' id='word_1_130' title='bbox 1373 1507 1478 1584; x_wconf 85' lang='grc' dir='ltr'><strong><em>σημαί</em></strong></span> 
     </span>
     <span class='ocr_line' id='line_1_14' title="bbox 322 1599 1480 1690; baseline -0.004 -17"><span class='ocrx_word' id='word_1_131' title='bbox 322 1625 407 1673; x_wconf 89' lang='grc' dir='ltr'><strong><em>νουσι</em></strong></span> <span class='ocrx_word' id='word_1_132' title='bbox 420 1607 472 1670; x_wconf 85' lang='grc' dir='ltr'><strong><em>καλ</em></strong></span> <span class='ocrx_word' id='word_1_133' title='bbox 487 1605 730 1689; x_wconf 70' lang='grc' dir='ltr'><strong><em>καταγγέλλουσιν</em></strong></span> <span class='ocrx_word' id='word_1_134' title='bbox 751 1600 843 1669; x_wconf 87' lang='grc' dir='ltr'><strong><em>αότόν</em></strong></span> <span class='ocrx_word' id='word_1_135' title='bbox 859 1605 991 1685; x_wconf 76' lang='grc' dir='ltr'><strong><em>έμφανῆς</em></strong></span> <span class='ocrx_word' id='word_1_136' title='bbox 1014 1605 1064 1668; x_wconf 83' lang='grc' dir='ltr'><strong><em>καλ</em></strong></span> <span class='ocrx_word' id='word_1_137' title='bbox 1081 1600 1323 1690; x_wconf 80' lang='grc' dir='ltr'><strong><em>ὁμολογουμένως</em></strong></span> <span class='ocrx_word' id='word_1_138' title='bbox 1340 1599 1383 1680; x_wconf 86' lang='grc' dir='ltr'><strong><em>εἰς</em></strong></span> <span class='ocrx_word' id='word_1_139' title='bbox 1399 1606 1480 1669; x_wconf 85' lang='grc' dir='ltr'><strong><em>ἰστιν</em></strong></span> 
     </span>
     <span class='ocr_line' id='line_1_15' title="bbox 322 1699 1480 1794; baseline -0.004 -19"><span class='ocrx_word' id='word_1_140' title='bbox 322 1705 460 1786; x_wconf 86' lang='grc' dir='ltr'><strong><em>όαότός,</em></strong></span> <span class='ocrx_word' id='word_1_141' title='bbox 483 1704 528 1772; x_wconf 86' lang='grc' dir='ltr'><strong><em>άελ</em></strong></span> <span class='ocrx_word' id='word_1_142' title='bbox 546 1704 596 1771; x_wconf 77' lang='grc' dir='ltr'><strong><em>όν.</em></strong></span> <span class='ocrx_word' id='word_1_143' title='bbox 641 1707 703 1770; x_wconf 77' lang='grc' dir='ltr'><strong><em>Καὶ</em></strong></span> <span class='ocrx_word' id='word_1_144' title='bbox 720 1703 828 1771; x_wconf 86' lang='grc' dir='ltr'><strong><em>τοότου</em></strong></span> <span class='ocrx_word' id='word_1_145' title='bbox 850 1699 934 1771; x_wconf 74' lang='grc' dir='ltr'><strong><em>ἕνεκα</em></strong></span> <span class='ocrx_word' id='word_1_146' title='bbox 951 1703 988 1771; x_wconf 88' lang='grc' dir='ltr'><strong><em>οό</em></strong></span> <span class='ocrx_word' id='word_1_147' title='bbox 1007 1705 1136 1783; x_wconf 82' lang='grc' dir='ltr'><strong><em>πολλοός</em></strong></span> <span class='ocrx_word' id='word_1_148' title='bbox 1150 1705 1245 1783; x_wconf 81' lang='grc' dir='ltr'><strong><em>θεοός</em></strong></span> <span class='ocrx_word' id='word_1_149' title='bbox 1264 1709 1399 1794; x_wconf 84' lang='grc' dir='ltr'><strong><em>λέγομεν,</em></strong></span> <span class='ocrx_word' id='word_1_150' title='bbox 1421 1701 1480 1771; x_wconf 81' lang='grc' dir='ltr'><strong><em>άλλ’</em></strong></span> 
     </span>
     <span class='ocr_line' id='line_1_16' title="bbox 322 1805 1481 1894; baseline -0.005 -16"><span class='ocrx_word' id='word_1_151' title='bbox 322 1814 374 1878; x_wconf 79' lang='grc' dir='ltr'><strong><em>ένα</em></strong></span> <span class='ocrx_word' id='word_1_152' title='bbox 389 1808 465 1876; x_wconf 88' lang='grc' dir='ltr'><strong><em>θεόν</em></strong></span> <span class='ocrx_word' id='word_1_153' title='bbox 481 1807 534 1876; x_wconf 88' lang='grc' dir='ltr'><strong><em>τόν</em></strong></span> <span class='ocrx_word' id='word_1_154' title='bbox 549 1806 639 1874; x_wconf 87' lang='grc' dir='ltr'><strong><em>αότδν</em></strong></span> <span class='ocrx_word' id='word_1_155' title='bbox 652 1805 776 1892; x_wconf 87' lang='grc' dir='ltr'><strong><em>άπαθῆ,</em></strong></span> <span class='ocrx_word' id='word_1_156' title='bbox 799 1805 890 1874; x_wconf 79' lang='grc' dir='ltr'><strong><em>αὐτόν</em></strong></span> <span class='ocrx_word' id='word_1_157' title='bbox 905 1810 1018 1894; x_wconf 88' lang='grc' dir='ltr'><strong><em>πατέρα</em></strong></span> <span class='ocrx_word' id='word_1_158' title='bbox 1031 1816 1086 1874; x_wconf 83' lang='grc' dir='ltr'><strong><em>τοῦ</em></strong></span> <span class='ocrx_word' id='word_1_159' title='bbox 1103 1813 1190 1891; x_wconf 75' lang='grc' dir='ltr'><strong><em>υἱοῦ,</em></strong></span> <span class='ocrx_word' id='word_1_160' title='bbox 1213 1805 1304 1876; x_wconf 87' lang='grc' dir='ltr'><strong><em>αότόν</em></strong></span> <span class='ocrx_word' id='word_1_161' title='bbox 1320 1808 1405 1889; x_wconf 84' lang='grc' dir='ltr'><strong><em>νίόν,</em></strong></span> <span class='ocrx_word' id='word_1_162' title='bbox 1428 1810 1481 1874; x_wconf 88' lang='grc' dir='ltr'><strong><em>καλ</em></strong></span> 
     </span>
     <span class='ocr_line' id='line_1_17' title="bbox 322 1908 1481 2000; baseline -0.003 -20"><span class='ocrx_word' id='word_1_163' title='bbox 322 1912 509 1992; x_wconf 81' lang='grc' dir='ltr'><strong><em>πεπονθότα,</em></strong></span> <span class='ocrx_word' id='word_1_164' title='bbox 532 1915 583 1977; x_wconf 74' lang='grc' dir='ltr'><strong><em>ἰ’να</em></strong></span> <span class='ocrx_word' id='word_1_165' title='bbox 598 1909 679 2000; x_wconf 82' lang='grc' dir='ltr'><strong><em>σοι’ση</em></strong></span> <span class='ocrx_word' id='word_1_166' title='bbox 697 1908 774 1994; x_wconf 73' lang='grc' dir='ltr'><strong><em>ἡμᾶς</em></strong></span> <span class='ocrx_word' id='word_1_167' title='bbox 787 1913 819 1976; x_wconf 83' lang='grc' dir='ltr'><strong><em>έν</em></strong></span> <span class='ocrx_word' id='word_1_168' title='bbox 834 1917 875 2000; x_wconf 76' lang='grc' dir='ltr'><strong><em>τῷ</em></strong></span> <span class='ocrx_word' id='word_1_169' title='bbox 891 1913 955 1998; x_wconf 84' lang='grc' dir='ltr'><strong><em>ἰδίρν</em></strong></span> <span class='ocrx_word' id='word_1_170' title='bbox 972 1910 1077 1990; x_wconf 86' lang='grc' dir='ltr'><strong><em>πάθει,</em></strong></span> <span class='ocrx_word' id='word_1_171' title='bbox 1099 1913 1149 1976; x_wconf 84' lang='grc' dir='ltr'><strong><em>καλ</em></strong></span> <span class='ocrx_word' id='word_1_172' title='bbox 1166 1910 1203 1978; x_wconf 86' lang='grc' dir='ltr'><strong><em>οό</em></strong></span> <span class='ocrx_word' id='word_1_173' title='bbox 1214 1912 1376 1996; x_wconf 81' lang='grc' dir='ltr'><strong><em>’δυνάμεθα</em></strong></span> <span class='ocrx_word' id='word_1_174' title='bbox 1392 1910 1481 1976; x_wconf 75' lang='grc' dir='ltr'><strong><em>ἄλλον</em></strong></span> 
     </span>
     <span class='ocr_line' id='line_1_18' title="bbox 322 2011 1481 2104; baseline -0.003 -20"><span class='ocrx_word' id='word_1_175' title='bbox 322 2019 428 2104; x_wconf 83' lang='grc' dir='ltr'><strong><em>λέγειν·</em></strong></span> <span class='ocrx_word' id='word_1_176' title='bbox 450 2018 546 2098; x_wconf 82' lang='grc' dir='ltr'><strong><em>δῆθεν</em></strong></span> <span class='ocrx_word' id='word_1_177' title='bbox 564 2011 623 2080; x_wconf 86' lang='grc' dir='ltr'><strong><em>άπό</em></strong></span> <span class='ocrx_word' id='word_1_178' title='bbox 639 2021 693 2079; x_wconf 83' lang='grc' dir='ltr'><strong><em>τοῦ</em></strong></span> <span class='ocrx_word' id='word_1_179' title='bbox 708 2012 866 2080; x_wconf 76' lang='grc' dir='ltr'><strong><em>ἐπιστάτου</em></strong></span> <span class='ocrx_word' id='word_1_180' title='bbox 880 2011 980 2079; x_wconf 75' lang='grc' dir='ltr'><strong><em>αὐτῶν</em></strong></span> <span class='ocrx_word' id='word_1_181' title='bbox 995 2013 1202 2097; x_wconf 78' lang='grc' dir='ltr'><strong><em>μεμαθηκότες</em></strong></span> <span class='ocrx_word' id='word_1_182' title='bbox 1216 2013 1323 2098; x_wconf 82' lang='grc' dir='ltr'><strong><em>ταότην</em></strong></span> <span class='ocrx_word' id='word_1_183' title='bbox 1336 2012 1390 2098; x_wconf 76' lang='grc' dir='ltr'><strong><em>τὴν</em></strong></span> <span class='ocrx_word' id='word_1_184' title='bbox 1409 2011 1481 2096; x_wconf 86' lang='grc' dir='ltr'><strong><em>δμο-</em></strong></span> 
     </span>
     <span class='ocr_line' id='line_1_19' title="bbox 322 2113 1475 2204; baseline -0.004 -18"><span class='ocrx_word' id='word_1_185' title='bbox 322 2123 424 2204; x_wconf 85' lang='grc' dir='ltr'><strong><em>λογίαν</em></strong></span> <span class='ocrx_word' id='word_1_186' title='bbox 449 2120 500 2183; x_wconf 81' lang='grc' dir='ltr'><strong><em>καὶ</em></strong></span> <span class='ocrx_word' id='word_1_187' title='bbox 525 2115 580 2200; x_wconf 78' lang='grc' dir='ltr'><strong><em>τὴν</em></strong></span> <span class='ocrx_word' id='word_1_188' title='bbox 603 2114 740 2202; x_wconf 81' lang='grc' dir='ltr'><strong><em>πονηράν</em></strong></span> <span class='ocrx_word' id='word_1_189' title='bbox 765 2115 875 2199; x_wconf 86' lang='grc' dir='ltr'><strong><em>ταότην</em></strong></span> <span class='ocrx_word' id='word_1_190' title='bbox 903 2113 1052 2182; x_wconf 86' lang='grc' dir='ltr'><strong><em>όπόνοιαυ</em></strong></span> <span class='ocrx_word' id='word_1_191' title='bbox 1076 2120 1127 2182; x_wconf 86' lang='grc' dir='ltr'><strong><em>καί</em></strong></span> <span class='ocrx_word' id='word_1_192' title='bbox 1155 2115 1337 2201; x_wconf 75' lang='grc' dir='ltr'><strong><em>λυμαντικην</em></strong></span> <span class='ocrx_word' id='word_1_193' title='bbox 1363 2122 1475 2200; x_wconf 85' lang='grc' dir='ltr'><strong><em>μανίαν</em></strong></span> 
     </span>
     <span class='ocr_line' id='line_1_20' title="bbox 324 2217 1482 2304; baseline -0.002 -18"><span class='ocrx_word' id='word_1_194' title='bbox 324 2218 402 2287; x_wconf 78' lang='grc' dir='ltr'><strong><em>Εἶτα</em></strong></span> <span class='ocrx_word' id='word_1_195' title='bbox 421 2219 491 2286; x_wconf 72' lang='grc' dir='ltr'><strong><em>ἄλλα</em></strong></span> <span class='ocrx_word' id='word_1_196' title='bbox 511 2218 587 2304; x_wconf 73' lang='grc' dir='ltr'><strong><em>ῥητά</em></strong></span> <span class='ocrx_word' id='word_1_197' title='bbox 606 2240 699 2300; x_wconf 89' lang='grc' dir='ltr'><strong><em>φασιν</em></strong></span> <span class='ocrx_word' id='word_1_198' title='bbox 719 2221 762 2296; x_wconf 87' lang='grc' dir='ltr'><strong><em>εἰς</em></strong></span> <span class='ocrx_word' id='word_1_199' title='bbox 782 2221 923 2286; x_wconf 86' lang='grc' dir='ltr'><strong><em>σόστασιν</em></strong></span> <span class='ocrx_word' id='word_1_200' title='bbox 938 2221 1067 2300; x_wconf 76' lang='grc' dir='ltr'><strong><em>ἑαυτῶν,</em></strong></span> <span class='ocrx_word' id='word_1_201' title='bbox 1090 2217 1132 2296; x_wconf 80' lang='grc' dir='ltr'><strong><em>ός</em></strong></span> <span class='ocrx_word' id='word_1_202' title='bbox 1148 2218 1166 2286; x_wconf 88' lang='grc' dir='ltr'><strong><em>ό</em></strong></span> <span class='ocrx_word' id='word_1_203' title='bbox 1183 2217 1282 2287; x_wconf 79' lang='grc' dir='ltr'><strong><em>αότιδν</em></strong></span> <span class='ocrx_word' id='word_1_204' title='bbox 1303 2217 1482 2295; x_wconf 83' lang='grc' dir='ltr'><strong><em>διδάσκαλος</em></strong></span> 
     </span>
     <span class='ocr_line' id='line_1_21' title="bbox 323 2315 1482 2411; baseline -0.004 -20"><span class='ocrx_word' id='word_1_205' title='bbox 323 2327 433 2411; x_wconf 82' lang='grc' dir='ltr'><strong><em>ἰλεγεν,</em></strong></span> <span class='ocrx_word' id='word_1_206' title='bbox 456 2323 501 2390; x_wconf 84' lang='grc' dir='ltr'><strong><em>ότι</em></strong></span> <span class='ocrx_word' id='word_1_207' title='bbox 516 2319 600 2388; x_wconf 84' lang='grc' dir='ltr'><strong><em>καλό</em></strong></span> <span class='ocrx_word' id='word_1_208' title='bbox 618 2318 782 2398; x_wconf 88' lang='grc' dir='ltr'><strong><em>άπόστολος</em></strong></span> <span class='ocrx_word' id='word_1_209' title='bbox 796 2321 914 2397; x_wconf 76' lang='grc' dir='ltr'><strong><em>τούτοις</em></strong></span> <span class='ocrx_word' id='word_1_210' title='bbox 927 2331 1070 2408; x_wconf 82' lang='grc' dir='ltr'><strong><em>μαρτυρεῖ</em></strong></span> <span class='ocrx_word' id='word_1_211' title='bbox 1082 2331 1144 2400; x_wconf 84' lang='grc' dir='ltr'><strong><em>τοῖς</em></strong></span> <span class='ocrx_word' id='word_1_212' title='bbox 1158 2322 1264 2408; x_wconf 89' lang='grc' dir='ltr'><strong><em>λόγοις.</em></strong></span> <span class='ocrx_word' id='word_1_213' title='bbox 1300 2315 1360 2388; x_wconf 77' lang='grc' dir='ltr'><strong><em>Ὧν</em></strong></span> <span class='ocrx_word' id='word_1_214' title='bbox 1377 2325 1410 2388; x_wconf 78' lang='grc' dir='ltr'><strong><em>ολ</em></strong></span> <span class='ocrx_word' id='word_1_215' title='bbox 1426 2349 1482 2388; x_wconf 87' lang='grc' dir='ltr'><strong><em>πα-</em></strong></span> 
     </span>
     <span class='ocr_line' id='line_1_22' title="bbox 323 2417 1483 2514; baseline -0.003 -21"><span class='ocrx_word' id='word_1_216' title='bbox 323 2429 419 2514; x_wconf 88' lang='grc' dir='ltr'><strong><em>τέρες,</em></strong></span> <span class='ocrx_word' id='word_1_217' title='bbox 442 2429 472 2504; x_wconf 85' lang='grc' dir='ltr'><strong><em>έξ</em></strong></span> <span class='ocrx_word' id='word_1_218' title='bbox 488 2417 565 2491; x_wconf 83' lang='grc' dir='ltr'><strong><em>όνό</em></strong></span> <span class='ocrx_word' id='word_1_219' title='bbox 584 2423 712 2510; x_wconf 85' lang='grc' dir='ltr'><strong><em>Χριστός</em></strong></span> <span class='ocrx_word' id='word_1_220' title='bbox 729 2422 763 2490; x_wconf 89' lang='grc' dir='ltr'><strong><em>τό</em></strong></span> <span class='ocrx_word' id='word_1_221' title='bbox 781 2422 858 2489; x_wconf 89' lang='grc' dir='ltr'><strong><em>κατά</em></strong></span> <span class='ocrx_word' id='word_1_222' title='bbox 876 2423 986 2508; x_wconf 88' lang='grc' dir='ltr'><strong><em>σάρκα,</em></strong></span> <span class='ocrx_word' id='word_1_223' title='bbox 1009 2422 1027 2490; x_wconf 90' lang='grc' dir='ltr'><strong><em>ό</em></strong></span> <span class='ocrx_word' id='word_1_224' title='bbox 1043 2424 1086 2491; x_wconf 80' lang='grc' dir='ltr'><strong><em>όν</em></strong></span> <span class='ocrx_word' id='word_1_225' title='bbox 1102 2428 1153 2492; x_wconf 80' lang='grc' dir='ltr'><strong><em>ἐπὶ</em></strong></span> <span class='ocrx_word' id='word_1_226' title='bbox 1167 2423 1287 2491; x_wconf 82' lang='grc' dir='ltr'><strong><em>πάντων</em></strong></span> <span class='ocrx_word' id='word_1_227' title='bbox 1304 2423 1379 2502; x_wconf 85' lang='grc' dir='ltr'><strong><em>θεός</em></strong></span> <span class='ocrx_word' id='word_1_228' title='bbox 1400 2423 1483 2491; x_wconf 83' lang='grc' dir='ltr'><strong><em>εόλο-</em></strong></span> 
     </span>
     <span class='ocr_line' id='line_1_23' title="bbox 323 2524 1483 2617; baseline -0.001 -23"><span class='ocrx_word' id='word_1_229' title='bbox 323 2527 413 2617; x_wconf 86' lang='grc' dir='ltr'><strong><em>γητός</em></strong></span> <span class='ocrx_word' id='word_1_230' title='bbox 438 2532 480 2604; x_wconf 84' lang='grc' dir='ltr'><strong><em>εἰς</em></strong></span> <span class='ocrx_word' id='word_1_231' title='bbox 503 2527 573 2605; x_wconf 85' lang='grc' dir='ltr'><strong><em>τοός</em></strong></span> <span class='ocrx_word' id='word_1_232' title='bbox 596 2530 722 2607; x_wconf 78' lang='grc' dir='ltr'><strong><em>αἰῶνας,</em></strong></span> <span class='ocrx_word' id='word_1_233' title='bbox 745 2524 832 2610; x_wconf 74' lang='grc' dir='ltr'><strong><em>όμήν.</em></strong></span> <span class='ocrx_word' id='word_1_234' title='bbox 877 2525 1039 2594; x_wconf 86' lang='grc' dir='ltr'><strong><em>Βοόλονται</em></strong></span> <span class='ocrx_word' id='word_1_235' title='bbox 1060 2529 1093 2594; x_wconf 79' lang='grc' dir='ltr'><strong><em>δέ</em></strong></span> <span class='ocrx_word' id='word_1_236' title='bbox 1112 2531 1281 2614; x_wconf 89' lang='grc' dir='ltr'><strong><em>διηγεῖσθαι</em></strong></span> <span class='ocrx_word' id='word_1_237' title='bbox 1301 2525 1483 2610; x_wconf 73' lang='grc' dir='ltr'><strong><em>μονοκάλας</em></strong></span> 
     </span>
     <span class='ocr_line' id='line_1_24' title="bbox 324 2627 1483 2715; baseline -0.002 -18"><span class='ocrx_word' id='word_1_238' title='bbox 324 2641 430 2698; x_wconf 87' lang='grc' dir='ltr'><strong><em>τοῦτον</em></strong></span> <span class='ocrx_word' id='word_1_239' title='bbox 444 2629 497 2698; x_wconf 89' lang='grc' dir='ltr'><strong><em>τόν</em></strong></span> <span class='ocrx_word' id='word_1_240' title='bbox 512 2630 638 2713; x_wconf 87' lang='grc' dir='ltr'><strong><em>τρόπον,</em></strong></span> <span class='ocrx_word' id='word_1_241' title='bbox 661 2627 704 2706; x_wconf 83' lang='grc' dir='ltr'><strong><em>τός</em></strong></span> <span class='ocrx_word' id='word_1_242' title='bbox 721 2627 875 2706; x_wconf 81' lang='grc' dir='ltr'><strong><em>Θεόδοτος.</em></strong></span> <span class='ocrx_word' id='word_1_243' title='bbox 916 2627 1049 2708; x_wconf 83' lang='grc' dir='ltr'><strong><em>Ἐκεῖνος</em></strong></span> <span class='ocrx_word' id='word_1_244' title='bbox 1065 2631 1118 2714; x_wconf 83' lang='grc' dir='ltr'><strong><em>μέν</em></strong></span> <span class='ocrx_word' id='word_1_245' title='bbox 1133 2629 1222 2711; x_wconf 81' lang='grc' dir='ltr'><strong><em>φύσει</em></strong></span> <span class='ocrx_word' id='word_1_246' title='bbox 1241 2628 1417 2715; x_wconf 80' lang='grc' dir='ltr'><strong><em>άκροτότως</em></strong></span> <span class='ocrx_word' id='word_1_247' title='bbox 1433 2627 1483 2695; x_wconf 80' lang='grc' dir='ltr'><strong><em>άν-</em></strong></span> 
     </span>
     <span class='ocr_line' id='line_1_25' title="bbox 325 2724 1483 2820; baseline -0.003 -19"><span class='ocrx_word' id='word_1_248' title='bbox 325 2743 456 2820; x_wconf 86' lang='grc' dir='ltr'><strong><em>θραπον</em></strong></span> <span class='ocrx_word' id='word_1_249' title='bbox 472 2731 562 2813; x_wconf 85' lang='grc' dir='ltr'><strong><em>ψιλόν</em></strong></span> <span class='ocrx_word' id='word_1_250' title='bbox 578 2730 805 2816; x_wconf 84' lang='grc' dir='ltr'><strong><em>διηγησόμενος,</em></strong></span> <span class='ocrx_word' id='word_1_251' title='bbox 828 2724 916 2808; x_wconf 79' lang='grc' dir='ltr'><strong><em>οὗτος</em></strong></span> <span class='ocrx_word' id='word_1_252' title='bbox 932 2733 965 2798; x_wconf 78' lang='grc' dir='ltr'><strong><em>δέ</em></strong></span> <span class='ocrx_word' id='word_1_253' title='bbox 981 2731 1069 2799; x_wconf 88' lang='grc' dir='ltr'><strong><em>πάλιν</em></strong></span> <span class='ocrx_word' id='word_1_254' title='bbox 1084 2731 1173 2816; x_wconf 83' lang='grc' dir='ltr'><strong><em>άλλην</em></strong></span> <span class='ocrx_word' id='word_1_255' title='bbox 1191 2731 1338 2819; x_wconf 86' lang='grc' dir='ltr'><strong><em>άκρότηεα</em></strong></span> <span class='ocrx_word' id='word_1_256' title='bbox 1355 2729 1483 2815; x_wconf 84' lang='grc' dir='ltr'><strong><em>μονοτό-</em></strong></span> 
     </span>
     <span class='ocr_line' id='line_1_26' title="bbox 326 2832 1485 2921; baseline -0.002 -19"><span class='ocrx_word' id='word_1_257' title='bbox 326 2863 390 2913; x_wconf 85' lang='grc' dir='ltr'><strong><em>πας</em></strong></span> <span class='ocrx_word' id='word_1_258' title='bbox 406 2833 458 2901; x_wconf 88' lang='grc' dir='ltr'><strong><em>τόν</em></strong></span> <span class='ocrx_word' id='word_1_259' title='bbox 471 2832 564 2900; x_wconf 87' lang='grc' dir='ltr'><strong><em>αότδν</em></strong></span> <span class='ocrx_word' id='word_1_260' title='bbox 578 2836 691 2919; x_wconf 84' lang='grc' dir='ltr'><strong><em>πατέρα</em></strong></span> <span class='ocrx_word' id='word_1_261' title='bbox 705 2837 757 2900; x_wconf 81' lang='grc' dir='ltr'><strong><em>καλ</em></strong></span> <span class='ocrx_word' id='word_1_262' title='bbox 770 2833 838 2901; x_wconf 79' lang='grc' dir='ltr'><strong><em>υἱόν</em></strong></span> <span class='ocrx_word' id='word_1_263' title='bbox 854 2837 905 2900; x_wconf 81' lang='grc' dir='ltr'><strong><em>καί</em></strong></span> <span class='ocrx_word' id='word_1_264' title='bbox 922 2833 1009 2920; x_wconf 80' lang='grc' dir='ltr'><strong><em>άγιον</em></strong></span> <span class='ocrx_word' id='word_1_265' title='bbox 1024 2843 1142 2919; x_wconf 80' lang='grc' dir='ltr'><strong><em>πνεῦμα</em></strong></span> <span class='ocrx_word' id='word_1_266' title='bbox 1157 2839 1189 2902; x_wconf 90' lang='grc' dir='ltr'><strong><em>έν</em></strong></span> <span class='ocrx_word' id='word_1_267' title='bbox 1203 2837 1290 2921; x_wconf 78' lang='grc' dir='ltr'><strong><em>σαρκὶ</em></strong></span> <span class='ocrx_word' id='word_1_268' title='bbox 1305 2835 1485 2900; x_wconf 85' lang='grc' dir='ltr'><strong><em>πεπονθότα</em></strong></span> 
     </span>
     <span class='ocr_line' id='line_1_27' title="bbox 325 2931 1487 3024; baseline -0.001 -20"><span class='ocrx_word' id='word_1_269' title='bbox 325 2941 375 3004; x_wconf 81' lang='grc' dir='ltr'><strong><em>καὶ</em></strong></span> <span class='ocrx_word' id='word_1_270' title='bbox 393 2937 574 3024; x_wconf 84' lang='grc' dir='ltr'><strong><em>γεννηθέντα</em></strong></span> <span class='ocrx_word' id='word_1_271' title='bbox 592 2934 784 3023; x_wconf 66' lang='grc' dir='ltr'><strong><em>ἡγησάμενος.</em></strong></span> <span class='ocrx_word' id='word_1_272' title='bbox 830 2934 905 3002; x_wconf 81' lang='grc' dir='ltr'><strong><em>Οότε</em></strong></span> <span class='ocrx_word' id='word_1_273' title='bbox 922 2931 976 3004; x_wconf 80' lang='grc' dir='ltr'><strong><em>οὖν</em></strong></span> <span class='ocrx_word' id='word_1_274' title='bbox 992 2941 1099 3005; x_wconf 76' lang='grc' dir='ltr'><strong><em>ἐκεῖνον</em></strong></span> <span class='ocrx_word' id='word_1_275' title='bbox 1114 2942 1146 3005; x_wconf 81' lang='grc' dir='ltr'><strong><em>οἰ</em></strong></span> <span class='ocrx_word' id='word_1_276' title='bbox 1160 2936 1220 3005; x_wconf 89' lang='grc' dir='ltr'><strong><em>άπό</em></strong></span> <span class='ocrx_word' id='word_1_277' title='bbox 1239 2935 1392 3003; x_wconf 85' lang='grc' dir='ltr'><strong><em>Θεοδότου</em></strong></span> <span class='ocrx_word' id='word_1_278' title='bbox 1409 2963 1437 3002; x_wconf 91' lang='grc' dir='ltr'><strong><em>τι</em></strong></span> <span class='ocrx_word' id='word_1_279' title='bbox 1455 2939 1487 3003; x_wconf 86' lang='grc' dir='ltr'><strong><em>έν</em></strong></span> 
     </span>
     <span class='ocr_line' id='line_1_28' title="bbox 327 3032 1486 3130; baseline -0.003 -24"><span class='ocrx_word' id='word_1_280' title='bbox 327 3038 452 3130; x_wconf 81' lang='grc' dir='ltr'><strong><em>όληθείιγ</em></strong></span> <span class='ocrx_word' id='word_1_281' title='bbox 470 3043 601 3120; x_wconf 85' lang='grc' dir='ltr'><strong><em>έφασαυ,</em></strong></span> <span class='ocrx_word' id='word_1_282' title='bbox 624 3037 692 3106; x_wconf 79' lang='grc' dir='ltr'><strong><em>οὔτε</em></strong></span> <span class='ocrx_word' id='word_1_283' title='bbox 713 3032 835 3116; x_wconf 69' lang='grc' dir='ltr'><strong><em>ου’τοςό</em></strong></span> <span class='ocrx_word' id='word_1_284' title='bbox 854 3039 974 3124; x_wconf 87' lang='grc' dir='ltr'><strong><em>Νοητός</em></strong></span> <span class='ocrx_word' id='word_1_285' title='bbox 990 3043 1041 3106; x_wconf 87' lang='grc' dir='ltr'><strong><em>καλ</em></strong></span> <span class='ocrx_word' id='word_1_286' title='bbox 1057 3044 1088 3107; x_wconf 79' lang='grc' dir='ltr'><strong><em>οἱ</em></strong></span> <span class='ocrx_word' id='word_1_287' title='bbox 1104 3039 1154 3106; x_wconf 75' lang='grc' dir='ltr'><strong><em>ἄπ’</em></strong></span> <span class='ocrx_word' id='word_1_288' title='bbox 1172 3039 1280 3117; x_wconf 76' lang='grc' dir='ltr'><strong><em>αὐτοῦ,</em></strong></span> <span class='ocrx_word' id='word_1_289' title='bbox 1303 3037 1435 3123; x_wconf 85' lang='grc' dir='ltr'><strong><em>άνόητος</em></strong></span> <span class='ocrx_word' id='word_1_290' title='bbox 1454 3040 1486 3104; x_wconf 74' lang='grc' dir='ltr'><strong><em>δέ</em></strong></span> 
     </span>
    </p>

    <p class='ocr_par' dir='ltr' id='par_1_3' title="bbox 206 3140 1488 3331">
     <span class='ocr_line' id='line_1_29' title="bbox 206 3140 1488 3233; baseline -0.001 -27"><span class='ocrx_word' id='word_1_291' title='bbox 206 3171 257 3218; x_wconf 69' lang='grc' dir='ltr'><strong><em>ηις.</em></strong></span> <span class='ocrx_word' id='word_1_292' title='bbox 270 3158 315 3206; x_wconf 70' lang='grc' dir='ltr'><strong><em>τοι</em></strong></span> <span class='ocrx_word' id='word_1_293' title='bbox 328 3150 437 3228; x_wconf 80' lang='grc' dir='ltr'><strong><em>μᾶλλον</em></strong></span> <span class='ocrx_word' id='word_1_294' title='bbox 452 3150 488 3233; x_wconf 70' lang='grc' dir='ltr'><strong><em>τῇ</em></strong></span> <span class='ocrx_word' id='word_1_295' title='bbox 503 3140 643 3226; x_wconf 87' lang='grc' dir='ltr'><strong><em>δυνάμει,</em></strong></span> <span class='ocrx_word' id='word_1_296' title='bbox 664 3141 803 3229; x_wconf 88' lang='grc' dir='ltr'><strong><em>καθάπερ</em></strong></span> <span class='ocrx_word' id='word_1_297' title='bbox 820 3145 854 3207; x_wconf 85' lang='grc' dir='ltr'><strong><em>αἰ</em></strong></span> <span class='ocrx_word' id='word_1_298' title='bbox 867 3151 950 3209; x_wconf 86' lang='grc' dir='ltr'><strong><em>θεῖαι</em></strong></span> <span class='ocrx_word' id='word_1_299' title='bbox 965 3146 1080 3232; x_wconf 78' lang='grc' dir='ltr'><strong><em>γραφαὶ</em></strong></span> <span class='ocrx_word' id='word_1_300' title='bbox 1098 3142 1286 3230; x_wconf 88' lang='grc' dir='ltr'><strong><em>άμφοτέρους</em></strong></span> <span class='ocrx_word' id='word_1_301' title='bbox 1299 3143 1352 3207; x_wconf 85' lang='grc' dir='ltr'><strong><em>καλ</em></strong></span> <span class='ocrx_word' id='word_1_302' title='bbox 1370 3142 1488 3218; x_wconf 84' lang='grc' dir='ltr'><strong><em>πάντας</em></strong></span> 
     </span>
     <span class='ocr_line' id='line_1_30' title="bbox 327 3244 864 3331; baseline 0 -19"><span class='ocrx_word' id='word_1_303' title='bbox 327 3244 399 3323; x_wconf 78' lang='grc' dir='ltr'><strong><em>νοός</em></strong></span> <span class='ocrx_word' id='word_1_304' title='bbox 419 3246 662 3328; x_wconf 84' lang='grc' dir='ltr'><strong><em>πεπλανημένους</em></strong></span> <span class='ocrx_word' id='word_1_305' title='bbox 680 3245 864 3331; x_wconf 82' lang='grc' dir='ltr'><strong><em>διελέγχουσι.</em></strong></span> 
     </span>
    </p>
   </div>
   <div class='ocr_carea' id='block_1_3' title="bbox 192 3551 1494 4158">
    <p class='ocr_par' dir='ltr' id='par_1_4' title="bbox 192 3551 1494 4158">
     <span class='ocr_line' id='line_1_31' title="bbox 192 3551 1490 3646; baseline 0.003 -31"><span class='ocrx_word' id='word_1_306' title='bbox 192 3557 259 3627; x_wconf 76' lang='grc' dir='ltr'><strong><em>Κεφ.</em></strong></span> <span class='ocrx_word' id='word_1_307' title='bbox 277 3555 310 3627; x_wconf 57' lang='grc' dir='ltr'><strong><em>ἵ.</em></strong></span> <span class='ocrx_word' id='word_1_308' title='bbox 415 3554 522 3636; x_wconf 86' lang='grc' dir='ltr'><strong><em>Πάντη</em></strong></span> <span class='ocrx_word' id='word_1_309' title='bbox 539 3553 572 3620; x_wconf 84' lang='grc' dir='ltr'><strong><em>δέ</em></strong></span> <span class='ocrx_word' id='word_1_310' title='bbox 590 3560 631 3642; x_wconf 75' lang='grc' dir='ltr'><strong><em>τῷ</em></strong></span> <span class='ocrx_word' id='word_1_311' title='bbox 646 3551 700 3619; x_wconf 86' lang='grc' dir='ltr'><strong><em>τόν</em></strong></span> <span class='ocrx_word' id='word_1_312' title='bbox 715 3559 790 3618; x_wconf 83' lang='grc' dir='ltr'><strong><em>νοῦν</em></strong></span> <span class='ocrx_word' id='word_1_313' title='bbox 809 3555 851 3630; x_wconf 87' lang='grc' dir='ltr'><strong><em>εἰς</em></strong></span> <span class='ocrx_word' id='word_1_314' title='bbox 873 3551 947 3620; x_wconf 90' lang='grc' dir='ltr'><strong><em>θεόν</em></strong></span> <span class='ocrx_word' id='word_1_315' title='bbox 966 3555 1149 3644; x_wconf 75' lang='grc' dir='ltr'><strong><em>κεκτημένῳ,</em></strong></span> <span class='ocrx_word' id='word_1_316' title='bbox 1171 3555 1222 3619; x_wconf 84' lang='grc' dir='ltr'><strong><em>καλ</em></strong></span> <span class='ocrx_word' id='word_1_317' title='bbox 1239 3555 1271 3620; x_wconf 86' lang='grc' dir='ltr'><strong><em>έν</em></strong></span> <span class='ocrx_word' id='word_1_318' title='bbox 1290 3557 1360 3643; x_wconf 77' lang='grc' dir='ltr'><strong><em>θείμ</em></strong></span> <span class='ocrx_word' id='word_1_319' title='bbox 1383 3563 1490 3646; x_wconf 76' lang='grc' dir='ltr'><strong><em>γραφῇ</em></strong></span> 
     </span>
     <span class='ocr_line' id='line_1_32' title="bbox 327 3653 1492 3746; baseline 0 -22"><span class='ocrx_word' id='word_1_320' title='bbox 327 3659 377 3724; x_wconf 84' lang='grc' dir='ltr'><strong><em>καλ</em></strong></span> <span class='ocrx_word' id='word_1_321' title='bbox 397 3659 429 3724; x_wconf 86' lang='grc' dir='ltr'><strong><em>έν</em></strong></span> <span class='ocrx_word' id='word_1_322' title='bbox 443 3655 588 3739; x_wconf 87' lang='grc' dir='ltr'><strong><em>πνεόματι</em></strong></span> <span class='ocrx_word' id='word_1_323' title='bbox 601 3653 675 3746; x_wconf 73' lang='grc' dir='ltr'><strong><em>όγίςο</em></strong></span> <span class='ocrx_word' id='word_1_324' title='bbox 689 3656 919 3745; x_wconf 86' lang='grc' dir='ltr'><strong><em>κατηυγασμένφ</em></strong></span> <span class='ocrx_word' id='word_1_325' title='bbox 938 3653 1147 3742; x_wconf 83' lang='grc' dir='ltr'><strong><em>εόθυέλεγκτος</em></strong></span> <span class='ocrx_word' id='word_1_326' title='bbox 1162 3653 1180 3722; x_wconf 90' lang='grc' dir='ltr'><strong><em>ό</em></strong></span> <span class='ocrx_word' id='word_1_327' title='bbox 1194 3653 1292 3723; x_wconf 73' lang='grc' dir='ltr'><strong><em>αότοῖν</em></strong></span> <span class='ocrx_word' id='word_1_328' title='bbox 1307 3655 1415 3741; x_wconf 89' lang='grc' dir='ltr'><strong><em>λόγος,</em></strong></span> <span class='ocrx_word' id='word_1_329' title='bbox 1438 3661 1492 3724; x_wconf 86' lang='grc' dir='ltr'><strong><em>καλ</em></strong></span> 
     </span>
     <span class='ocr_line' id='line_1_33' title="bbox 328 3756 1492 3844; baseline 0.001 -18"><span class='ocrx_word' id='word_1_330' title='bbox 328 3760 428 3844; x_wconf 83' lang='grc' dir='ltr'><strong><em>πόσης</em></strong></span> <span class='ocrx_word' id='word_1_331' title='bbox 444 3756 548 3836; x_wconf 82' lang='grc' dir='ltr'><strong><em>άνολας</em></strong></span> <span class='ocrx_word' id='word_1_332' title='bbox 570 3761 702 3843; x_wconf 71' lang='grc' dir='ltr'><strong><em>ἔμπλεως</em></strong></span> <span class='ocrx_word' id='word_1_333' title='bbox 722 3763 865 3839; x_wconf 88' lang='grc' dir='ltr'><strong><em>φαίνεται.</em></strong></span> <span class='ocrx_word' id='word_1_334' title='bbox 914 3759 1029 3843; x_wconf 87' lang='grc' dir='ltr'><strong><em>Τόλμης</em></strong></span> <span class='ocrx_word' id='word_1_335' title='bbox 1050 3757 1106 3844; x_wconf 84' lang='grc' dir='ltr'><strong><em>γάρ</em></strong></span> <span class='ocrx_word' id='word_1_336' title='bbox 1125 3758 1158 3826; x_wconf 83' lang='grc' dir='ltr'><strong><em>τό</em></strong></span> <span class='ocrx_word' id='word_1_337' title='bbox 1177 3761 1281 3844; x_wconf 70' lang='grc' dir='ltr'><strong><em>ἔργον,</em></strong></span> <span class='ocrx_word' id='word_1_338' title='bbox 1302 3761 1352 3824; x_wconf 82' lang='grc' dir='ltr'><strong><em>καί</em></strong></span> <span class='ocrx_word' id='word_1_339' title='bbox 1368 3761 1492 3844; x_wconf 78' lang='grc' dir='ltr'><strong><em>τυφλό-</em></strong></span> 
     </span>
     <span class='ocr_line' id='line_1_34' title="bbox 329 3858 1492 3947; baseline 0 -17"><span class='ocrx_word' id='word_1_340' title='bbox 329 3886 403 3942; x_wconf 87' lang='grc' dir='ltr'><strong><em>σεας</em></strong></span> <span class='ocrx_word' id='word_1_341' title='bbox 418 3860 438 3947; x_wconf 79' lang='grc' dir='ltr'><em>ἦ</em></span> <span class='ocrx_word' id='word_1_342' title='bbox 451 3861 580 3941; x_wconf 87' lang='grc' dir='ltr'><strong><em>διάνοια,</em></strong></span> <span class='ocrx_word' id='word_1_343' title='bbox 601 3859 760 3943; x_wconf 75' lang='grc' dir='ltr'><strong><em>φάσκουσα</em></strong></span> <span class='ocrx_word' id='word_1_344' title='bbox 774 3859 827 3926; x_wconf 85' lang='grc' dir='ltr'><strong><em>τόν</em></strong></span> <span class='ocrx_word' id='word_1_345' title='bbox 843 3858 934 3928; x_wconf 84' lang='grc' dir='ltr'><strong><em>αότόν</em></strong></span> <span class='ocrx_word' id='word_1_346' title='bbox 947 3864 1060 3947; x_wconf 81' lang='grc' dir='ltr'><strong><em>πατέρα</em></strong></span> <span class='ocrx_word' id='word_1_347' title='bbox 1075 3860 1146 3928; x_wconf 82' lang='grc' dir='ltr'><strong><em>όντα</em></strong></span> <span class='ocrx_word' id='word_1_348' title='bbox 1160 3863 1213 3926; x_wconf 83' lang='grc' dir='ltr'><strong><em>καλ</em></strong></span> <span class='ocrx_word' id='word_1_349' title='bbox 1228 3859 1281 3927; x_wconf 86' lang='grc' dir='ltr'><strong><em>τόν</em></strong></span> <span class='ocrx_word' id='word_1_350' title='bbox 1297 3859 1391 3927; x_wconf 86' lang='grc' dir='ltr'><strong><em>αότόν</em></strong></span> <span class='ocrx_word' id='word_1_351' title='bbox 1408 3863 1492 3944; x_wconf 87' lang='grc' dir='ltr'><strong><em>υἰόν,</em></strong></span> 
     </span>
     <span class='ocr_line' id='line_1_35' title="bbox 329 3960 1494 4051; baseline 0.001 -19"><span class='ocrx_word' id='word_1_352' title='bbox 329 3967 381 4032; x_wconf 86' lang='grc' dir='ltr'><strong><em>καλ</em></strong></span> <span class='ocrx_word' id='word_1_353' title='bbox 403 3964 457 4033; x_wconf 91' lang='grc' dir='ltr'><strong><em>τόν</em></strong></span> <span class='ocrx_word' id='word_1_354' title='bbox 479 3963 572 4032; x_wconf 85' lang='grc' dir='ltr'><strong><em>αότδν</em></strong></span> <span class='ocrx_word' id='word_1_355' title='bbox 595 3961 781 4030; x_wconf 85' lang='grc' dir='ltr'><strong><em>πεπονθότα·</em></strong></span> <span class='ocrx_word' id='word_1_356' title='bbox 810 3960 852 4041; x_wconf 75' lang='grc' dir='ltr'><strong><em>σός</em></strong></span> <span class='ocrx_word' id='word_1_357' title='bbox 867 3967 917 4030; x_wconf 86' lang='grc' dir='ltr'><strong><em>καί</em></strong></span> <span class='ocrx_word' id='word_1_358' title='bbox 937 3963 997 4032; x_wconf 81' lang='grc' dir='ltr'><strong><em>άπό</em></strong></span> <span class='ocrx_word' id='word_1_359' title='bbox 1017 3963 1116 4049; x_wconf 83' lang='grc' dir='ltr'><strong><em>όρθοῦ</em></strong></span> <span class='ocrx_word' id='word_1_360' title='bbox 1132 3971 1272 4051; x_wconf 85' lang='grc' dir='ltr'><strong><em>λογισμοῦ</em></strong></span> <span class='ocrx_word' id='word_1_361' title='bbox 1288 3963 1494 4048; x_wconf 75' lang='grc' dir='ltr'><strong><em>κριθήσονται</em></strong></span> 
     </span>
     <span class='ocr_line' id='line_1_36' title="bbox 331 4063 1493 4158; baseline 0.002 -25"><span class='ocrx_word' id='word_1_362' title='bbox 331 4071 362 4133; x_wconf 79' lang='grc' dir='ltr'><strong><em>ολ</em></strong></span> <span class='ocrx_word' id='word_1_363' title='bbox 375 4067 411 4132; x_wconf 87' lang='grc' dir='ltr'><strong><em>τά</em></strong></span> <span class='ocrx_word' id='word_1_364' title='bbox 427 4077 550 4134; x_wconf 76' lang='grc' dir='ltr'><strong><em>τοιαῦτα</em></strong></span> <span class='ocrx_word' id='word_1_365' title='bbox 564 4066 736 4149; x_wconf 89' lang='grc' dir='ltr'><strong><em>φάσκοντες.</em></strong></span> <span class='ocrx_word' id='word_1_366' title='bbox 771 4073 845 4144; x_wconf 71' lang='grc' dir='ltr'><strong><em>Παῖς</em></strong></span> <span class='ocrx_word' id='word_1_367' title='bbox 858 4066 914 4154; x_wconf 84' lang='grc' dir='ltr'><strong><em>γάρ</em></strong></span> <span class='ocrx_word' id='word_1_368' title='bbox 929 4071 974 4152; x_wconf 78' lang='grc' dir='ltr'><strong><em>εἴη</em></strong></span> <span class='ocrx_word' id='word_1_369' title='bbox 989 4067 1086 4152; x_wconf 75' lang='grc' dir='ltr'><strong><em>πατὴρ</em></strong></span> <span class='ocrx_word' id='word_1_370' title='bbox 1103 4064 1120 4132; x_wconf 87' lang='grc' dir='ltr'><strong><em>ό</em></strong></span> <span class='ocrx_word' id='word_1_371' title='bbox 1137 4063 1228 4143; x_wconf 86' lang='grc' dir='ltr'><strong><em>αότός</em></strong></span> <span class='ocrx_word' id='word_1_372' title='bbox 1244 4069 1295 4131; x_wconf 83' lang='grc' dir='ltr'><strong><em>καί</em></strong></span> <span class='ocrx_word' id='word_1_373' title='bbox 1309 4064 1376 4144; x_wconf 78' lang='grc' dir='ltr'><strong><em>υἱός</em></strong></span> <span class='ocrx_word' id='word_1_374' title='bbox 1391 4065 1493 4158; x_wconf 74' lang='grc' dir='ltr'><strong><em>όπάρ.</em></strong></span> 
     </span>
    </p>
   </div>
   <div class='ocr_carea' id='block_1_4' title="bbox 330 4161 1495 4364">
    <p class='ocr_par' dir='ltr' id='par_1_5' title="bbox 330 4161 1495 4364">
     <span class='ocr_line' id='line_1_37' title="bbox 331 4161 1495 4260; baseline 0.004 -26"><span class='ocrx_word' id='word_1_375' title='bbox 331 4193 406 4254; x_wconf 80' lang='grc' dir='ltr'><strong><em>χανς</em></strong></span> <span class='ocrx_word' id='word_1_376' title='bbox 430 4174 471 4235; x_wconf 87' lang='grc' dir='ltr'><strong><em>Εἰ</em></strong></span> <span class='ocrx_word' id='word_1_377' title='bbox 491 4169 548 4258; x_wconf 84' lang='grc' dir='ltr'><strong><em>γάρ</em></strong></span> <span class='ocrx_word' id='word_1_378' title='bbox 564 4169 631 4248; x_wconf 81' lang='grc' dir='ltr'><strong><em>υἱός</em></strong></span> <span class='ocrx_word' id='word_1_379' title='bbox 647 4167 787 4255; x_wconf 83' lang='grc' dir='ltr'><strong><em>όπόρχει,</em></strong></span> <span class='ocrx_word' id='word_1_380' title='bbox 810 4169 930 4249; x_wconf 86' lang='grc' dir='ltr'><strong><em>πάντας</em></strong></span> <span class='ocrx_word' id='word_1_381' title='bbox 949 4178 1002 4237; x_wconf 81' lang='grc' dir='ltr'><strong><em>τοῦ</em></strong></span> <span class='ocrx_word' id='word_1_382' title='bbox 1015 4195 1099 4246; x_wconf 85' lang='grc' dir='ltr'><strong><em>τινος</em></strong></span> <span class='ocrx_word' id='word_1_383' title='bbox 1121 4167 1188 4245; x_wconf 77' lang='grc' dir='ltr'><strong><em>υἱός</em></strong></span> <span class='ocrx_word' id='word_1_384' title='bbox 1204 4171 1249 4253; x_wconf 81' lang='grc' dir='ltr'><strong><em>εἰη</em></strong></span> <span class='ocrx_word' id='word_1_385' title='bbox 1266 4166 1318 4250; x_wconf 74' lang='grc' dir='ltr'><strong><em>εἶφ’</em></strong></span> <span class='ocrx_word' id='word_1_386' title='bbox 1335 4161 1373 4236; x_wconf 75' lang='grc' dir='ltr'><strong><em>οὗ</em></strong></span> <span class='ocrx_word' id='word_1_387' title='bbox 1391 4175 1495 4260; x_wconf 81' lang='grc' dir='ltr'><strong><em>γεγέν-</em></strong></span> 
     </span>
     <span class='ocr_line' id='line_1_38' title="bbox 330 4269 1493 4364; baseline 0.008 -28"><span class='ocrx_word' id='word_1_388' title='bbox 330 4295 430 4355; x_wconf 81' lang='grc' dir='ltr'><strong><em>νηται·</em></strong></span> <span class='ocrx_word' id='word_1_389' title='bbox 460 4275 487 4338; x_wconf 89' lang='grc' dir='ltr'><strong><em>εἰ</em></strong></span> <span class='ocrx_word' id='word_1_390' title='bbox 506 4275 539 4339; x_wconf 86' lang='grc' dir='ltr'><strong><em>δέ</em></strong></span> <span class='ocrx_word' id='word_1_391' title='bbox 562 4273 658 4360; x_wconf 77' lang='grc' dir='ltr'><strong><em>πατήρ</em></strong></span> <span class='ocrx_word' id='word_1_392' title='bbox 676 4275 770 4353; x_wconf 83' lang='grc' dir='ltr'><strong><em>ἰστιν,</em></strong></span> <span class='ocrx_word' id='word_1_393' title='bbox 798 4272 904 4340; x_wconf 73' lang='grc' dir='ltr'><strong><em>ἑαυτόν</em></strong></span> <span class='ocrx_word' id='word_1_394' title='bbox 926 4280 1032 4361; x_wconf 82' lang='grc' dir='ltr'><strong><em>γεννᾶν</em></strong></span> <span class='ocrx_word' id='word_1_395' title='bbox 1052 4270 1208 4342; x_wconf 87' lang='grc' dir='ltr'><strong><em>άδόνατον.</em></strong></span> <span class='ocrx_word' id='word_1_396' title='bbox 1254 4269 1351 4340; x_wconf 85' lang='grc' dir='ltr'><strong><em>Πάλιν</em></strong></span> <span class='ocrx_word' id='word_1_397' title='bbox 1372 4274 1434 4364; x_wconf 74' lang='grc' dir='ltr'><strong><em>γάρ</em></strong></span> <span class='ocrx_word' id='word_1_398' title='bbox 1458 4277 1493 4346; x_wconf 90' lang='grc' dir='ltr'><strong><em>τό</em></strong></span> 
     </span>
    </p>
   </div>
   <div class='ocr_carea' id='block_1_5' title="bbox 365 4495 664 4566">
    <p class='ocr_par' dir='ltr' id='par_1_6' title="bbox 365 4495 664 4566">
     <span class='ocr_line' id='line_1_39' title="bbox 365 4495 664 4566; baseline -0.013 -14"><span class='ocrx_word' id='word_1_399' title='bbox 365 4495 390 4552; x_wconf 81' lang='lat'><strong><em>2.</em></strong></span> <span class='ocrx_word' id='word_1_400' title='bbox 408 4497 473 4550; x_wconf 70' lang='lat' dir='ltr'><strong><em>um</em></strong></span> <span class='ocrx_word' id='word_1_401' title='bbox 488 4497 573 4549; x_wconf 77' lang='grc' dir='ltr'><strong><em>λοδεολ</em></strong></span> <span class='ocrx_word' id='word_1_402' title='bbox 589 4496 664 4566; x_wconf 74' lang='grc' dir='ltr'><strong><em>φησὶ.</em></strong></span> 
     </span>
    </p>
   </div>
   <div class='ocr_carea' id='block_1_6' title="bbox 0 0 1587 4930">
    <p class='ocr_par' dir='ltr' id='par_1_7' title="bbox 0 0 1587 4930">
     <span class='ocr_line' id='line_1_40' title="bbox 0 0 1587 4930; baseline 0 0"><span class='ocrx_word' id='word_1_403' title='bbox 0 0 1587 4930; x_wconf 95' lang='lat' dir='ltr'><strong><em> </em></strong></span> 
     </span>
    </p>
   </div>
  </div>
 </body>
</html>
