3154 4930
358 223 494 276 Pauaau
511 223 575 280 tun.
585 225 619 278 11.
636 223 719 278 ΤΟΜι
730 225 764 276 ll.
780 223 881 279 naen.
893 223 984 275 val.
1187 213 1250 276 459

95 345 179 432 digni
196 355 267 412 sunt
282 365 366 431 quam
384 345 432 429 qni
449 346 558 414 irnstra
580 343 748 412 stimulante
767 343 946 412 conscientia
967 343 1156 413 imbecillitati
1178 365 1250 409 snae

96 449 294 516 succumbens
309 447 452 516 eiusmodi
469 457 554 533 potus
564 446 709 525 adhibet,
732 446 897 531 ceterisque
913 446 1011 512 carnis
1026 447 1250 530 pecsssitatibna

97 551 294 636 obtemperat.

185 649 245 718 Sed
265 653 322 718 alia
343 663 412 718 sont
435 652 644 737 quamplurima
664 650 694 716 in
719 650 824 735 quibus
843 651 901 716 ista
922 660 1085 717 sectatores
1106 671 1176 718 suos
1197 671 1249 718 oro
1294 649 1354 715 cap.

96 755 325 824 mendacissimo
342 755 467 838 decepit.
513 752 590 837 Quid
605 754 682 819 eninr
693 754 735 818 ab
752 773 789 816 eo
804 775 862 818 non
877 752 1030 819 ridiculum
1049 763 1095 818 cst
1112 755 1250 820 allatum?
1266 719 1393 771 ΜΝ·

97 854 273 927 Cuiusmodi
294 870 340 924 est
362 857 515 924 herborum
536 857 726 942 stirpiumqne
747 877 782 920 ac
803 857 979 940 leguminum
1005 857 1117 924 semina
1137 857 1252 922 auimss

34 1047 35 1052 ἵ
96 981 167 1026 osse
184 961 318 1027 credero.
364 957 451 1042 Quod
468 979 554 1043 qoam
570 959 732 1030 absurdum
743 957 783 1022 sit
797 961 832 1024 ad
847 959 925 1026 illius
939 961 1109 1026 refutandas
1126 959 1251 1045 ineptias

97 1063 303 1130 demonstrare
320 1061 502 1128 conabimur.
535 1059 667 1128 ‘Etenim
687 1060 713 1128 si
736 1061 825 1126 lentis
843 1062 972 1150 exempli
993 1083 1115 1142 mussa,
1139 1063 1188 1126 vel
1210 1063 1252 1127 la·

96 1167 192 1245 eecli,
217 1167 265 1234 vol
285 1164 390 1230 ciceris
407 1165 521 1250 alioque
537 1183 630 1248 grana
645 1162 674 1228 id
692 1183 787 1247 genos
808 1164 922 1230 animae
942 1175 1030 1245 sont,
1052 1166 1180 1249 itemque
1202 1183 1253 1231 ca·

97 1269 166 1338 dem
181 1279 212 1334 et
229 1267 306 1337 tauri
319 1268 359 1332 sit
377 1267 490 1346 anima,
514 1266 648 1332 laudandi
667 1265 759 1350 magis
782 1265 802 1330 ii
826 1277 895 1330 sunt
918 1287 957 1333 ex
981 1287 1084 1332 eorum
1106 1265 1252 1334 sententia

97 1370 149 1456 qni
169 1370 305 1440 carnibus
320 1381 481 1436 vescuntur
497 1389 582 1453 quam
598 1369 645 1453 qui
664 1368 825 1432 severioris
845 1369 921 1434 vitae
939 1369 1072 1436 instituta
1090 1379 1251 1435 sectantur.

96 1472 168 1544 Hoc
191 1473 286 1551 eninr,
311 1483 341 1538 ut
364 1473 443 1538 illius
464 1471 560 1538 labala
584 1471 732 1548 eontinet,
757 1471 1039 1551 meracissimum,
1063 1493 1118 1551 re,
1140 1472 1168 1536 si
1189 1471 1254 1536 aoi-

96 1577 186 1644 nnatis
207 1576 295 1640 rebus
313 1585 428 1656 utatur,
453 1575 534 1640 velot
549 1571 723 1639 animalibus
739 1593 774 1638 sc
789 1573 914 1654 catoris,
940 1575 1041 1642 borum
1053 1574 1166 1647 ,similis
1189 1573 1254 1638 eni·

96 1689 170 1743 stat.
214 1677 305 1762 Atqui
323 1677 501 1742 contrariom
520 1677 616 1762 potins
632 1676 749 1742 accidit.
794 1675 907 1742 Demos
924 1677 1000 1745 enim
1019 1678 1252 1762 quinquagenos,

96 1781 148 1847 rel
170 1791 311 1850 centenos
327 1781 403 1846 tauri
417 1779 503 1844 unius
522 1779 658 1846 carnibus
678 1779 800 1858 nutriri,
822 1799 924 1846 omnes
940 1779 994 1859 illi,
1018 1789 1050 1844 ιιι
1065 1780 1122 1846 iste
1137 1779 1252 1862 quidem

96 1895 247 1966 nugator,
271 1893 301 1948 et
317 1904 334 1946 a
351 1882 435 1946 nobie
458 1881 611 1946 relelloudi
626 1881 722 1966 gratia
744 1881 896 1950 dicendum
915 1893 978 1964 est,
1002 1882 1088 1946 ouius
1111 1881 1255 1947 duntaxat

97 1986 216 2052 animae
236 1986 279 2053 rei
297 1996 376 2052 sunt.
421 1984 532 2068 Atqui
551 1985 694 2051 seminum
718 1984 818 2069 grauis
836 1984 981 2070 pasoitur,
1006 1983 1184 2051 tricenarum
1206 1983 1254 2048 rel

96 2091 353 2174 quadragenarum
372 2108 429 2154 nuo
447 2085 550 2151 haustu
566 2085 783 2172 absumptorum
803 2098 946 2154 reuocet.
992 2084 1038 2153 lta
1054 2085 1124 2152 nibil
1142 2107 1200 2151 nou
1217 2084 1254 2150 ab

97 2213 137 2261 eo
162 2192 312 2259 ridiculum
335 2200 367 2254 et
387 2189 474 2254 inane
497 2189 679 2276 proponitur.

185 2291 252 2364 Nec
270 2293 347 2360 enirn
366 2293 442 2358 ullus
463 2292 573 2376 estqui
595 2291 740 2377 paululum
758 2311 856 2356 rernm
879 2291 1043 2360 divinarum
1063 2291 1255 2376 intelligentia

98 2397 143 2464 sit
158 2395 322 2482 praeditus,
347 2395 393 2460 cui
411 2416 470 2460 non
488 2415 528 2459 ex
546 2415 619 2460 sana
633 2395 765 2460 doctriua
780 2393 865 2480 plana
883 2415 918 2458 ao
933 2393 1085 2460 manifesta
1103 2394 1164 2458 sint
1178 2392 1256 2458 veri-

98 2500 174 2567 tatis
190 2498 309 2563 indicia.
356 2494 470 2582 Quippe
487 2497 635 2562 salvatore
656 2506 758 2561 nostro
783 2495 854 2563 nibil
869 2496 904 2560 ad
924 2495 1073 2562 bominum
1094 2496 1182 2562 vitam
1204 2496 1255 2560 de·

99 2601 271 2666 clarandam
290 2619 357 2666 esse
375 2610 472 2684 potest
489 2600 600 2664 verim.
646 2596 707 2664 lste
729 2618 801 2664 vero
821 2598 905 2664 nobis
922 2597 1062 2664 barbarus
1078 2595 1189 2677 Persa,
1210 2599 1256 2664 iu·
1379 2666 1381 2672 ,

98 2703 252 2792 genioque
268 2724 374 2774 servus
396 2706 478 2788 (nam
494 2701 601 2785 alioqui
617 2700 687 2765 nibil
703 2701 732 2766 ei
749 2701 881 2786 corporis
899 2699 1028 2766 servitus
1045 2700 1178 2784 obesset)
1201 2700 1256 2766 boc

98 2809 221 2892 inquam
238 2808 363 2886 asserit,
388 2804 525 2889 aequales
540 2824 642 2870 omues
657 2802 770 2868 animas
787 2824 872 2883 csse,
896 2815 927 2868 st
943 2803 972 2868 iu
991 2803 1126 2871 omuibus
1142 2801 1255 2870 unicam

97 2909 238 2993 reperiri,
263 2919 321 2972 tarn
339 2907 502 2972 bominibus
517 2906 629 2970 scilicet
647 2925 732 2990 quam
750 2907 921 2991 pecudibus,
947 2905 1031 2986 ieris,
1054 2906 1169 2986 avibus,
1193 2925 1255 2972 ser·

98 3010 256 3098 pentibus,
284 3008 476 3087 animalibus,
500 3008 684 3088 volucribus,
715 3009 862 3096 piscibus,
891 3009 1011 3087 bestiis,
1043 3009 1256 3094 herbarumque

97 3113 278 3192 seminibus,
303 3123 334 3176 et
348 3111 520 3190 arboribus,
544 3111 709 3194 ceterisque
727 3131 801 3196 quae
817 3111 911 3176 videri
928 3111 1020 3176 oculis
1038 3121 1170 3198 possout.
1214 3109 1257 3178 Aa

97 3237 160 3283 oon
180 3216 256 3280 istud
280 3214 364 3282 uobis
384 3237 400 3278 a
419 3214 537 3280 domino
555 3212 748 3297 significatum
767 3223 824 3278 est.
868 3212 947 3280 Nam
966 3213 991 3278 si
1009 3213 1049 3278 ita
1068 3225 1166 3293 esset,
1190 3235 1256 3280 oum

96 3319 137 3383 ad
155 3318 275 3386 bunuani
291 3317 410 3402 generis
426 3319 549 3382 salutem
564 3315 695 3394 advenit,
719 3317 846 3401 pecudes
859 3335 976 3402 qnoque
992 3327 1140 3395 sanasset,
1163 3315 1257 3400 iisque

98 3441 202 3488 coram
228 3441 262 3486 ac
285 3420 392 3486 onltnm
413 3417 612 3496 adbiboissct,
634 3438 672 3482 ac
688 3429 818 3484 mortuas
839 3419 949 3484 bestias
970 3438 1085 3485 rursum
1109 3421 1144 3484 ad
1167 3420 1256 3485 vitam

98 3525 276 3593 excitasset.
321 3522 412 3607 Atqui
435 3523 523 3606 longe
549 3521 605 3584 alia
629 3520 778 3601 omravit,
810 3541 865 3586 nec
890 3521 968 3587 istud
993 3542 1119 3606 unquam
1144 3521 1254 3586 docuit.

97 3627 203 3692 Absit.
249 3621 418 3710 Siquidem
441 3625 589 3691 bominum
611 3643 644 3688 sc
667 3621 771 3688 animis
795 3623 918 3688 salutem
939 3624 1069 3688 tribuere
1092 3624 1254 3710 profitetur,

99 3749 188 3814 quam
212 3727 267 3794 boc
288 3729 454 3811 aenigmate
476 3725 607 3792 breviter
622 3725 793 3810 complexus
813 3736 875 3806 est,
898 3747 963 3790 cum
987 3725 1079 3804 dixit,
1108 3730 1173 3789 Aba
1194 3731 1261 3790 ocus·
1283 3723 1370 3832 {ffl-

98 3836 160 3895 usti
176 3843 295 3912 propter
315 3853 390 3894 ouem
410 3851 481 3913 quoa
500 3835 637 3911 perierat.
686 3826 800 3911 Quibus
820 3829 919 3894 verbis
938 3830 1105 3894 universnm
1129 3827 1256 3894 bominis

100 3944 239 4001 naturam
255 3933 403 4018 intelligit.
449 3931 594 4016 Quidnam
610 3951 682 3996 uero
698 3943 851 4018 praeterea
865 3933 1004 4018 scriptum
1020 3933 1085 3998 estt
1117 3933 1250 4006 Curabat,
1261 3939 1409 4000 bisacuta

16 4149 20 4157 =
134 4119 160 4172 5.
178 4121 393 4183 Ειιιιιιιιιιϋιιιίιι,
408 4125 435 4172 ιιι·
449 4121 535 4185 sotim,-
558 4120 663 4172 emmim
696 4117 800 4186 φαιτιαι
818 4115 1145 4186 (decessurumue)
1162 4119 1256 4174 οἱιιιι-

98 4191 245 4240 a‘utoterobitr
270 4189 405 4242 ocoootutbi
428 4205 507 4253 penus.
551 4191 664 4250 Suspicor
696 4183 819 4253 τήκοντα,
839 4191 916 4238 deleto
931 4191 1052 4250 porticulo
1067 4180 1114 4242 liro

98 4262 136 4309 tto
157 4259 206 4320 {ere
221 4259 394 4308 resutbmdum
414 4272 462 4309 esre
483 4252 662 4344 τραφήσονται.
730 4255 754 4309 6.
806 4256 829 4309 ol
844 4257 888 4310 uod
903 4257 955 4308 cod.
972 4257 1070 4320 Rbcda’p.

99 4325 196 4388 netto
216 4321 282 4378 κατὰ
303 4322 350 4392 τήν
372 4319 448 4380 αὐτοῦ
462 4341 570 4390 mareu
589 4339 663 4376 eoae
730 4323 754 4376 7.
807 4328 901 4387 raperet
922 4339 966 4386 pro
987 4317 1035 4390 ῆι,
1059 4327 1121 4388 quod
1137 4327 1192 4376 ttbri
1213 4328 1257 4378 bo-

99 4391 213 4462 pmrrlou.
244 4385 340 4476 ’Ὅμως
358 4399 408 4444 cett.
443 4397 505 4446 Olim
521 4398 663 4456 putaveram
697 4395 748 4442 nou
764 4399 814 4444 tom
835 4395 917 4454 scripti
940 4407 1014 4460 quom
1034 4395 1099 4446 aditi.
1133 4387 1256 4452 lluolcbot

99 4459 290 4532 τραφήσονται,
317 4477 353 4522 ως
369 4479 393 4515 κ.
407 4479 430 4516 τ.
446 4457 523 4518 edroi
546 4478 572 4528 p„
590 4475 663 4514 συιιιι-
697 4462 814 4514 Petamus.
