3116 4934
347 261 409 326 210
772 269 895 322 οιαοτι
913 267 1083 322 nmmum

348 387 382 456 τδ
397 386 528 467 θάλπον,
550 389 603 454 καλ
618 383 690 452 αῦτδ
710 383 743 451 τά
756 393 810 470 τῆς
825 391 1013 472 περιφερείας
1023 391 1135 469 σχῆμα·
1158 385 1210 452 καί
1224 379 1301 452 τίνοι
1316 384 1370 466 μέν
1385 381 1417 449 τῦ
1431 380 1495 448 θάλ-

348 517 424 570 πον,
446 494 545 556 είιουν
560 486 676 574 θερμδν
694 491 745 554 καί
765 491 844 568 ζέον,
866 486 900 554 τῦ
919 495 1051 572 πνεῦμα,
1073 485 1106 553 τδ
1122 484 1301 568 φωτιστιιιῦν
1315 487 1349 552 δὲ
1363 484 1414 552 τδν
1429 483 1496 563 υίῦν,

347 593 401 660 τῦν
416 592 448 658 δέ
462 594 574 678 πατέρα
588 589 679 658 αῦτδν
693 587 768 658 είναι
782 589 816 658 τῦ
828 587 907 667 είδος
920 589 1018 674 πάσης
1032 597 1083 674 τῆς
1097 587 1295 667 ὑποστάσεως.
1320 590 1497 672 Πεμφθέντα

348 695 381 760 δὲ
401 694 454 759 νῦν
469 691 538 760 υίῦν
555 701 649 784 καιρῷ
667 719 753 772 ποτε,
777 691 872 780 σ’ίςπερ
888 690 1009 773 άκτῖνα,
1031 695 1084 758 καί
1097 691 1296 778 ἐργασάμενον
1309 690 1347 756 τά
1361 689 1458 756 πάντα
1473 691 1499 756 έν

347 803 390 885 τῷ
411 794 514 886 κόσμῳ
538 794 574 860 τά
592 804 645 879 τῆς
664 799 837 878 οἰκονομίας
857 803 910 879 τῆς
933 793 1123 881 εῦαγγελικῆς
1140 796 1192 860 καί
1209 799 1354 880 σωτηρίας
1375 801 1437 860 τῦν
1457 791 1498 858 άν-

347 896 494 984 θράποιν,
517 893 729 981 άναληφθέντα
746 901 778 966 δέ
795 891 888 975 αὖθις
905 901 947 974 είς
961 895 1102 984 οιίρανῦν,
1125 895 1167 974 ιῦς
1180 894 1240 964 ῦπδ
1257 894 1343 981 ήλίου
1359 905 1500 979 πεμφθεί.

349 999 404 1068 σαν
427 999 550 1080 άκτῖνα,
580 1003 632 1066 καί
655 999 744 1066 πάλιν
768 1005 810 1080 είς
832 999 885 1068 τδν
907 999 991 1084 ἣλιον
1017 997 1256 1086 άναδραμοῦσαν.
1304 998 1344 1066 To*
1367 999 1401 1064 δέ
1422 998 1502 1084 άγιιν

349 1109 467 1188 πνεῦμα
487 1105 660 1186 πέμπεσθαι
677 1106 720 1180 είς
735 1102 788 1170 νῦν
804 1103 935 1186 κόσμον,
958 1104 1010 1172 καί
1026 1107 1159 1185 καθεξῆς
1178 1103 1229 1168 καί
1248 1099 1318 1168 καθ’
1339 1104 1447 1168 έκαττα
1467 1104 1503 1178 είς

349 1209 472 1274 έκαστον
489 1213 549 1272 τοῦν
566 1208 815 1288 καταξιοομένων·
838 1205 1050 1290 άναζωογονείν
1070 1205 1102 1271 δέ
1119 1203 1172 1270 τῦν
1192 1212 1342 1284 τοιοῦτον,
1365 1206 1415 1270 καί
1438 1200 1503 1270 άνα·

348 1311 436 1388 ζέειν,
459 1307 586 1374 θάλπειν
603 1335 633 1374 τε
654 1311 706 1374 καί
729 1314 915 1396 θερμαίνειν,
938 1304 980 1386 οῦς
997 1311 1105 1388 εἰπεῖν,
1127 1305 1178 1374 διά
1195 1314 1249 1391 τῆς
1264 1313 1319 1373 τοῦ
1339 1305 1504 1388 πνεῦματας

348 1409 504 1494 δυνάμετάς
525 1437 556 1478 τε
577 1413 629 1478 καί
651 1411 852 1496 συμβάσεως..
879 1413 938 1476 Καὶ
961 1408 1054 1476 ταῦτά
1077 1412 1155 1476 έστιν
1177 1408 1197 1476 ά
1218 1413 1432 1496 δογματίζουσι.

212 1528 278 1598 Κεφ.
298 1524 330 1598 β’.
436 1515 599 1598 Κέχρηνται
621 1515 653 1578 δὲ
673 1523 738 1591 ταῖς
754 1514 863 1590 πάσαις
886 1523 1030 1600 γραφαῖς,
1053 1519 1180 1588 παλαιᾶς
1197 1537 1228 1577 τε
1245 1515 1297 1578 καί
1317 1518 1425 1593 καινῆς
1445 1514 1504 1576 δια·

348 1614 465 1700 θήκης,
487 1619 578 1694 λέξεσι
592 1618 626 1681 δέ
640 1638 715 1684 τισιν
730 1613 778 1693 αίς
793 1614 880 1682 αῦτοί
896 1617 1062 1700 ἐκλέγονται
1074 1613 1151 1682 κατά
1165 1613 1220 1698 τήν
1239 1617 1318 1680 έδίιιν
1335 1611 1435 1680 αῦτοῖν
1451 1639 1506 1678 πα·

349 1721 590 1806 ραπεποιημένην
614 1717 848 1803 φρενοβλάβειάν
868 1743 899 1784 τε
920 1720 972 1784 καί
992 1715 1105 1783 άνοιαν.
1151 1723 1279 1803 Πρῦτον
1297 1717 1350 1799 μέν
1366 1723 1407 1806 τῷ
1430 1719 1509 1803 ῆητρῖ

227 1853 278 1900 ρος.
291 1813 377 1910 τικρί
394 1819 475 1888 είπεν
492 1819 597 1896 δθεδς
612 1818 688 1907 πρδς
704 1828 843 1904 Μωῦσῆν
859 1819 920 1900 δτι,
933 1818 1046 1886 ’Ἄκουε
1058 1818 1187 1905 Ἰσραήλ,
1210 1819 1313 1906 κάρτος
1329 1816 1346 1885 ῦ
1366 1817 1440 1895 θεάς
1452 1839 1509 1884 σου

350 1923 453 2009 κῦριος
470 1919 513 2002 είς
529 1925 619 1989 ἐστιν·
643 1919 680 1990 οῦ
698 1922 831 2007 ποιήσεις
849 1931 961 2012 σεαυτῷ
980 1920 1073 1998 θεοῦς
1094 1923 1226 2008 ἑτέρους·
1250 1920 1306 1990 οῦκ
1326 1923 1445 1988 έσανταί
1461 1943 1509 1985 σοι

349 2028 420 2091 θεοί
437 2023 619 2110 πρόςφατοι,
642 2023 689 2090 ῦτι
705 2024 762 2111 έγοί
778 2024 853 2103 θεάς
867 2022 886 2092 ά
902 2032 1034 2111 πρῶτος,
1056 2027 1108 2090 καί
1122 2021 1140 2090 δ
1155 2023 1227 2108 μετά
1241 2032 1344 2103 ταῦτα,
1367 2025 1419 2089 καί
1434 2021 1513 2105 πλήν

350 2131 424 2211 έμοῦ
443 2125 498 2193 οῦκ
514 2129 575 2193 έστι
589 2124 664 2204 θεάς
679 2129 777 2212 ἕτερος
783 2179 793 2208 ,
813 2131 865 2194 καλ
881 2126 937 2194 ὅσα
954 2128 1038 2212 ἔτερα
1055 2123 1130 2206 κατά
1145 2125 1197 2194 τάν
1212 2129 1292 2194 ίδιον
1309 2124 1408 2192 αῦτῦν
1425 2133 1513 2204 νοῦν,

350 2233 393 2306 είς
415 2231 530 2297 τούτων
552 2229 584 2294 δὲ
606 2227 806 2314 παράστασιν,
828 2231 956 2316 φέρουσι
974 2228 1064 2296 πάλιν
1086 2227 1146 2296 α’πδ
1164 2226 1332 2316 εῦαγγελίον
1349 2227 1413 2308 ὅτι,
1433 2225 1513 2313 'Ero‘

350 2336 381 2400 έν
396 2341 437 2423 τῷ
451 2333 558 2419 πατρί,
580 2333 632 2397 καί
647 2328 666 2398 o‘
679 2329 778 2418 πατήρ
796 2335 828 2398 έν
842 2334 925 2417 έμολ,
947 2333 998 2398 καί
1016 2335 1049 2398 οί
1061 2331 1116 2398 δῦο
1132 2333 1164 2398 έν
1181 2334 1276 2416 έσμεν.
1323 2330 1386 2415 Τήν
1401 2333 1434 2397 δὲ
1452 2337 1515 2396 ποῖ-

349 2458 404 2503 σαν
428 2434 529 2502 αῦτῦν
551 2437 681 2518 πλάνην,
710 2432 836 2518 καλιήν
859 2442 912 2519 τῆς
933 2433 1047 2518 πλάνης
1068 2432 1168 2500 αῦτῦν
1192 2433 1319 2517 δύναμιν
1340 2435 1460 2518 έχουσιν
1484 2436 1516 2508 ἐξ

348 2535 549 2625 Ἀποκράφων
571 2545 676 2616 τινοῖν,
699 2536 822 2621 μάλιστα
847 2525 906 2604 άπδ
927 2545 981 2602 τοῦ
998 2539 1182 2621 καλουμένου
1199 2539 1369 2622 Αἰγυπτίου
1391 2534 1517 2622 εῦαγγε-

350 2645 425 2719 λίου,
449 2633 473 2730 ᾧ
491 2665 567 2714 τινες
582 2637 615 2704 τῦ
632 2637 728 2722 ὄνομα
743 2641 884 2706 έπέθεντο
899 2647 997 2706 τοῦτο.
1038 2637 1096 2704 Ἐν
1112 2637 1192 2728 αῦτῷ
1210 2637 1266 2725 γάρ
1280 2636 1373 2704 πολλά
1386 2646 1518 2704 τοιαῦτα

351 2739 391 2818 οἷς
407 2745 438 2808 έν
453 2741 635 2830 παραβύστῳ
651 2746 863 2828 μυστηριωδῦς
877 2745 910 2808 έκ
926 2739 1088 2827 προςάπου
1102 2748 1156 2807 τοῦ
1172 2749 1306 2826 σωτῆρος
1320 2739 1520 2826 άναφέρεται,
1548 2739 1549 2746 '

351 2841 392 2920 οίς
411 2841 504 2909 αῦτοῦ
519 2848 680 2926 δηλοῦντος
694 2855 756 2921 τοῖς
774 2854 924 2928 μαθηταῖς
940 2843 993 2912 τῦν
1008 2842 1099 2912 αῦτῦν
1116 2841 1191 2928 είναι
1205 2845 1327 2930 πατέρα,
1347 2841 1405 2909 τῦν
1419 2839 1521 2908 αῦτῦν

351 2942 426 3012 είναι
440 2944 518 3026 υίδν,
535 2945 587 3012 τδν
602 2943 693 3012 αῦτῦν
707 2943 783 3013 είναι
797 2945 881 3033 άγιον
897 2954 1021 3032 πνεῦμα.
1053 2943 1131 3012 Είτα
1146 2943 1217 3013 ὅταν
1234 2944 1441 3029 συναντήσωσί
1455 2967 1524 3012 τισι

350 3055 409 3114 νῦν
429 3046 673 3131 άφελεστάτωνή
698 3047 858 3134 άκεραίων,
886 3057 946 3115 τῶν
968 3047 1009 3132 μή
1031 3047 1067 3114 τά
1084 3057 1168 3132 σαφῆ
1190 3056 1250 3114 τῶν
1267 3053 1361 3114 θείων
1383 3056 1526 3136 γραφιῦν

349 3150 572 3238 γινάσκοντων,
594 3151 650 3234 τήν
664 3159 770 3218 πεῦσιν
784 3151 887 3228 αῦτοῖς
904 3149 1090 3238 ῦφηγοῦνται
1108 3151 1232 3235 ταύτην·
1265 3157 1299 3218 Τί
1315 3149 1353 3218 άν
1370 3155 1528 3235 εἴπωμεν,

352 3245 492 3332 ῦοῦτοι,
515 3255 567 3320 ἕνα
582 3252 658 3319 θεάν
674 3257 792 3338 ίχομεν,
814 3254 835 3338 ή
851 3263 928 3339 τρεῖς
949 3253 1058 3334 θεοῦςς
1080 3255 1176 3320 Ὅταν
1191 3255 1224 3320 δέ
1239 3251 1356 3344 άκοάση
1374 3253 1393 3320 ά
1409 3257 1445 3322 έν
1472 3253 1529 3322 εῦ-

349 3359 450 3444 λαβείγ
470 3354 529 3436 οῦν,
551 3358 601 3421 καί
619 3356 659 3440 μή
683 3356 721 3422 τά
742 3359 834 3424 τέλεια
857 3364 910 3441 τῆς
930 3355 1091 3439 άσφαλείας
1110 3359 1318 3440 ἐπιστάμενος,
1343 3355 1441 3434 εῦθῦς
1466 3357 1535 3425 τῦν

349 3465 423 3524 νοῦν
440 3461 600 3543 ταραχθείς
615 3465 859 3546 συγκατατίθεται
875 3467 911 3550 τῆ
929 3462 1047 3526 ἐκείνων
1065 3458 1179 3550 πλάνη,
1201 3461 1252 3526 καί
1271 3457 1439 3546 εῦρίσιιεται
1468 3459 1536 3548 αἰρ·

349 3559 495 3645 νοάμενος
516 3559 568 3626 τδν
588 3561 680 3643 θεάν,
708 3565 760 3630 καί
779 3560 943 3650 εῦρίσκεται
962 3560 1145 3648 άρνοῦμενος
1165 3561 1199 3628 τῦ
1219 3559 1294 3628 εἶναι
1315 3560 1383 3628 υίδν
1403 3565 1469 3628 καλ
1495 3563 1537 3632 τῦ

349 3661 436 3750 δίγιον
457 3670 582 3745 πνεῦμα.

213 3762 280 3833 Ῑῑφ·
299 3763 332 3834 ί·
432 3763 489 3834 Ἐν
512 3773 585 3832 πᾶσι
601 3765 633 3830 δέ
647 3765 764 3842 τούτοις
781 3769 952 3832 ένέπνευσεν
970 3765 989 3833 τί
1004 3775 1065 3834 τῦν
1085 3765 1258 3854 άνθροίπων
1280 3764 1446 3846 άνιίπαλος
1478 3769 1543 3838 ἀπ’

351 3870 471 3948 αίιῦνος,
493 3871 543 3932 ίνα
556 3865 609 3933 τῦν
625 3867 677 3950 μέν
693 3867 804 3948 οῦτως,
826 3867 878 3936 νῦν
893 3869 925 3936 δέ
941 3867 1052 3950 οῦτως,
1074 3867 1147 3948 τοῦς
1161 3874 1280 3946 πλείους
1294 3869 1325 3935 δί
1340 3865 1421 3952 άμοῦ
1439 3870 1549 3942 αἴτιαι

349 3968 439 4060 τήσῃ,
461 3973 513 4036 καὶ
526 3967 663 4060 πλανήσῃ
681 3967 864 4057 άνθράπους
882 3969 941 4040 άπῦ
959 3980 1011 4056 τῆς
1028 3969 1101 4040 ἆδοῦ
1120 3979 1172 4056 τῆς
1188 3970 1338 4055 άληθείας.
1385 3978 1462 4042 Καὶ
1488 3979 1549 4050 ὅτι

352 4071 404 4153 μέν
426 4070 546 4156 άληθῦς
563 4069 605 4150 είς
627 4075 685 4140 έστι
705 4072 795 4154 θεδς,
818 4071 942 4142 καλοῦν
964 4077 1043 4141 ἔστιν
1064 4078 1178 4162 έτιρος,
1200 4081 1306 4156 σαφοῦς
1327 4075 1359 4141 δν
1381 4085 1422 4167 τῆ
1453 4079 1549 4175 ἇγίιγ

350 4176 404 4238 τοῦ
420 4181 496 4240 θεοῦ
513 4177 649 4264 έκκλησίρι
668 4173 852 4264 οίμολάγηται
869 4179 921 4244 καί
940 4177 1189 4262 συμπεφώνηται·
1217 4177 1263 4246 δτι
1284 4173 1322 4246 οῦ
1342 4187 1549 4264 πολυθεΐαυ

353 4275 550 4360 είςηγοάμιθα
557 4329 567 4358 ,
590 4275 661 4344 άλλά
676 4284 838 4364 μοναρχίαν
852 4279 1039 4364 κηράττομεν.
1077 4285 1255 4367 Μοναργίαν
1269 4281 1303 4346 δί
1316 4279 1549 4380 κηρῦττοντες

352 4373 389 4443 οῦ
404 4376 613 4460 σφαλλόμεθα,
635 4377 706 4444 άλλά
722 4377 923 4467 ὁμολογοῦμεν
936 4381 992 4466 τήν
1008 4382 1124 4472 τριάδα,
1146 4381 1262 4466 μονάδα
1277 4385 1309 4450 έν
1323 4383 1455 4472 τριάδι,
1487 4399 1549 4474 χρή

351 4476 456 4565 τριάδα
475 4481 507 4544 έν
525 4479 648 4562 μονάδι,
670 4487 742 4566 μίαν
761 4481 890 4568 θεάτητα
907 4483 1035 4571 πατρδς,
1058 4488 1111 4552 καλ
1126 4487 1213 4567 υίοῦ,
1235 4488 1286 4552 καί
1309 4482 1401 4574 άγίου
1430 4505 1549 4570 τηειρ
