3148 4938
359 232 494 285 ennean
513 233 580 284 ιιι.
593 233 625 284 ιι.
642 231 725 285 ron.
739 232 770 284 ιι.
788 229 888 284 nura.
904 229 1001 282 nxrx.
1198 217 1260 282 dud
1339 230 1344 239 ·

97 352 188 418 nandi
204 362 236 414 et
255 351 393 417 hortandi
415 352 501 418 linem
524 353 633 418 nnllam
654 350 799 429 iaciebat,
829 349 1015 414 auscultante
1037 347 1165 414 nemine.
1210 343 1260 410 Es

97 475 158 539 quo
177 473 282 520 omnes
298 453 367 518 illae
383 465 486 518 contra
508 455 600 539 ipsum
626 453 728 518 turbae
752 453 897 518 enodatae
919 473 954 515 ae
972 461 1159 537 comparatae
1180 457 1260 528 sont,

98 556 139 621 eb
151 543 297 620 'eximium
315 555 394 620 illius
409 558 544 621 ardorem
565 577 601 619 ac
615 557 742 620 studium
761 554 900 618 diuinitus
918 555 948 617 in
966 573 1035 618 eum
1060 574 1076 615 a
1094 553 1149 618 deo
1172 553 1262 616 coba·

99 670 174 724 tam.
221 655 309 740 Quae
324 679 373 722 res
391 679 428 723 eo
447 679 539 742 usqne
556 659 702 742 prooessit
725 667 756 722 ut
774 659 944 741 frequenter
967 654 1056 720 exilia
1074 654 1260 732 sustinuerit,

98 772 132 826 et
145 760 183 824 ab
201 759 341 839 Arianis,
373 760 420 844 qui
441 771 501 826 tum
522 759 635 824 viribus
652 781 687 821 ac
706 758 836 844 putealia
856 758 1020 844 pollebant,
1045 777 1098 842 per
1119 775 1261 820 summam

97 863 304 947 indignitatem
322 862 596 926 excommunicatas
611 861 711 926 luerit.
744 859 855 926 Verum
876 861 912 924 de
935 861 965 924 b.
983 860 1148 924 Athanasio
1165 859 1263 922 baete·

98 987 169 1032 nus.
216 962 301 1046 Quae
320 964 396 1028 enim
421 964 456 1027 ad
480 985 546 1027 enm
570 963 750 1042 attinebant,
775 983 863 1048 supra
880 963 909 1024 in
927 959 1089 1026 Meletiano
1105 961 1262 1024 schismate

98 1069 248 1137 declarata
271 1077 351 1132 sunt.

12 1253 13 1260 ἵ
186 1169 291 1236 Redeo
304 1169 360 1234 iam
376 1170 412 1233 ad
429 1169 554 1248 Arium,
578 1169 627 1253 qui
645 1167 763 1253 pessimi
780 1166 933 1232 daemonis
950 1168 1046 1232 afflata
1061 1166 1124 1252 pari
1141 1165 1260 1251 liuguae
1279 1171 1340 1242 top.
1354 1175 1415 1228 xtt.

12 1271 13 1364 J
99 1273 344 1339 immoderatione
372 1282 402 1336 et
430 1271 608 1356 impudentia
635 1291 668 1335 os
694 1291 778 1334 sunm
803 1271 948 1335 adversus
968 1270 1124 1346 ¹dominum
1154 1268 1262 1334 ellerre

12 1375 13 1386 ’
100 1397 165 1440 nen
182 1373 334 1439 dubitavit.
381 1370 457 1438 Cum
476 1373 610 1458 inprimis
637 1373 775 1441 videlicet
793 1370 962 1438 Salomonis
988 1373 1066 1436 illam
1090 1372 1119 1435 in
1141 1390 1262 1457 prover·

98 1478 161 1544 biis
182 1475 357 1544 sententiam
384 1474 572 1562 interpretari
599 1475 705 1542 vellet:
738 1480 876 1540 Demeam
897 1480 1005 1538 meruit
1028 1497 1072 1538 mc
1089 1479 1260 1557 prouerbium
1271 1486 1402 1541 Pernen.

99 1586 212 1644 emm
230 1599 364 1653 caeram,
398 1589 465 1640 uate
485 1579 729 1660 seculasunduoit
750 1601 810 1653 me,
845 1584 874 1641 a'a
890 1583 971 1642 abitio
986 1590 1134 1660 antequem
1156 1589 1261 1640 taram

12 1685 13 1700 ¹
88 1687 221 1766 secaret,
245 1693 274 1744 et
287 1693 439 1762 antequam
454 1692 567 1744 crearet
582 1681 709 1759 etymo,
734 1693 885 1762 numqaum
897 1685 1050 1762 prodirent
1058 1684 1159 1764 sunem
1174 1700 1263 1761 oqua-

12 1773 13 1800 ³
95 1807 178 1860 ram,
196 1795 344 1865 numquam
358 1785 672 1864 montcsfirmarentar,
693 1794 759 1844 oute
773 1805 867 1846 omncs
881 1787 968 1846 colles
981 1788 1084 1864 geem't
1098 1805 1150 1845 me.
1185 1780 1264 1845 llinc

99 1886 217 1952 erroris
241 1885 286 1950 noi
311 1885 515 1952 introducendi
532 1885 719 1951 occasionem
744 1895 848 1950 nactus
872 1896 928 1950 eat.
974 1883 1041 1950 Nec
1056 1885 1137 1950 illum
1161 1883 1289 1949 musve.

12 1983 14 2006 ”
98 1987 263 2075 discipulos
278 1987 382 2074 puduit
395 1987 517 2052 verbum
534 1987 695 2071 illudqnod
714 1987 811 2052 omnia
826 1987 951 2066 creavit,
976 1988 1051 2072 quod
1070 1998 1185 2071 epatre
1198 1985 1263 2050 siue

12 2083 15 2116 ²
101 2103 238 2176 tempore
255 2089 397 2175 initioque
413 2088 544 2175 genitum
559 2099 623 2166 eat,
647 2099 812 2154 creaturam
830 2089 940 2154 dicere.
976 2088 1043 2174 Qua
1058 2111 1099 2154 ex
1115 2111 1173 2153 una
1190 2108 1264 2153 voce

12 2189 13 2198 ³
100 2194 245 2278 deinceps
261 2193 291 2256 in
311 2193 402 2258 multa
421 2213 456 2258 oc
474 2213 565 2278 praua
584 2211 718 2257 errorum
735 2191 909 2256 diverticula
928 2193 1160 2258 consceleratum
1182 2207 1265 2256 meu*

12 2299 15 2326 ⁵
101 2306 164 2360 tem
190 2295 367 2373 immittens,
399 2315 454 2360 neo
473 2297 537 2380 ipse
559 2295 663 2374 niodo,
696 2295 748 2358 sed
777 2294 843 2359 eius
867 2305 897 2358 et
922 2295 1074 2360 doctrinae
1096 2303 1264 2359 sectatores

101 2397 235 2462 inlicitas
251 2398 281 2462 in
298 2396 345 2461 dei
364 2397 454 2462 lilium
473 2417 509 2462 oc
526 2398 660 2483 spiritum
676 2406 809 2460 sanctum
830 2397 1024 2462 contumelias
1038 2397 1187 2461 coniicere
1205 2415 1264 2460 non

12 2525 13 2528 ¹
101 2499 285 2565 dubitarunt.
327 2497 423 2564 Porro
440 2499 526 2563 iidem
541 2498 583 2562 illi
600 2508 721 2562 sanotae
739 2511 769 2563 et
783 2499 967 2564 orthodoxae
985 2498 1050 2563 fidei
1067 2509 1154 2584 atque
1171 2497 1266 2562 ecole-

101 2602 170 2668 siae
193 2602 359 2686 conlectum
384 2601 475 2666 veluti
501 2600 620 2685 globum
649 2601 895 2686 concordiamque
919 2601 1093 2681 solverunt,
1127 2621 1185 2666 non
1209 2599 1266 2664 ulla

12 2707 14 2734 ³
101 2703 224 2790 quidem
241 2704 371 2791 ipsorum
390 2704 418 2768 vi
437 2713 489 2766 ant
506 2703 668 2788 sapientiae
700 2702 785 2789 ponci
804 2704 881 2768 enim
907 2703 942 2767 ab
965 2702 1002 2768 iis
1028 2702 1139 2768 inducti
1156 2723 1191 2766 ao
1209 2702 1266 2766 cir·

102 2807 254 2872 cnmvcoti
270 2817 350 2872 aunt.
397 2802 458 2870 Sed
477 2805 609 2892 plerique
625 2817 675 2870 aut
691 2825 745 2891 per
761 2806 978 2871 simulationem
995 2806 1190 2891 obrepentes,
1215 2815 1266 2868 aut

102 2909 135 2973 ri
153 2909 266 2989 eoacti,
290 2931 357 2974 cum
376 2908 463 2993 longe
481 2909 557 2974 aliud
574 2908 603 2974 io
621 2908 720 2973 auimo
737 2909 890 2988 inserent,
914 2907 1014 2974 socios
1033 2929 1066 2974 se
1088 2908 1146 2972 illis
1164 2907 1266 2971 adiun-

12 3023 13 3028 ’
101 3023 227 3077 xerunt.
272 3009 381 3096 Neque
397 3031 470 3076 vcro
488 3009 516 3074 itl
538 3010 655 3076 aliunde
671 3010 858 3076 conciliatum
876 3019 942 3089 est,
966 3010 1022 3075 nisi
1037 3011 1115 3095 qnod
1139 3011 1175 3076 ad
1196 3010 1266 3074 lide·

103 3115 179 3179 lium
193 3113 398 3200 probationem
414 3113 443 3178 id
460 3134 476 3178 o
496 3113 552 3178 deo
570 3113 744 3199 permissum
760 3124 826 3178 est·
858 3112 997 3178 Accessit
1013 3123 1044 3176 et
1057 3113 1267 3199 imperatorum

103 3217 212 3296 favor,
237 3215 322 3282 onius
343 3217 456 3282 initium
480 3235 499 3282 a
513 3211 691 3281 Constantio
714 3217 892 3302 imperatore
917 3216 1080 3301 prolectam
1103 3227 1160 3282 est.
1207 3211 1268 3299 Qui

101 3341 174 3384 oum
191 3319 299 3386 ceteris
316 3319 346 3384 iu
361 3317 450 3384 rebus
465 3316 662 3405 perhumanus
679 3339 714 3384 oo
730 3318 825 3384 bonus
843 3329 934 3397 esset,
959 3327 1060 3404 utpote
1075 3319 1174 3404 magni
1189 3319 1268 3383 illins

104 3432 140 3486 et
163 3421 194 3486 in
218 3423 297 3486 omui
316 3420 435 3488 virtutis
458 3439 570 3506 genere
590 3421 730 3506 perlecti,
754 3419 946 3507 religiosique
966 3419 1155 3488 Constantini
1178 3420 1267 3500 lilius,

103 3523 158 3610 qni
175 3523 321 3590 sinceram
341 3545 379 3588 ex
405 3523 504 3588 auimo
528 3523 613 3587 fidem
637 3533 809 3588 constanter
828 3524 967 3588 retinuit:
999 3525 1051 3590 sed
1072 3536 1102 3590 et
1119 3521 1269 3590 Constan-

102 3626 169 3692 tius
185 3626 247 3711 ipse
261 3627 327 3713 pirus
342 3625 472 3712 alioquin
488 3647 524 3692 ac
538 3626 636 3690 moltis
656 3624 810 3712 probitatis
827 3626 1010 3692 ornamentis
1028 3627 1190 3713 praeditos,
1215 3627 1269 3690 bac

103 3751 169 3794 nna
189 3751 222 3794 re
240 3729 390 3794 aberrauit
406 3732 488 3814 qnod
501 3750 559 3794 noo
574 3727 750 3814 impressae
767 3739 888 3814 parente
911 3728 978 3792 bdei
1003 3728 1127 3814 uestigia
1149 3740 1270 3794 secutus

103 3842 168 3897 est.
215 3829 302 3916 Quod
327 3831 421 3916 ipsum
441 3841 537 3898 tameo
558 3852 616 3896 noa
633 3831 711 3896 illius
727 3831 811 3915 eulpa
830 3831 954 3911 luctam,
987 3833 1038 3896 sed
1063 3832 1269 3896 nouutollorum

105 3933 232 4012 fraude,
257 3933 305 4017 qui
322 3934 351 3996 io
370 3933 417 3997 die
433 3931 532 4000 iudicii
548 3933 694 3999 rationem
707 3934 849 3998 redditori
868 3945 954 4013 sunt3
980 3935 1027 4018 qni
1044 3936 1146 4020 specie
1160 3955 1195 3998 ac
1218 3955 1270 3998 no·

103 4035 190 4101 mine
206 4046 291 4100 tenus
309 4034 438 4120 episcopi
456 4036 600 4100 sincerum
617 4035 662 4099 dei
682 4035 766 4100 lidcm
783 4035 1011 4100 labefactarunt.
1040 4037 1190 4121 Aqnibus
1205 4057 1271 4122 pro·

103 4139 157 4204 ool
175 4137 262 4202 dubio
281 4159 339 4201 iton
356 4137 449 4222 ipsius
471 4138 557 4201 modo
583 4139 648 4202 lidci
673 4137 821 4202 reddenda
844 4137 922 4202 ratio
945 4148 1008 4219 est,
1032 4140 1083 4204 sed
1101 4139 1272 4204 insectatio·

104 4263 181 4308 num
199 4241 345 4306 ecclesiae
360 4240 490 4304 omnium
509 4262 543 4305 ac
558 4250 703 4306 tantarum
721 4239 916 4306 calamitatum
933 4251 964 4305 et
979 4241 1123 4322 caedium,
1148 4263 1223 4327 quae
1241 4241 1273 4305 in

142 4390 169 4447 t.
186 4393 376 4460 neomlsblurcs
384 4397 474 4448 ootetot
483 4398 601 4448 Petootos.
618 4398 675 4448 Gor-
709 4405 774 4447 root

103 4467 195 4519 παίω
209 4467 285 4526 matt,
303 4462 376 4531 ponci
390 4462 565 4516 eniminriteti
576 4462 675 4532 decepti
743 4465 767 4516 5.
786 4464 830 4522 ‘tati
849 4475 895 4516 adt.
910 4468 935 4532 io
948 4465 984 4518 ed
1002 4465 1092 4534 Pano,
1104 4465 1184 4518 cnon.
1201 4471 1272 4530 repet.
