3116 4934
310 247 370 312 198
736 258 1045 310 ειειοτιιιειεειιιιιι
1109 295 1111 302 .

301 374 342 442 “A
357 372 376 442 δ
394 373 469 450 θεός
485 377 666 455 συνέζευξεν,
690 373 853 460 ἀνθρωπος
868 373 908 459 μὴ
925 377 1082 458 χωριζέτως
1110 373 1149 442 Τδ
1168 376 1221 458 μέν
1235 373 1292 462 γάρ
1309 373 1361 442 ἀπ’
1376 373 1458 460 ἀνάγ-

309 503 365 560 ιιης
380 483 510 562 χωρίζειν
527 475 586 543 ἀπό
609 476 777 562 ἀνδράπου
795 476 935 564 ύπάργει,
957 477 989 544 τό
1008 481 1041 543 δέ
1057 478 1129 561 μετά
1148 479 1345 564 προαιρέσεως
1362 481 1460 564 ἐγκρα-

309 579 448 646 τεύεσδαι
467 579 522 646 ούκ
542 578 710 664 άνθρόπου
727 583 847 660 έδειξεν,
871 578 941 645 ἀλλά
959 589 1037 646 θεοῦ
1052 579 1085 646 τδ
1109 583 1204 666 έργον.
1248 582 1309 645 Καί
1330 583 1388 664 έχει
1413 581 1462 664 μέν

309 680 421 764 ἡκατά
437 681 530 762 φύσιν
552 681 666 768 ἀνάγκη
685 683 825 759 πολλάκις
847 684 976 766 μέμψιν,
1006 681 1053 749 δτι
1076 682 1114 748 ού
1137 681 1209 767 μετά
1232 679 1411 768 εὐλογιστίας
1431 682 1461 749 τό

309 783 473 871 ἐπάναγκες
488 787 667 864 ἐπιτελεῖται,
690 783 760 849 ἀλλά
777 784 862 862 έκτδς
878 792 932 851 τοῦ
950 784 1078 862 κανόνος
1093 787 1225 868 βέβηκεν.
1261 784 1306 850 Ού
1323 784 1379 871 γάρ
1394 784 1461 850 έπά-

189 910 240 956 m·
252 899 298 943 ⁵⁰²·
313 884 451 972 ναγκεςή
467 889 631 969 θεοσέβεια,
654 883 725 951 ἀλλά
742 889 775 952 έκ
790 889 990 971 προαιρέσεως
1006 886 1027 970 ἦ
1044 886 1229 971 δικαιοσύνη.
1272 886 1314 954 Τά
1329 889 1362 952 δέ
1377 887 1463 968 φύσει

309 991 351 1064 εἰς
365 991 539 1072 θεοσέβειαν
554 988 717 1074 έιτάναγκες
733 989 849 1074 φανερά
864 993 942 1056 έστιν
956 989 976 1055 δέ
992 999 1028 1080 τῇ
1044 989 1132 1071 φύσει
1146 993 1382 1075 έτιιμεμέτρηται,
1400 986 1462 1055 οῖον

308 1089 341 1156 τό
359 1090 400 1173 μὴ
419 1089 585 1176 πορνεύων,
608 1088 640 1157 τδ
658 1091 699 1174 μή
716 1090 870 1175 μοιχεύειν,
893 1090 926 1158 τδ
942 1091 983 1177 μὴ
997 1091 1190 1178 ἀσελγαίνειν,
1211 1090 1245 1158 τδ
1263 1089 1304 1174 μή
1322 1095 1354 1157 έν
1367 1089 1463 1179 ταύτῷ

309 1197 543 1278 δευτερογαμεῖν,
566 1192 599 1259 τδ
619 1192 660 1276 μή
680 1191 828 1278 άρπάζειν,
850 1194 882 1260 τδ
902 1193 943 1279 μὴ
962 1193 1089 1274 ἀδικεῖν,
1111 1193 1144 1261 τό
1162 1193 1204 1277 μὴ
1219 1192 1352 1276 μεθύειν,
1374 1192 1409 1259 τδ
1425 1191 1463 1275 μή

309 1292 484 1380 ἀδηφαγεῖγ,
505 1294 538 1360 τύ
558 1295 599 1379 μὴ
617 1295 828 1379 φαρμακεύειν,
852 1295 886 1363 τδ
902 1296 943 1380 μή
960 1301 1186 1382 είδωλολατρεῖν,
1210 1294 1242 1360 τδ
1260 1295 1301 1378 μή
1316 1295 1463 1376 φονεύειν,

308 1397 342 1464 τό
369 1397 409 1504 μη
431 1405 636 1483 καταρᾶσθαι,
657 1398 690 1464 τδ
714 1397 755 1482 μὴ
779 1404 939 1484 λοιδορεῖν,
962 1399 995 1465 τδ
1016 1399 1057 1483 μὴ
1078 1397 1219 1481 ὀμνύναι,
1242 1395 1417 1484 ἀγανακτεῖν
1436 1423 1464 1464 τε

309 1503 361 1566 καὶ
383 1499 456 1583 ταχύ
476 1499 678 1586 πραύνεσδαι,
707 1499 875 1587 ὀργίζεσθαι
895 1503 947 1567 καί
965 1501 1006 1585 μη
1032 1499 1225 1586 ἀμαρτάνειν,
1256 1499 1295 1584 μή
1319 1500 1465 1566 έπιδύνειν

309 1601 396 1685 ἥλιον
415 1605 465 1668 έπέ
483 1611 524 1691 τῷ
540 1611 747 1692 παροργισμῷ·
772 1603 829 1669 2ἰδ
851 1604 883 1669 δέ
903 1603 988 1694 γάμῳ
1007 1611 1201 1687 συναφθῆναι
1222 1602 1293 1685 μετά
1315 1601 1464 1686 εύνομίας,

311 1703 442 1788 ἡφύσις
460 1705 583 1788 δηλάοει
606 1709 638 1774 έκ
655 1714 732 1772 θεοῦ
749 1708 902 1790 ἐκτισμένη
926 1709 976 1774 καί
1001 1711 1200 1792 έπιτραπεῖσα.
1246 1707 1307 1770 Καὶ
1327 1705 1365 1770 τά
1384 1704 1464 1784 ἀλλα,

311 1807 368 1874 δσα
390 1810 450 1873 ἐστὶ
473 1815 595 1874 τοιαῦτα
602 1860 610 1888 ,
633 1807 708 1874 κατά
731 1807 861 1896 θάτερον
882 1811 939 1892 ἔχει
959 1817 1014 1893 τῆς
1034 1812 1197 1892 έιτισκοττῆς
1218 1807 1251 1875 τδ
1274 1810 1388 1894 μέτρον.

173 2222 242 2292 Κεφ.
262 2223 294 2295 β’.
396 2213 473 2280 Ἀλλ’
489 2213 530 2294 οῖς
548 2219 614 2302 περί
631 2215 745 2282 τούτων
761 2222 854 2284 εἰπεῖν
872 2218 1107 2303 προειλήφαμεν,
1129 2221 1162 2286 έν
1177 2216 1264 2308 όλίγῳ
1279 2217 1366 2307 γάρῳ
1383 2212 1467 2284 οὗτοι

311 2315 495 2404 ύττύρχουσι,
524 2321 592 2404 περὶ
616 2319 671 2402 τὴν
694 2325 828 2407 Φρυγίαν
849 2348 880 2387 τε
901 2325 952 2387 καῖ
970 2326 1106 2387 Κιλικίαν
1125 2322 1175 2387 καλ
1195 2325 1385 2405 Παμφυλίαν.
1433 2326 1467 2386 Τί

283 2475 286 2483 s
312 2414 368 2490 ούν
388 2420 445 2507 άρα
463 2419 635 2488 ἐκκόπτεται
649 2420 670 2506 ἡ
687 2425 824 2506 ἐκκλησία
838 2421 860 2507 ἦ
875 2422 934 2490 ἀπδ
950 2433 1004 2510 γῆς
1019 2423 1155 2509 περάτων
1170 2421 1238 2508 άχρι
1251 2430 1307 2510 γῆς
1319 2421 1466 2509 περάτων,

312 2527 364 2589 καί
384 2523 483 2590 ούκέτι
502 2528 544 2600 είς
565 2533 664 2591 πᾶσαν
684 2523 738 2609 τὴν
755 2534 811 2612 γῆν
835 2530 957 2612 ἐξῆλθεν
971 2525 990 2592 δ
1006 2525 1145 2612 φθόγγος
1162 2525 1274 2604 αύτῶν,
1297 2527 1348 2591 καί
1368 2529 1411 2602 εἰς
1431 2524 1468 2590 τά

312 2628 425 2712 πέρατα
448 2633 501 2709 τῆς
520 2631 697 2710 οἰκουμένης
715 2627 751 2692 τά
772 2627 889 2714 βήματα
907 2627 1020 2708 αύτῶνς
1043 2627 1111 2694 ούδέ
1134 2625 1232 2694 ούκέτι
1253 2626 1286 2694 τό
1310 2626 1392 2714 παρά
1415 2635 1468 2694 τοῦ

313 2735 445 2813 σωτῆρος
464 2731 632 2815 εἰρημένον,
654 2729 705 2810 τό,
725 2729 853 2796 Ἕσεσθέ
873 2758 923 2815 μοι
942 2731 1088 2818 μάρτυρες
1103 2733 1159 2806 έως
1181 2729 1302 2813 έσχάτου
1324 2738 1378 2813 τῆς
1399 2740 1468 2817 γῆςς

312 2834 356 2895 Εἰ
373 2832 425 2913 μέν
447 2829 502 2918 γάρ
527 2829 581 2898 ούκ
603 2835 680 2898 έστιν
697 2835 729 2898 έν
743 2832 898 2917 σεμνότητι
912 2831 930 2899 ό
946 2832 1056 2919 γάμος,
1077 2836 1127 2898 καὶ
1148 2830 1225 2916 ζωὴν
1241 2830 1346 2916 έγωνδ
1363 2833 1467 2919 γάμος,

313 2940 497 3019 γεννηθεῖσιν
521 2931 590 2998 άνευ
613 2934 719 3021 γάμον.
764 2939 807 3002 Ec
824 2937 856 3001 δέ
873 2934 932 3001 ἀπό
949 2936 1047 3023 γάμου
1067 2944 1241 3022 γεννῶνται,
1271 2934 1329 3022 ἀρα
1346 2937 1470 3020 βέβηλοί

313 3039 369 3101 είσι
384 3033 434 3100 διδ
449 3033 502 3100 τόν
516 3034 619 3121 γάμον.
663 3041 706 3102 Εἰ
725 3039 758 3104 δέ
780 3036 864 3104 αύτολ
883 3037 967 3120 μόνοι
985 3037 1042 3104 σύκ
1063 3041 1119 3104 εἰσι
1135 3039 1272 3122 βέβηλοι,
1300 3043 1352 3103 καί
1373 3045 1422 3104 τοί
1438 3065 1469 3125 γε

316 3135 398 3213 όντες
414 3135 474 3203 ἀπό
492 3137 606 3224 γάμου,
629 3137 666 3205 ού
686 3143 812 3224 βέβηλος
828 3139 846 3207 δ
860 3139 972 3227 γάμος,
995 3141 1071 3207 διότι
1089 3139 1160 3206 ἀνευ
1179 3139 1272 3206 αύτσῦ
1290 3139 1390 3217 ούδελς
1406 3167 1468 3228 γεν-

314 3239 478 3323 νηθήσεταέ
493 3267 572 3307 ποτε
595 3245 626 3309 έν
649 3241 760 3331 κόομφ.
805 3245 865 3308 Καί
890 3243 983 3326 πολλή
1007 3249 1051 3321 τίς
1073 3246 1150 3310 έστιν
1170 3241 1191 3326 ἦ
1215 3250 1274 3309 τοῖν
1296 3241 1470 3329 ἀνθρώπων

314 3341 424 3426 πλάνη,
447 3341 497 3408 διά
517 3349 665 3422 ποικιλίας
686 3349 738 3410 καλ
760 3353 875 3412 πολλῶν
888 3345 1073 3430 προφάσεων
1091 3347 1276 3431 έργασαμένη
1297 3344 1330 3410 τδ
1352 3353 1471 3426 φαῦλον

314 3453 351 3535 τῇ
366 3442 543 3536 ἀνθρωπεία
559 3446 661 3528 φύσει,
684 3449 735 3514 καί
750 3447 924 3532 πλανήσασα
939 3450 1063 3514 ἕκαστον
1078 3447 1127 3514 διά
1144 3447 1323 3535 προφάσεως
1339 3446 1402 3514 άπδ
1419 3455 1472 3533 τῆς

313 3546 463 3632 ἀληθείας.

153 3693 154 3696 =
179 3653 247 3728 Κεφ.
262 3659 296 3728 γ’.
402 3655 463 3716 Καὶ
477 3654 532 3735 έχει
550 3653 603 3736 μέν
619 3645 675 3718 οὖν
693 3650 856 3730 ἀποταξίαν
871 3651 892 3735 ἦ
909 3655 1061 3735 έκκλησέα,
1083 3650 1143 3718 ἀλλ’
1160 3649 1198 3718 ού
1217 3651 1401 3736 βδελύττεται
1418 3653 1473 3720 τόν

315 3753 418 3840 γάμον.
464 3756 525 3820 Καὶ
550 3757 606 3836 έχει
624 3752 848 3837 ύκτημοσύνην,
870 3753 941 3819 ἀλλά
963 3753 1018 3822 ούκ
1040 3759 1187 3840 ἐπαίρεται
1213 3763 1294 3822 ιτοῖν
1316 3757 1347 3820 έν
1369 3755 1474 3840 κτήσει

315 3857 506 3940 δικαιοσύνης
521 3854 714 3942 διεαρχδντων
731 3859 783 3922 καί
799 3859 831 3921 έκ
851 3863 910 3922 τοῖν
927 3861 1013 3925 ίδέονν
1029 3861 1141 3945 γονέων
1160 3857 1286 3940 έηόντων
1302 3856 1388 3933 ὅπως
1403 3861 1472 3925 fav-

315 3969 379 4036 τοῖς
401 3962 504 4025 τεκαὶ
526 3970 589 4036 τοῖς
609 3961 809 4042 έπιδεομένοις
832 3961 998 4045 ἐπαρκέσαι
1043 3963 1103 4025 Καί
1128 3957 1282 4043 ἀντέχονται
1304 3959 1474 4044 βρωμάτων

316 4063 431 4143 πολλοί,
453 4060 512 4128 ἀλλ’
527 4060 564 4128 ου’
583 4069 760 4143 φνσιοῦνται
782 4061 856 4127 κατά
876 4069 935 4127 τοῖν
952 4062 991 4146 μη
1010 4061 1212 4146 ἀπεχομένων·
1241 4060 1260 4128 δ
1278 4060 1335 4148 γάρ
1359 4065 1475 4130 έσθέοον

316 4163 368 4231 τδν
389 4163 429 4249 μή
448 4169 587 4234 έσθίοντα
604 4165 645 4248 μή
666 4169 873 4246 έξουθενείτω,
895 4167 946 4232 καί
963 4163 981 4233 ό
998 4165 1038 4250 μη
1062 4167 1173 4232 έσθέων
1192 4163 1245 4231 τδν
1267 4167 1409 4231 έοθίοντα
1433 4166 1474 4252 μή

350 4423 374 4475 2.
392 4427 458 4474 ιε’ίκί
474 4427 544 4488 ναίμσ
559 4422 655 4494 τῷῐδλ.
909 4430 941 4476 ιιι
955 4429 1073 4478 Ριίουῖοε.
1108 4427 1156 4477 διδ
1172 4422 1323 4491 έπαέρισδαι
1336 4429 1360 4476 λι
1376 4430 1392 4477 λ
1409 4433 1477 4478 τίτα-

353 4491 522 4548 cn.111.-
559 4493 579 4545 ί.
598 4490 665 4546 κατά
678 4493 729 4546 τοῖν
744 4496 876 4557 ιντμίοοίιιι
909 4499 971 4544 τίνοι
984 4495 1125 4558 αίμετίιιδι
1140 4499 1208 4558 σίηιιι
1222 4500 1397 4562 καταφρονεῖν.
1414 4499 1475 4547 Plu·
