3116 4934
354 303 489 354 rannuu
506 301 570 355 ιιι.
582 299 614 356 u.
631 301 713 356 rom.
730 303 748 354 ι.
767 301 866 354 nana.
882 303 951 356 arx.
1153 304 1156 310 “
1174 289 1234 358 179

80 447 113 490 ιι
139 443 230 510 penca
256 424 415 488 uniuersos
441 443 508 488 csse
535 433 708 510 potestatem
734 423 908 504 qrbitretnr‚
940 435 973 487 ut
999 423 1076 488 illius
1103 424 1235 489 criminis

80 549 190 612 poenas
212 526 411 605 constituant,
436 547 560 611 cumque
582 529 700 612 punitos
722 526 758 589 ob
781 526 808 589 id
829 525 962 590 homines
980 527 1104 604 viderit,
1128 528 1235 592 imitari

81 641 109 692 ιι
123 629 189 715 ipse
206 630 295 710 velit,
321 651 355 694 uc
373 641 509 714 tanquam
529 630 565 693 de
581 633 640 694 reis
655 629 791 694 iudicium
806 647 953 692 exercens
976 641 1098 694 mortem
1117 630 1174 693 illis
1192 631 1237 693 iu·

81 735 158 796 lerre
179 744 316 800 conetur.
362 729 516 796 Eiusmodi
539 732 645 818 quippe
667 749 779 817 poenas
802 732 865 816 ipse
888 731 1056 816 persolvetq
1080 743 1139 796 tom
1161 733 1238 816 quod

81 835 188 899 nullan
205 857 222 897 a
240 834 370 920 principe
387 834 451 898 eius
468 835 509 898 rei
523 845 700 918 potestatem
718 835 881 919 acceperit,
907 845 965 898 tum
988 835 1063 918 quod
1087 836 1238 918 aequalem

80 937 109 1002 in
124 957 231 1002 omnes
248 938 362 1022 legibus
374 933 562 1002 constitutam
576 957 698 1022 poenam
710 957 778 1002 esse
789 937 844 1000 sibi
857 937 1048 1024 persuaserit,
1067 958 1101 1000 ac
1113 937 1239 1022 denique

81 1062 132 1126 per
155 1041 335 1126 imperitiam
353 1039 558 1123 inscitiamque
577 1059 660 1102 suum
687 1038 738 1103 tuli
758 1039 871 1104 scelere
895 1041 1018 1104 exitium
1036 1040 1092 1102 siti
1116 1059 1151 1103 ac
1174 1059 1239 1124 pcr-
1372 1121 1373 1124 Ἴ

81 1143 188 1206 ιίιίιιι
216 1141 405 1206 consciverit.
452 1139 496 1206 lta
519 1141 607 1206 etiam
631 1143 690 1222 illi,
723 1163 787 1206 cum
813 1142 899 1206 simul
924 1141 1022 1206 cornia
1045 1141 1241 1226 permisceant

82 1245 219 1308 omnibus
235 1246 428 1323 exciderunt,
453 1263 576 1329 cumque
592 1244 711 1308 divinae
728 1243 898 1329 disciplinae
918 1250 1055 1309 accurata
1074 1243 1240 1327 cognitione

82 1358 217 1426 careant,
235 1347 362 1410 alienum
379 1346 409 1410 in
425 1347 570 1412 tramitem
585 1367 700 1411 sunrmo
716 1367 818 1411 erroro
836 1347 1032 1412 deduxerunt.
1065 1345 1145 1410 lstud
1164 1345 1242 1409 enirn

83 1469 267 1534 nequaquam
285 1449 467 1528 discernant,
493 1449 580 1514 telem
599 1469 666 1514 esse
683 1450 797 1534 aqualem
815 1449 955 1529 diximus,
979 1451 1009 1514 in
1026 1449 1180 1536 scripturis
1194 1467 1242 1512 sa·

83 1555 141 1616 cris
164 1553 284 1616 modum
307 1573 341 1616 ao
365 1553 507 1616 rationem
531 1553 753 1638 praescriptam.

168 1653 204 1720 Si
227 1656 342 1740 quidem
361 1675 435 1740 quae
453 1655 619 1718 sacerdotio
641 1666 760 1741 propter
781 1655 960 1738 singularem
985 1654 1143 1718 functionis
1165 1654 1242 1718 illios
1262 1654 1322 1724 erp
1336 1653 1380 1706 lv.

85 1759 256 1843 dignitatern
280 1759 436 1844 praecipue
461 1757 569 1820 tribula
588 1767 674 1836 sunt,
699 1779 733 1820 ea
755 1759 790 1820 ad
814 1779 916 1821 omncs
940 1759 1133 1821 communiter
1154 1757 1244 1842 perti·

86 1883 155 1926 nere
178 1861 320 1924 indicunt.
365 1857 439 1924 lllud
461 1859 576 1945 quidem
599 1859 768 1926 audierunt:
800 1857 975 1946 Episcopum
1001 1857 1397 1946 irreprehensum-tunae

86 1965 140 2027 lem
159 1985 229 2027 esse
250 1973 406 2048 oportere,
436 1964 522 2026 nnius
547 1963 652 2026 uxoris
671 1963 783 2042 virtum,
813 1963 1040 2043 continentem„
1059 1963 1194 2026 similiter
1216 1972 1246 2026 el

86 2069 242 2130 diaconum
258 2078 289 2128 ct
306 2065 524 2151 presbyterum.
559 2062 603 2128 lta
621 2065 696 2128 enirn
712 2069 843 2150 prolecto
862 2085 929 2129 sese
945 2087 994 2130 res
1011 2067 1109 2144 habet,
1133 2077 1165 2130 ut
1180 2073 1247 2150 post

87 2165 201 2232 Christi
218 2169 249 2230 in
266 2168 367 2232 orbem
385 2177 530 2230 terraram
546 2169 715 2247 adveutum,
741 2189 793 2232 eos
809 2170 973 2252 omnesqui
993 2169 1153 2233 seeundum
1170 2169 1247 2254 prio-

88 2293 136 2334 res
156 2273 275 2355 nuptias
293 2281 407 2333 mortua
424 2291 520 2334 uxore
537 2269 621 2334 elteri
638 2291 705 2334 sese
724 2269 830 2356 nuptiis
847 2271 987 2354 illigariut
1001 2271 1186 2335 sanctissima
1202 2271 1248 2333 dei

89 2371 240 2458 disciplina
265 2371 396 2451 reliciat,
426 2383 582 2458 propterea
602 2375 677 2456 quod
702 2372 882 2437 irtcrcdibilis
906 2385 953 2436 est
972 2375 1128 2437 sacerdotii
1154 2374 1248 2437 honor

89 2497 123 2538 ac
139 2475 280 2558 dignitas.
325 2475 426 2559 Atque
446 2471 523 2538 istud
542 2473 636 2560 ipsum
653 2487 841 2540 sacrosancte
861 2477 907 2539 dei
932 2477 1057 2540 ecclesia
1079 2497 1144 2539 cum
1169 2475 1247 2539 omni

91 2578 261 2662 provisione
284 2576 490 2662 diligentiaque
514 2590 626 2642 servat.
674 2576 753 2661 Quin
775 2599 840 2642 eum
865 2579 1002 2664 insuper,
1031 2579 1078 2662 qui
1102 2577 1195 2642 adhoc
1218 2579 1248 2640 in

93 2679 279 2744 matrimonio
294 2679 374 2763 degit
391 2701 425 2742 ne
441 2679 541 2744 liberis
557 2681 606 2744 dat
622 2700 753 2766 operam,
779 2681 895 2744 tametsi
912 2681 998 2746 utrius
1014 2681 1053 2745 sit
1069 2680 1172 2744 uxoris
1189 2681 1246 2758 vir,

95 2803 279 2868 nequequam
298 2795 395 2846 lamen
416 2783 451 2846 ad
469 2781 600 2864 diaconi,
626 2784 807 2870 presbyteri,
832 2784 960 2870 episcopi
984 2795 1033 2847 aul
1057 2783 1250 2870 hypodiaconi

95 2887 226 2950 ordinem
249 2885 392 2964 admittit,
417 2887 468 2948 sed
487 2907 552 2948 cunr
576 2886 719 2950 duntaxat
741 2887 788 2970 qui
807 2886 843 2948 ab
862 2887 948 2950 utrius
972 2886 1075 2951 uxoris
1093 2897 1251 2952 cousuetu-

94 2991 160 3053 dine
178 3009 246 3054 aesc
263 2987 460 3067 continuerit,
484 2997 536 3051 aut
553 3008 588 3051 ea
608 2989 647 3052 sit
662 2989 800 3068 orbatus3
824 2989 900 3072 quod
921 2989 950 3051 in
973 2988 1029 3052 illis
1046 2987 1120 3054 locis
1137 2989 1250 3076 praeci·

94 3115 148 3178 pne
171 3093 220 3170 dt,
245 3091 293 3154 ubi
316 3086 508 3154 ecclesiastici
531 3111 661 3154 canones
683 3103 820 3156 accurate
842 3103 1010 3156 servantur.

178 3194 298 3258 Atenim
317 3192 465 3256 nonnullis
487 3193 580 3256 adhuc
605 3193 634 3257 in
660 3195 733 3257 loeis
754 3194 938 3280 presbyteri,
969 3193 1082 3258 diaconi
1106 3205 1136 3258 et
1158 3195 1250 3281 hypo·

95 3297 206 3361 diaconi
222 3297 334 3360 liberos
349 3293 522 3379 suscipiunt.
568 3293 766 3381 Respondes,
791 3317 850 3360 aron
871 3295 939 3360 illud
955 3319 994 3360 ex
1010 3298 1133 3362 canonis
1148 3307 1250 3362 aucto-

95 3401 179 3464 ritate
195 3399 279 3475 deri,
303 3397 356 3461 scd
372 3407 492 3482 propter
508 3397 654 3462 hunricum
675 3399 839 3481 ignaviam,
863 3421 938 3484 quae
961 3402 1049 3464 certis
1072 3402 1251 3486 temporibus

95 3505 281 3588 negligenter
304 3520 394 3585 agero
417 3520 451 3563 ιι
474 3499 635 3564 connivere
653 3503 745 3580 solet,
776 3502 813 3566 ob
834 3501 951 3566 ninnium
974 3503 1072 3588 populi
1093 3503 1251 3566 multitudi-

96 3627 180 3684 nemq
203 3625 270 3669 cum
289 3603 406 3666 scilicet
420 3603 466 3686 qui
485 3604 520 3666 ad
540 3625 590 3668 eas
608 3625 641 3668 sc
661 3605 826 3668 functiones
849 3606 995 3690 applicent
1018 3627 1076 3668 nou
1098 3605 1182 3668 facilc
1203 3623 1251 3667 re·

96 3710 260 3793 perluatur.
307 3701 393 3786 Quod
413 3707 448 3768 ud
471 3706 563 3790 ipsam
582 3708 696 3790 quidem
712 3707 866 3771 ecelesiam
888 3708 1009 3786 attinet,
1034 3727 1087 3784 ιι,
1112 3715 1212 3790 utpote
1234 3727 1252 3768 a

94 3823 198 3874 uncto
221 3805 327 3894 spiritu
355 3806 430 3870 bene
456 3808 590 3873 ordinata
613 3820 701 3894 atquc
727 3809 902 3889 constituta,
934 3811 1008 3895 quod
1032 3809 1184 3874 decentius
1207 3817 1254 3871 est

97 3914 230 3978 omnibns
254 3913 285 3974 io
308 3909 397 3974 rebus
420 3910 629 3991 considerans,
653 3912 680 3975 ei
701 3912 743 3976 rei
768 3913 888 3976 studere
907 3911 1088 3997 potissimum
1113 3909 1251 3991 instituit,

97 4029 216 4102 atquae
239 4013 341 4076 divino
357 4013 467 4076 numini
491 4013 652 4077 ministeria
671 4025 875 4097 praestantur,
899 4015 977 4077 nulla
995 4033 1045 4091 rc,
1071 4014 1165 4096 quoad
1190 4014 1251 4078 lieri

98 4130 209 4203 polest,
243 4115 459 4194 distrahuntur,
492 4117 591 4201 utique
615 4117 758 4201 spiritulia
784 4117 880 4178 omnia
909 4116 1001 4178 ollicia
1029 4135 1115 4198 quana
1143 4115 1253 4202 optima

98 4221 316 4304 lectissimasque
333 4219 513 4282 conscientia
529 4229 682 4304 geruntur.
729 4213 794 4281 lloc
814 4217 903 4301 igitur
920 4217 985 4280 dico
1004 4229 1124 4305 propter
1141 4219 1253 4286 subitas

99 4325 264 4388 [unctiones
283 4334 372 4407 atque
391 4321 484 4386 officia
500 4322 678 4401 convenire,
702 4331 735 4384 ut
749 4321 903 4406 presbyter
917 4341 951 4382 ar
968 4319 1122 4400 diaeonus,
1147 4331 1176 4384 ιι
1193 4321 1254 4406 cpi·

99 4447 204 4512 scopos
220 4428 275 4490 deo
292 4425 410 4512 penitus
426 4435 523 4488 vacet.
569 4421 646 4488 Nam
670 4425 695 4487 si
716 4423 773 4488 illis
795 4423 883 4490 etium
906 4423 954 4507 qui
974 4443 990 4487 ι
1012 4425 1119 4510 populo
1138 4432 1205 4487 sunt
1225 4423 1253 4486 id

101 4531 191 4614 ipsum
216 4527 368 4615 apostolus
392 4528 550 4613 praecipite
587 4531 639 4601 Ut,
670 4525 781 4612 inquit,
808 4531 847 4589 od
870 4539 977 4608 tenpus
997 4540 1097 4592 noceat
1117 4529 1250 4599 urationi,
1266 4533 1405 4594 torem

967 4634 1006 4696 12
1033 4629 1051 4670 *
