3154 4930
317 241 452 294 ranunn
471 243 724 296 maumonii.
743 223 950 294 nannnxvr.
1153 231 1215 298 tos

63 361 170 441 fnisse,
203 328 289 446 atqne
306 361 362 426 boc
379 375 464 450 pacto
486 386 544 428 uon
564 362 683 427 omnino
700 363 806 427 insitam
826 363 899 442 erit,
923 364 997 447 quod
1017 361 1121 428 maium
1145 363 1216 427 dici·

62 475 123 542 tnr,
148 487 212 528 cum
232 464 302 529 boni
319 465 494 530 desiderium
512 467 692 552 conceperit.
738 463 771 531 Si
792 466 906 550 quidem
925 466 1028 529 maium
1047 487 1133 528 omne
1148 466 1215 530 boni

61 567 207 630 inimicum
227 578 288 647 est,
313 569 552 653 quemadmodum
569 569 707 632 abhorret
723 589 739 632 a
758 568 836 633 bono
852 569 970 632 matum.
1003 565 1089 651 Qruod
1106 567 1131 631 si
1150 591 1217 656 pro·

61 671 171 734 misena
189 672 367 757 contusaque
382 672 428 735 vis
445 684 490 736 est
507 671 675 751 amborum,
700 683 731 735 ut
748 681 779 736 et
796 671 889 734 bonus
907 671 983 756 qnod
1001 691 1085 735 sunm
1109 682 1154 734 est
1169 692 1216 736 re·

60 793 204 858 cuperare
219 773 330 853 soient,
355 795 389 838 ac
408 771 593 861 Principatus
610 785 640 838 et
656 773 824 838 Potestatos
837 775 977 840 infestare
992 775 1069 838 belin
1084 775 1216 858 pedeque

61 879 189 954 nudare,
214 897 419 961 nonnunquam
446 879 613 962 productam
640 899 656 940 a
684 877 759 941 maio
784 876 937 942 materiam
962 879 1060 941 detero
1088 877 1215 940 inauditus

60 1001 95 1042 ao
115 978 229 1058 toliere,
255 976 328 1044 adias
346 999 418 1066 opas
436 1001 475 1044 ex
491 982 552 1066 ipsa
570 981 676 1058 metiri,
696 980 840 1044 interdum
856 1001 872 1043 e
890 979 985 1044 medio
1002 980 1118 1056 tollere,
1136 1000 1217 1042 snm·

60 1103 108 1147 rna
131 1081 258 1168 nequitia
284 1093 346 1162 est,
378 1093 409 1145 et
431 1083 572 1146 confictae
600 1084 636 1147 ab
659 1085 832 1146 detestando
859 1083 910 1147 itta
933 1083 1049 1146 bomine
1072 1081 1217 1146 narratio-

60 1186 126 1265 niS,
149 1186 214 1249 siva
237 1173 333 1270 potins
354 1185 554 1270 garrulitatis,
579 1185 787 1252 inconstantia.

146 1292 214 1372 Age
230 1309 318 1366 vero,
345 1299 376 1351 nt
389 1285 424 1358 dc
441 1300 545 1352 natura
560 1290 627 1358 mati
646 1289 742 1352 denno
759 1308 925 1352 sermonem
944 1287 1146 1366 instituamus,
1171 1287 1217 1351 dic
1233 1289 1370 1360 ⁶⁸12·th

58 1393 149 1455 sodes
166 1391 204 1453 mi
222 1391 325 1468 bomo,
350 1391 398 1474 qni
418 1391 453 1454 ab
472 1392 625 1456 Aureliani
649 1391 834 1476 imperatoris
860 1401 991 1474 tempore
1011 1391 1045 1454 ad
1068 1388 1123 1454 bno
1146 1403 1217 1454 tem·

58 1515 113 1579 pus
131 1491 256 1570 uenisti,
289 1503 319 1556 et
338 1513 412 1578 qnae
431 1493 539 1558 secutis
563 1493 697 1558 amnibus
718 1493 868 1558 anteriora
885 1504 961 1565 sant,
976 1494 1125 1580 explicare
1148 1515 1218 1558 con·

58 1595 174 1674 tendis,
199 1615 273 1682 qaae
289 1615 344 1659 nec
361 1596 565 1682 prophatarum
589 1597 716 1662 oraculis
738 1617 880 1682 expressa
902 1606 987 1674 snut,
1011 1615 1107 1680 neque
1126 1619 1142 1658 a
1159 1597 1218 1660 sat·

56 1709 167 1762 satore
183 1699 231 1761 vad
247 1698 388 1783 apostolis
405 1700 529 1788 tradita,
562 1700 617 1762 nisi
644 1703 719 1764 torte
742 1698 942 1787 supposititios
965 1700 1104 1783 quosdam
1128 1698 1217 1762 libros

58 1803 140 1871 tatsu
162 1811 330 1865 sanctorum
354 1804 472 1866 nomine
497 1803 653 1888 inscriptos
673 1803 829 1882 obtrudas,
854 1813 939 1886 atque
956 1803 985 1864 in
1004 1802 1129 1864 medium
1152 1823 1218 1888 pro·

57 1906 162 1967 feras:
187 1904 238 1968 sed
258 1904 360 1968 amabo
376 1915 423 1984 te,
449 1907 524 1968 ande
544 1905 628 1968 nobis
644 1905 796 1990 antiquum
817 1905 885 1968 ittet
904 1903 970 1966 uraii
989 1903 1160 1989 principium
1176 1905 1219 1967 ad-

57 2009 163 2070 deres?
197 2003 359 2070 Enimvero
375 2029 440 2070 cnm
456 2029 472 2071 a
491 2007 577 2072 uobis
589 2007 787 2092 interrogatus
801 2009 858 2088 sit,
883 2019 978 2072 utrum
996 2007 1133 2071 rrrntabiic
1150 2007 1220 2071 ittat

55 2133 95 2174 an
117 2108 299 2176 immutabile
316 2111 526 2188 constitueret,
556 2110 734 2176 inmutabile
752 2111 787 2174 ab
812 2131 848 2174 eo
871 2110 938 2194 poni
963 2109 1220 2189 didicimus,·siue

56 2213 161 2298 potius
179 2211 324 2276 interdum
342 2212 497 2290 mutabile,
521 2213 666 2279 interdum
686 2214 866 2278 immutabile
880 2214 1010 2292 definiri,
1035 2215 1108 2278 adeo
1129 2223 1161 2276 ut
1183 2213 1218 2276 ad

54 2316 172 2379 mainrn
190 2316 303 2401 quidem
321 2315 425 2379 mutari
441 2337 498 2379 uon
516 2316 625 2402 possit,
650 2317 685 2380 ad
703 2316 811 2381 boumn
829 2317 938 2401 possit,
972 2327 1003 2380 nt
1019 2337 1058 2380 ex
1080 2315 1219 2379 ambabus

54 2419 119 2482 ittis
140 2417 355 2482 definitionibus
371 2418 525 2482 ludibrium
544 2419 670 2483 humano
685 2419 786 2503 generi
804 2419 919 2482 debeat.
964 2415 1042 2482 Nam
1061 2418 1086 2482 si
1100 2418 1220 2482 iardnitis

52 2521 173 2586 secutis
197 2519 382 2586 immutabitis
408 2521 517 2586 matitia
548 2522 615 2602 tuit,
651 2522 737 2606 idque
761 2541 850 2587 unum
882 2520 1055 2584 vocabalum
1082 2520 1218 2599 obtinuit,

52 2643 160 2709 neque
175 2623 327 2708 qtricquarn
353 2625 594 2708 praetermodum
620 2623 735 2703 habuit,
767 2625 831 2708 quis
854 2622 1031 2686 immobilem
1053 2623 1130 2688 ittam
1153 2624 1220 2687 mati

52 2738 197 2790 naturam
217 2736 296 2789 tanto
319 2725 475 2790 intervallo
493 2728 634 2806 mutavit,
659 2737 690 2790 ut
707 2747 740 2792 se
762 2727 797 2790 ad
816 2725 912 2790 aliena
935 2727 1142 2790 anteverteret?
1186 2723 1221 2791 si

50 2829 80 2894 id
107 2851 150 2893 eo
170 2830 275 2892 iactum
296 2841 342 2892 est
363 2830 439 2914 qnod
465 2831 591 2895 nondum
612 2827 749 2914 praedata
767 2829 903 2894 uirtutem
921 2841 1018 2908 esset,
1050 2849 1146 2912 neque
1168 2827 1221 2892 bo·

51 2955 127 2995 num
149 2943 369 3016 expugnasset,
393 2943 443 2995 aut
462 2933 523 2997 eins
544 2944 720 2996 armaturam
738 2942 923 3018 occupasset,
947 2953 1004 3016 qna
1020 2932 1222 2994 secontirmn·

48 3048 101 3100 ret
128 3056 168 3098 ac
191 3047 342 3120 pasceret,
373 3045 460 3120 atque
483 3037 523 3099 ita
545 3047 588 3100 tot
611 3036 669 3100 ittts
693 3036 802 3100 secutis
826 3034 922 3097 ontnis
939 3054 1049 3120 expers
1076 3034 1220 3114 alimenti,

48 3161 111 3202 neo
132 3158 210 3202 vero
225 3137 302 3200 iilius
318 3138 453 3221 indigens
469 3138 648 3224 permansit,
667 3140 737 3222 quis
753 3159 816 3201 eam
834 3149 984 3213 naturam,
1010 3155 1086 3221 quae
1101 3136 1221 3201 alimen·

47 3253 117 3306 tuna
142 3241 287 3304 baetenns
306 3240 423 3304 minima
441 3241 641 3320 desiderabat,
665 3243 700 3304 nd
719 3241 787 3304 ittad
804 3239 1014 3325 capessendum
1030 3239 1154 3325 impulit,
1178 3241 1221 3304 id·

46 3365 111 3429 qne
145 3344 242 3428 ipsam
270 3343 475 3426 requirendum
503 3343 578 3428 qnod
605 3365 663 3407 non
691 3353 776 3406 antea
799 3342 965 3426 flagitabat?
1000 3344 1028 3406 id
1053 3343 1221 3408 desiderare

44 3447 190 3531 deniqne
213 3444 288 3531 qnod
308 3465 489 3532 nequaqnam
507 3456 594 3509 antea
609 3445 851 3509 desiderauerat?
880 3443 1065 3509 Naturamue
1081 3447 1222 3510 mutavit?

44 3549 110 3616 Ubi
132 3547 229 3634 igitur
246 3547 292 3612 itu
312 3559 373 3626 est,
397 3569 482 3631 quam
499 3547 837 3626 asseris,¹immutabiiis
854 3548 921 3615 mati
943 3548 1092 3612 conditio?
1136 3547 1222 3631 Quod

42 3655 70 3718 si
98 3649 267 3738 pristinum
286 3649 365 3713 idum
388 3671 492 3716 rursus
511 3651 670 3714 adstatnrn
688 3649 807 3728 redeat,
833 3659 864 3713 nt
881 3670 939 3734 quo
957 3660 1095 3732 vescatur
1116 3651 1223 3714 babeat

42 3754 148 3832 nihii,
179 3773 302 3835 quonam
319 3763 402 3838 pacto
420 3754 513 3817 malas
527 3752 588 3832 itte,
614 3763 804 3838 posteaquam
818 3752 898 3817 vesci
915 3754 1115 3832 consueverit,
1141 3755 1222 3819 dein·

39 3881 123 3946 ceps
146 3855 241 3918 vitam
258 3855 384 3920 tolerare
406 3857 471 3920 sine
488 3856 555 3918 cibo
571 3855 698 3942 poterit?
741 3855 859 3920 Etenim
877 3857 902 3918 si
922 3878 979 3940 quo
997 3866 1128 3940 tempore
1148 3879 1222 3920 non·

40 3966 120 4026 duna
142 3957 223 4021 cibis
239 3968 413 4022 assueverat
430 3960 577 4024 sustinere
594 3958 780 4024 nibilominus
798 3980 856 4022 non
873 3959 983 4044 potnit,
1008 3961 1059 4022 sed
1079 3960 1114 4022 ad
1133 3980 1222 4044 qnae·

38 4064 188 4131 rendum
207 4059 340 4145 pabutum
358 4072 405 4124 est
420 4061 577 4147 impulsus,
601 4084 636 4126 ac
656 4062 769 4126 demum
788 4062 944 4150 praedatus
963 4060 1087 4124 animam
1111 4082 1147 4126 co
1169 4083 1222 4146 pro

39 4170 118 4234 cibo
143 4161 262 4228 abusos
279 4173 342 4242 est,
375 4161 425 4226 nbi
447 4164 579 4232 ciborum
601 4163 804 4228 consuetudini
823 4161 994 4246 indulserit,
1012 4163 1110 4252 ¹multo
1126 4164 1222 4230 minus

38 4269 205 4337 cohibere
222 4285 290 4330 sese
304 4253 423 4352 poterit,
442 4288 496 4330 nec
512 4267 568 4331 uida
584 4267 699 4332 ratione
716 4266 742 4328 ei
758 4267 928 4352 persuaderi
944 4265 1050 4348 poterit
1063 4277 1093 4331 nt
1108 4277 1223 4352 postea·

37 4395 143 4464 quam
170 4367 314 4452 ligurire,
345 4389 379 4432 ao
404 4367 461 4431 cibi
482 4371 655 4434 suavitatem
678 4369 809 4454 experiri
834 4369 981 4454 coeperit,
1014 4369 1051 4434 ab
1077 4371 1127 4434 iilo
1154 4393 1222 4436 sese

952 4469 1019 4542 32*
