3176 4930
401 204 536 256 eunoun
555 203 618 254 ure.
633 205 665 254 ιι.
681 203 764 256 rou.
778 205 796 256 1.
815 201 913 252 naen.
928 201 1022 252 uxrv.
1229 189 1288 252 ert

131 343 260 408 eumque
275 324 382 408 aliquid
397 323 546 388 disserere
563 323 709 388 videatur.
746 323 855 386 Verum
871 321 973 384 tlemus
989 321 1044 384 boc
1061 319 1113 400 illi,
1132 330 1165 383 ιιι
1180 329 1290 384 merta-

132 425 191 488 lem
213 445 281 489 esse
298 428 423 491 animam
442 426 572 492 definiat.
618 423 681 490 lam
703 425 824 488 duorum
850 422 972 487 alterum
996 422 1063 507 poni
1086 441 1211 486 necesse
1230 433 1306 500 est,-

133 543 186 592 aut
205 549 276 592 rere
293 529 500 614 pronuntiasse
516 527 682 606 dominum,
707 549 772 590 eum
791 525 985 590 immortalem
1005 545 1071 588 esse
1090 525 1216 589 animam
1240 525 1291 588 do-

132 629 213 709 eoit,
238 631 311 694 etsi
335 632 457 694 eandem
483 631 629 714 corrumpi
656 629 811 694 falsissime
828 629 1009 714 praedicari,
1038 637 1088 690 aut
1109 626 1187 689 illam
1210 637 1290 690 certe

132 753 241 796 revera
259 734 425 818 eorrumpi,
450 733 582 816 adeoque
607 731 800 794 immortalem
818 730 896 794 illene
916 741 1004 814 atque
1025 729 1119 792 exitio
1140 740 1289 793 carentem

132 856 202 900 esse
221 855 372 921 perperam
390 836 525 898 docuisse
542 831 710 910 Christum,
735 843 796 896 tum
811 833 840 896 in
857 831 906 894 illa
924 832 1023 894 divitis
1039 852 1077 895 ac
1092 831 1227 916 pauperis
1247 833 1290 896 hi·

131 936 237 1014 storia,
262 947 322 1000 tum
338 937 367 1000 in
383 936 488 1015 altera,
512 936 542 1000 in
558 957 613 1020 qua
628 933 733 1001 bloses
751 946 838 1022 atque
857 933 937 998 Elias
952 934 1094 1019 apperuit.
1140 935 1231 1018 Atqui
1246 935 1290 998 ni·
1304 945 1387 992 Maru.
1398 947 1430 994 tt.

130 1039 173 1102 hil
189 1051 300 1102 temere
316 1039 432 1104 loeutus
449 1049 507 1117 est,
532 1059 629 1122 neque
646 1037 784 1102 mentitus
800 1038 1008 1100 est'dominus.
1054 1034 1123 1099 Non
1144 1036 1234 1116 enirn,
1259 1049 1291 1100 ut

130 1141 274 1226 apostolis
291 1141 442 1220 illuderet,
465 1142 554 1204 inane
571 1140 607 1204 iis
626 1139 814 1205 simulacrum
831 1160 864 1202 ac
881 1137 1022 1203 ludicram
1042 1138 1170 1224 speciem
1190 1149 1289 1202 osten-

132 1246 192 1323 dit,
222 1265 287 1308 curn
311 1244 341 1306 in
366 1241 577 1308 montellliam
601 1265 635 1306 ac
652 1239 790 1327 Moysem
815 1242 966 1320 exhibuit,
996 1241 1147 1326 sedqood
1170 1241 1288 1326 reipsa

130 1357 219 1410 erant
235 1347 301 1412 sine
322 1346 381 1408 ullo
402 1344 556 1410 mendacio
578 1343 728 1429 patefecit.
774 1343 858 1410 Unde
881 1345 928 1408 vel
953 1343 1188 1429 imperitissimus
1210 1342 1289 1428 quis·

129 1469 206 1534 qne,
231 1460 262 1512 ut
278 1469 338 1512 nno
356 1447 447 1512 verbo
463 1448 574 1525 dicam,
599 1445 765 1529 intelligere
786 1457 883 1530 potest
901 1447 1093 1533 immortalem
1115 1447 1151 1510 ab
1171 1447 1235 1532 ipso
1258 1457 1288 1509 et

129 1551 215 1616 exitii
238 1551 396 1614 immunem
419 1549 544 1614 animam
568 1568 634 1612 esse
658 1549 836 1612 confirmari.
1331 1581 1392 1647 hap.
1422 1577 1425 1588 ‹

217 1651 361 1738 Corporis
379 1653 475 1736 itaque
495 1651 675 1716 resurreetio
698 1661 760 1730 est,
786 1671 843 1714 non
861 1652 992 1728 animae,
1017 1661 1049 1714 ιιι
1071 1651 1288 1737 corruptionem
1302 1649 1428 1766 &¹3¹va

128 1757 243 1842 lapsum
261 1759 378 1818 Bacchis
397 1757 608 1819 telonearium
626 1765 777 1834 resurgere
810 1763 896 1837 atque
916 1753 963 1816 ubi
984 1753 1167 1831 constiterit,
1192 1764 1222 1816 et
1243 1748 1441 1824 ire-monh

128 1871 292 1924 maturatum
310 1859 414 1937 luerit,
439 1862 515 1920 sieut
531 1861 591 1920 dier
608 1859 713 1930 receti,
738 1853 907 1920 inviolabile
924 1856 1061 1940 deinceps
1077 1877 1114 1918 ac
1133 1855 1288 1940 sempiter-

128 1983 200 2026 num
217 1969 400 2045 permaneat.
431 1957 539 2044 Neque
554 1979 627 2022 vero
644 1960 728 2022 deum
746 1958 882 2022 arbitrari
897 1958 1038 2022 debemus
1052 1959 1195 2045 lapideam
1212 1958 1287 2022 velle

129 2066 249 2127 domum
267 2061 388 2128 flavidis
403 2073 580 2137 exstruere,
604 2081 699 2144 neque
717 2061 746 2124 in
763 2061 884 2124 coelesti
900 2081 993 2145 regno
1011 2060 1152 2124 eximium
1171 2059 1288 2144 aliquod

128 2165 307 2228 domicilium
322 2176 515 2243 construere,
539 2164 592 2227 sed
608 2163 644 2226 dc
661 2183 751 2228 carne
767 2163 863 2246 loqui,
888 2165 963 2247 quod
984 2164 1097 2226 animae
1115 2163 1287 2230 taberniacu-

128 2268 189 2330 lom
209 2279 265 2344 est,
290 2268 366 2350 quod
383 2267 498 2352 quidem
515 2269 578 2330 suis
596 2266 659 2350 ipse
677 2265 809 2330 manibus
828 2266 945 2330 molitus
961 2277 1018 2328 est.
1065 2265 1113 2330 Τιι
1131 2286 1217 2344 vero,
1240 2287 1289 2329 sa-

128 2368 311 2453 pientissime
328 2369 524 2454 Aglaophon,
548 2368 624 2432 hurrc
645 2369 819 2432 admodum
840 2367 897 2430 ista
922 2368 1090 2431 considera.
1136 2364 1286 2430 Facillime

128 2471 206 2534 enim
232 2471 282 2534 illa
304 2471 401 2534 animo
428 2471 611 2556 perceperis,
636 2470 662 2534 si
683 2471 719 2533 ad
742 2469 947 2534 dormientium
967 2482 997 2533 ct
1018 2468 1285 2554 expergiscentium

125 2573 347 2638 similitudinem
370 2573 509 2638 attendis.
554 2571 633 2638 Nam
656 2574 682 2635 si
706 2593 826 2636 somnus
852 2572 980 2656 vigiliam
1001 2573 1151 2658 sequitur,
1183 2581 1212 2634 et
1237 2593 1286 2636 so-

124 2697 227 2738 mnum
243 2676 476 2760 expergefactio,
499 2675 586 2760 idque
603 2674 829 2740 resurrectionis
843 2696 878 2738 ac
894 2676 997 2740 mortis
1013 2685 1058 2738 est
1072 2675 1211 2739 nonnulla
1224 2696 1286 2738 me·
1393 2711 1394 2714 =

126 2777 251 2858 ditatio,
275 2779 379 2862 quippe

412 2883 453 2942 ut
469 2901 567 2942 temno
588 2893 618 2942 et
638 2885 725 2942 morti
741 2885 862 2962 geraritis
883 2917 926 2928 -
946 2915 999 2955 -·,
1297 2876 1416 2985 ,gfff-,ll

125 2981 250 3068 perinde
266 2982 467 3046 necessarium
483 2993 575 3048 estut
589 2995 619 3048 et
634 2982 817 3048 reviviscere
833 2995 927 3048 morte
941 2983 979 3046 sit
995 2982 1154 3070 posterius,
1174 2993 1206 3046 ut
1221 3003 1287 3046 cor·

126 3082 209 3168 poris
222 3083 284 3147 vita
299 3086 449 3162 succedat,
474 3106 540 3148 cam
555 3095 586 3149 et
600 3084 724 3150 excitari
741 3106 757 3148 e
774 3085 986 3150 dormientibus
1000 3086 1143 3169 quispiam
1159 3085 1284 3147 dicatur.

126 3185 248 3250 Etenim
271 3197 338 3250 ute
361 3207 466 3250 somno
486 3186 587 3272 vigilia
611 3186 761 3271 sequitur,
794 3189 895 3272 etqui
918 3188 1025 3251 dormit
1047 3209 1105 3250 eon
1130 3187 1285 3250 incudem

126 3287 249 3352 omnino
266 3287 367 3352 babitu
386 3289 536 3373 persistit,
561 3301 593 3354 ut
609 3291 727 3354 assidue
744 3291 886 3369 dormiat,
910 3292 963 3354 scd
979 3290 1103 3354 subinde
1120 3289 1284 3372 consurgit,

125 3391 168 3454 ita
185 3400 217 3453 et
234 3411 273 3454 ex
290 3401 385 3455 morte
404 3391 464 3456 vita
483 3405 697 3476 consequetur,
722 3415 777 3456 nec
795 3393 915 3458 omrrino
936 3395 984 3478 qui
1003 3403 1136 3456 mortuus
1154 3402 1199 3456 est
1222 3402 1288 3477 post

125 3503 253 3556 mortem
269 3493 372 3559 cedern
389 3495 419 3557 in
436 3504 516 3558 statu
533 3507 715 3580 perseverat.
762 3492 837 3560 Cum
857 3496 933 3560 enim
951 3509 1017 3581 post
1035 3516 1170 3559 somnum
1187 3493 1287 3577 vigilia

126 3595 279 3673 succedit,
304 3606 334 3658 et
353 3607 418 3680 post
435 3596 547 3680 lapsum
568 3597 709 3663 excitatio
731 3609 761 3662 et
783 3610 849 3684 pest
865 3598 1082 3662 demolitionem
1100 3596 1284 3675 instauratio,

126 3717 227 3760 nonne
245 3706 275 3760 et
292 3697 328 3762 ab
349 3719 385 3764 co
401 3699 476 3784 quod
495 3699 665 3779 inclinavit,
689 3702 822 3786 quodque
845 3711 988 3766 mortuum
1015 3701 1286 3786 est„expeetanda

126 3800 309 3866 resurrectio
332 3803 397 3864 est?
440 3799 511 3864 Noe
539 3803 615 3866 euim
638 3803 711 3866 baec
736 3825 791 3868 nos
815 3806 925 3869 lrnstra
948 3804 1139 3881 confitemur,
1171 3811 1285 3888 postea-

125 3921 215 3986 quam
233 3911 365 3966 emortua
385 3923 508 3988 corpore
524 3914 610 3984 suut,
635 3905 730 3970 denuo
753 3907 946 3971 reviviscere.
994 3903 1080 3990 Quod
1104 3905 1198 3991 ipsum
1227 3927 1285 3970 non

125 4005 157 4068 in
183 4025 287 4069 somnio
314 4005 407 4068 solum
429 4017 458 4069 et
476 4009 754 4092 expergefactione,
778 4010 882 4072 sedin
909 4009 1070 4074 seminibus
1090 4029 1124 4072 ac
1146 4007 1286 4093 stirpibus
1338 3991 1343 4002 .

125 4109 262 4186 intuere,
286 4108 311 4170 si
331 4108 426 4187 lubet,
451 4111 691 4193 quemadmodum
713 4112 960 4176 resurrectionem
987 4111 1179 4176 haecomnia
1202 4131 1286 4197 prae·

159 4331 186 4382 2.
206 4325 366 4401 α’ναβιῶσθαι
383 4333 434 4382 eod.
453 4333 548 4396 Rhetllq⁸
