3168 4942
394 171 530 222 PANARH
549 166 611 221 ΗΒ.
624 171 657 220 ΙΙ.
672 170 755 222 ΤΟΜ.
769 170 800 220 11.
819 167 916 220 HAER.
931 167 1027 219 thx.
1223 153 1281 216 721

122 303 191 370 xat,
213 311 306 374 nequae
323 311 363 354 cx
378 291 471 354 solius
488 310 614 374 persona
635 287 706 367 titii,
731 288 782 352 sed
803 299 940 371 tanquam
957 286 993 350 ab
1009 286 1065 350 alia
1083 285 1160 374 inter
1174 295 1285 352 utram·

124 414 184 476 qaae
203 393 357 456 interiecta
375 391 546 456 subiicitur:
570 395 746 452 Nouissimas
761 394 890 452 sinimicus
904 394 1062 451 destruitur
1079 410 1165 452 mors.
1210 385 1285 452 Cum

124 504 225 558 autem
245 493 331 572 dicit,
362 493 460 558 omnia
481 494 547 556 huie
568 513 634 556 esse
654 492 802 569 subiecta,
834 492 904 554 tibet
922 491 989 554 iitos
1007 491 1212 574 interrogare,
1236 513 1286 554 ou-

125 597 174 660 ius
194 616 232 659 ex
255 617 380 680 persona
397 617 458 658 uox
476 595 543 672 itta,
573 599 666 666 bauer,
692 595 880 678 pronuntiata
905 593 954 656 sit.
1000 591 1151 676 Siquidem
1173 593 1287 657 divino·

127 720 192 762 rum
218 696 425 782 mysteriorum
455 696 577 760 altitudo
608 696 742 760 carnales
774 696 907 760 bomines
931 694 1102 778 spiritaliter
1128 695 1283 760 diiudicat:

125 803 202 862 avom
224 802 350 861 earnalis
370 821 426 860 raon
444 803 567 878 percepit
587 820 620 860 eo
642 821 714 880 pune
734 803 782 860 dei
800 811 883 873 sunt,
912 801 1035 858 stultitia
1057 801 1129 858 enim
1151 809 1196 858 est
1215 803 1281 878 ipsi.
1297 815 1439 867 attondat.

127 899 213 964 liaeo
237 902 333 980 enim,
367 905 435 962 Com
458 895 530 962 dabri
550 906 643 962 omnnia
665 907 695 962 ei
712 923 773 962 esse
793 903 936 974 subiecto,
973 898 998 960 si
1024 898 1065 962 ita
1089 897 1285 984 accipiantur,

127 1003 213 1086 quasi
241 1003 302 1066 otto
328 1011 411 1086 pater
435 1001 562 1079 dixerit,
594 1023 696 1066 manoe
718 1014 764 1066 est
788 1024 823 1064 ac
842 1003 956 1066 detecta
981 1001 1124 1064 narratio.
1171 997 1287 1087 Quippe

128 1105 209 1168 satius
230 1105 327 1168 omnia
344 1103 417 1188 patri
436 1102 572 1166 subiecit.
619 1101 673 1168 Sin
698 1125 738 1168 ex
758 1104 808 1167 otii
827 1124 954 1188 persona
976 1113 1146 1187 usurpatum
1170 1114 1291 1188 putetur

127 1206 205 1270 istud
223 1205 336 1290 ipsum,
371 1211 439 1266 Cum
456 1209 529 1267 da‘ett
544 1209 610 1266 darie
627 1211 720 1268 omaro
737 1207 880 1280 subrecta,
906 1226 964 1269 nou
985 1205 1081 1268 minus
1099 1225 1206 1268 sensus
1223 1204 1288 1289 ipse
1349 1248 1355 1258 ·

128 1307 247 1382 debuit,
281 1307 410 1390 eoquod
437 1329 518 1370 mora
543 1307 684 1390 quaedam
711 1329 745 1372 ao
766 1307 887 1372 tarditas
904 1307 977 1384 deo,
1010 1306 1074 1370 siue
1097 1307 1191 1392 patri,
1223 1308 1289 1370 sive

130 1407 360 1472 rationabatur.
407 1407 482 1492 Quis
504 1408 592 1492 igitur
610 1418 655 1472 est
673 1408 721 1494 qui
739 1412 864 1472 subrecto
886 1431 948 1471 esse
968 1412 1040 1470 dr'eit
1060 1413 1175 1470 omnent
1217 1405 1289 1472 Non

129 1510 209 1574 euim
227 1512 447 1595 scriptumest,
480 1515 549 1572 Cura
565 1515 673 1572 ducunt.
719 1509 798 1574 Nam
824 1511 848 1574 si
868 1511 903 1574 ad
929 1510 1019 1574 tilium
1045 1510 1151 1574 reterri
1168 1510 1291 1574 deberet

129 1612 227 1689 istud,
259 1617 326 1674 Cum
351 1617 464 1685 dabunt,
494 1613 543 1676 vet
559 1613 594 1673 ad
615 1614 757 1696 angelos,
790 1613 889 1676 netad
913 1633 965 1674 eos
989 1612 1037 1695 qui
1062 1612 1186 1676 subiecti
1208 1622 1289 1691 sunt,

130 1714 280 1798 pertinens
296 1724 408 1798 posset.
450 1710 512 1776 iam
531 1735 604 1778 voro
619 1735 684 1776 cum
703 1723 789 1778 antea
809 1713 883 1799 patri
903 1713 994 1778 otium
1012 1714 1110 1778 omnia
1127 1713 1291 1778 subiecisse

131 1837 167 1878 ae
186 1815 339 1878 tradidisse
362 1813 527 1892 docuisset,
559 1835 593 1878 ao
613 1813 744 1880 vicissim
771 1815 832 1878 idio
856 1825 968 1899 patrem
993 1815 1090 1878 omnia
1112 1815 1288 1891 subiecisse,

130 1937 238 1980 vocnam
260 1937 349 2000 porro
374 1917 575 2000 captatoribus
592 1938 650 1978 una
678 1916 799 2001 spiritns
815 1917 909 1982 sancti
935 1937 1061 2001 persona
1086 1927 1229 1995 restaret,
1254 1917 1292 1980 ob

130 2018 162 2080 id
179 2017 230 2080 iiiii
248 2039 281 2080 ac
300 2018 390 2103 patris
414 2017 548 2103 personis
564 2019 685 2103 spiritus
701 2021 795 2082 sancti
810 2038 966 2103 personam
986 2040 1044 2082 non
1063 2039 1219 2104 expresse,
1240 2020 1293 2084 sed

133 2119 250 2182 introite
273 2120 443 2198 subtexuit,
476 2119 540 2182 eius
558 2119 696 2184 uidelicet
719 2119 840 2204 spiritus
866 2120 914 2204 qui
937 2120 1027 2204 patris
1054 2132 1084 2183 et
1109 2121 1161 2184 titii
1184 2141 1293 2184 aroana

134 2221 251 2284 nuntiat
268 2243 303 2283 ac
321 2223 470 2305 perdocet.
518 2218 605 2302 Quod
625 2220 692 2284 ideo
710 2223 815 2285 iactum
833 2232 931 2284 estne
949 2222 983 2284 ad
1001 2223 1159 2306 perfectam
1177 2222 1292 2286 trinita·

133 2323 191 2398 tis,
217 2332 247 2384 et
265 2321 408 2388 humanae
424 2333 565 2400 naturae,
590 2323 625 2386 ad
643 2343 728 2405 quam
746 2321 859 2406 gioriae
876 2323 940 2386 fieri
959 2333 1055 2407 potest
1072 2323 1219 2401 accessio,
1244 2345 1295 2388 oo-

132 2422 296 2506 gnitionem
315 2425 458 2508 quispiam
478 2425 607 2488 deesset.
646 2429 754 2486 Deinde
769 2429 946 2498 accessimus,
972 2425 1076 2508 inquit,
1101 2429 1230 2488 autminus
1246 2429 1293 2486 de-

132 2530 259 2587 struitur
277 2547 363 2588 mors.
410 2524 506 2590 Porro
530 2526 578 2610 qui
603 2525 764 2590 destruitur
788 2525 1001 2610 quodammodo
1027 2526 1152 2589 detineri
1178 2527 1295 2591 vinctus

133 2626 324 2710 intelligitur,
358 2637 389 2689 ut
411 2627 486 2711 quod
506 2629 604 2690 iacere
622 2627 736 2692 solebat
757 2649 815 2690 nou
839 2627 975 2692 moliatur
991 2627 1133 2712 amplius,
1163 2628 1295 2713 adeoque

135 2749 203 2792 cum
225 2729 392 2792 destructus
416 2729 470 2806 sit,
496 2750 554 2792 non
577 2729 701 2813 amptius
724 2729 845 2792 existat.

222 2825 299 2911 Quid
325 2829 414 2914 igitur
437 2851 587 2894 sacrarum
606 2830 757 2894 literarum
779 2830 905 2915 imperiti
930 2851 964 2894 ea
989 2830 1024 2895 de
1050 2853 1082 2895 re
1103 2833 1203 2896 dicere
1227 2853 1296 2917 pos-
1339 2846 1399 2912 cap.

136 2931 227 2994 scuti
270 2929 319 2994 An
338 2932 373 2993 dc
392 2929 454 2994 idio
472 2929 657 3016 cogitandum
674 2931 757 2996 nobis
780 2931 849 2995 iilud
867 2942 932 3011 est,
965 2933 1107 3018 regnandi
1130 2935 1218 2998 finem
1243 2955 1297 2997 un·
1320 2914 1427 2966 LXXV·

136 3053 225 3118 quom
246 3053 314 3096 esse
333 3033 497 3096 iacturum?
542 3031 575 3096 Si
600 3033 715 3116 quidem
736 3032 776 3096 ita
794 3052 863 3098 sese
881 3033 929 3096 ilia
949 3055 1009 3096 vox
1028 3032 1159 3098 baberet.
1206 3036 1299 3119 Atqui

137 3134 258 3219 impium
275 3135 410 3217 quiddam
429 3156 446 3197 a
469 3133 554 3198 uobis
570 3134 756 3214 admittetur,
780 3135 805 3198 si
823 3133 903 3198 iilum
922 3135 953 3198 io
972 3135 1152 3200 subditorum
1172 3135 1228 3200 sibi
1251 3159 1300 3200 or·

137 3236 236 3300 dinem
252 3235 387 3318 redigere
399 3236 593 3315 voluerimus,
611 3248 643 3298 ut
658 3258 723 3300 cum
739 3257 812 3322 opus
829 3257 913 3300 suum
929 3238 1121 3322 praestiterit,
1139 3237 1299 3322 'abageado

138 3335 276 3400 desistat.
323 3335 383 3402 Sed
398 3337 475 3400 absit
491 3358 507 3400 a
525 3336 610 3400 nobis
629 3347 687 3400 tam
705 3337 791 3422 impia
814 3339 849 3401 de
868 3334 989 3402 Christo
1006 3339 1165 3404 sententia.
1200 3339 1299 3404 Nemo

137 3439 235 3518 enim,
266 3437 449 3524 quiquidem
471 3439 500 3502 in
519 3439 612 3521 ipsum
635 3438 736 3502 credat
758 3449 809 3502 aot
829 3451 929 3523 speret
946 3440 1118 3520 exanimo,
1149 3441 1300 3525 indiguum

139 3540 293 3628 quicquam
310 3542 345 3604 de
363 3541 440 3604 iliius
455 3540 550 3624 gioria
569 3541 741 3624 praedicare
758 3552 809 3604 aut
825 3542 927 3604 audire
943 3542 1112 3621 sustinebit,
1138 3541 1301 3607 cuiusmodi

139 3663 294 3730 perperam
312 3643 359 3706 isti
379 3653 409 3705 et
426 3642 551 3705 absurde
570 3642 711 3706 sentiunt.
758 3639 899 3706 Ceterum
925 3645 1023 3707 omuia
1041 3646 1135 3708 sacris
1154 3645 1183 3706 in
1206 3644 1300 3709 literis

140 3746 301 3822 docentur,
335 3765 398 3806 eum
416 3749 502 3818 dreit,
535 3749 633 3806 Omnia
659 3747 707 3805 dtr
723 3745 850 3806 suba'eeto
873 3757 956 3820 sunt,
992 3747 1066 3810 baud
1090 3745 1208 3808 dubium
1230 3745 1300 3830 quin

141 3858 261 3931 praeter
277 3845 357 3909 iilum
373 3845 421 3929 qui
439 3845 566 3909 subiecit
589 3844 629 3909 itti
655 3847 772 3910 omnia:
805 3851 872 3910 Cum
890 3860 983 3909 autem
999 3850 1125 3910 subrecta
1145 3852 1174 3908 ei
1191 3849 1305 3930 firerbd

140 3953 251 4022 omnnia,
284 3961 350 4010 tune
376 3960 405 4009 et
418 3949 506 4027 filius
528 3953 587 4028 ipse
604 3949 771 4010 aubri'er'etur
787 3953 817 4010 ei
830 3953 882 4030 qui
896 3951 954 4010 sibi
971 3951 1092 4012 subterit
1110 3955 1213 4012 omnio.
1263 3947 1302 4014 Ut

140 4051 219 4133 quod
236 4049 321 4113 initio
337 4049 499 4112 declaravit
515 4049 655 4134 angelus,
680 4060 782 4134 estque
800 4071 817 4113 a
834 4050 919 4114 nobis
943 4051 1009 4114 boio
1034 4052 1098 4114 tooo
1117 4062 1236 4136 propter
1258 4053 1301 4115 at·

141 4237 195 4288 dem
211 4236 491 4316 detautpraapostttonepa
504 4235 563 4302 napi
576 4251 647 4299 mom
662 4251 702 4288 oc·
772 4238 831 4288 Car.
848 4237 955 4288 LXXV.
970 4265 1003 4278 -
1030 4239 1051 4289 l.
1071 4231 1149 4290 odacri
1167 4239 1236 4289 codd.
1246 4253 1302 4288 anas.

141 4307 242 4355 creuisse
256 4318 396 4365 persuasum
408 4306 465 4354 mita
478 4309 510 4354 ast
523 4319 552 4354 ea
561 4307 654 4366 maaca
667 4307 707 4368 ἱρῑ
741 4311 841 4368 uterque.

140 4373 253 4422 arocobutt
269 4372 332 4433 quod
345 4375 449 4434 ambitam
465 4368 576 4438 τριάδος.

194 4450 286 4510 Corpus
300 4451 436 4496 floeroaool.
451 4451 513 4497 ΙΗ.
1059 4465 1100 4526 46
