3116 4934
324 259 383 321 196
747 265 868 320 ΒΔΝΟΤΙ
886 265 1054 318 ΕΡΙΡΗΔΝΠ

321 393 373 464 ξας
392 385 442 450 ιταί
466 381 519 460 τάς
538 378 720 468 προφάσεις,
743 381 809 465 ἤτε
827 389 886 449 τοῖν
904 380 1013 458 2ἐντός
1030 379 1098 466 παρ’
1116 379 1219 457 αιίτοῐς
1240 381 1404 466 γινομένων
1425 383 1472 462 δη·

321 495 427 567 λοῦσαι,
454 485 549 553 άλλυν
570 487 603 551 δέ
623 483 716 569 μόνον
737 493 779 574 τῷ
802 483 925 568 ὀνόματι
947 483 1224 568 άπομνημονεῦσαι·
1252 479 1294 559 οἷς
1314 483 1347 548 δὲ
1367 479 1389 566 οξ
1409 488 1475 548 θεία

322 588 450 672 δύναμις
472 587 673 675 παρεσκεύασε
696 588 747 652 καί
769 586 953 671 ἐβοήθησεν,
983 589 1039 664 ἕως
1061 586 1172 669 ταύτης
1183 593 1244 668 ’τῆς
1266 586 1407 672 αίρέσεας
1427 583 1476 660 τός

322 690 420 767 πάσας
437 690 634 769 διεξελθόντες
655 687 794 772 οὐδεμίαν
813 692 949 772 εἰάσαμεν
965 687 1197 775 άνερμιὶνευτον,
1219 686 1295 771 πλην
1316 695 1385 770 μιᾶς
1406 686 1473 752 ταῦ-

323 820 384 876 της.
432 792 512 876 Τάχα
529 794 561 860 δέ
577 791 627 858 διά
643 790 676 858 τό
697 794 878 879 ἐπαρθεῖσαν
899 799 939 880 τῷ
957 790 1044 882 τόφρα
1061 789 1160 877 όλίγον
1178 788 1284 877 καιρόν
1305 792 1378 856 8ιιαί
1398 787 1476 854 ῦστε-

324 922 377 982 ρον
392 899 492 978 λῆξαι,
518 894 572 979 τήν
590 893 682 978 αῦτῆς
703 893 871 977 κατάληψιν
892 893 928 960 οιί
947 894 1029 959 πάνυ
1051 901 1156 976 σοφοῖς
1177 896 1313 979 ἔγνωμεν.
1364 889 1475 974 Ταότης

324 999 356 1063 δέ
373 998 467 1081 μόνον
487 999 719 1080 ἐπιμνησθέντες
734 1005 788 1080 τῆς
805 995 965 1079 ὀνομασίας
983 999 1015 1062 ἐν
1031 995 1125 1080 τάχει,
1148 994 1244 1081 όίςιιερ
1261 993 1423 1079 ἐντράματι
1437 1001 1475 1082 τῷ

324 1098 447 1183 όνόμωτι
468 1097 661 1185 χρησάμενοι,
683 1099 926 1185 παρελευσόμεθα
946 1097 998 1165 τόν
1017 1098 1128 1178 τόπον,
1152 1101 1202 1164 ἐπὶ
1222 1095 1275 1174 τός
1295 1099 1395 1184 ἐτέρος
1415 1095 1475 1179 *δή

323 1207 555 1278 διασκοποῦντες
571 1201 624 1286 τὴν
641 1199 737 1288 ὁρμὴν
756 1211 924 1282 ποιεῖσθαι,
947 1204 997 1267 καί
1018 1200 1189 1284 αίτοόμενοι
1202 1205 1262 1265 τῶν
1278 1198 1356 1266 ὅλοιν
1374 1199 1474 1266 δεσπό-

201 1345 252 1390 pag.
265 1334 309 1378 εοο.
324 1332 378 1388 την
394 1313 610 1391 παραφανῆναι
626 1302 704 1387 ἡμῖν,
726 1308 777 1369 οιαὶ
792 1301 828 1369 τά
844 1301 952 1388 άνριβὴ
967 1311 1026 1369 τῶν
1041 1301 1111 1385 παρ’
1126 1301 1228 1380 αότοίς
1241 1305 1404 1389 γινομένων
1417 1306 1475 1368 ἐπι·

324 1409 456 1486 δείξαντα
470 1415 511 1495 τῷ
526 1415 637 1496 σμικρῷ
656 1403 742 1489 ἡμῶν
757 1413 800 1496 νῷ
816 1405 912 1471 πάντα
930 1405 1005 1471 κατά
1021 1404 1174 1491 άιιρίβειαν
1190 1412 1335 1488 σημᾶναι,
1357 1402 1396 1468 ἵν’
1412 1406 1473 1470 ἐαυ-

322 1519 385 1586 τοῖς
409 1535 439 1574 τε
459 1511 510 1575 ιιαλ
532 1519 595 1585 τοῖς
616 1511 706 1585 πίλας
730 1507 785 1590 τὴν
813 1507 979 1594 διόρθωσιν
1002 1508 1198 1591 ποιησόμεθα
1221 1515 1276 1573 τοῦ
1300 1506 1421 1594 φιῦγειν
1441 1505 1474 1572 τό

322 1619 438 1694 φαῦλα,
466 1614 498 1677 ἐν
521 1613 553 1676 δέ
575 1621 638 1687 τοῖς
661 1609 789 1696 άγαθοῖς
812 1613 861 1676 καί
884 1609 1095 1693 άληθεστάτοις
1116 1609 1148 1676 τό
1171 1613 1292 1698 ἐδραῖον
1313 1612 1428 1688 ἑαυτοῖς
1447 1611 1476 1674 ἐν

322 1720 386 1802 θεῷ
408 1717 674 1799 προςπορίσασθοι.

615 2165 752 2236 ΚΑΤΑ
789 2167 1197 2254 ΑΠΟΣΤΟΛΙΚΩΝ,

764 2279 817 2377 μα’
845 2279 868 2379 ἦ
894 2286 954 2357 καὶ
981 2281 1041 2373 ξά.

289 2445 304 2498 ’.
409 2426 499 2494 Μετά
520 2429 553 2493 δέ
574 2428 700 2504 τούτους
716 2427 796 2496 άλλοι
815 2428 941 2507 ἐαυτοός
956 2428 1183 2506 Ἀποστολιιιοός
1206 2427 1380 2512 άνόμασαν·
1409 2427 1476 2513 βοῦ-
1551 2439 1552 2457 ’

323 2537 424 2597 λονται
441 2533 473 2596 δέ
488 2533 539 2596 καί
552 2527 783 2609 ’Λποταιιτιιιοῦς
802 2531 928 2610 ἐαυτοῦς
945 2535 1044 2620 λέγειν.
1091 2531 1270 2600 Φυλάττεται
1286 2532 1320 2598 δέ
1341 2529 1412 2619 παρ’
1428 2529 1477 2598 αδ

322 2641 386 2708 τοῖς
403 2631 435 2697 τό
453 2633 545 2715 μηδὲν
560 2641 732 2718 κεκτῆσθαι.
777 2637 848 2700 Εἰσί
868 2636 900 2703 δὲ
922 2638 973 2701 καὶ
990 2639 1022 2702 οί
1040 2633 1124 2702 αότολ
1142 2633 1326 2718 άπόσπασμα
1343 2642 1405 2700 τοῦν
1424 2641 1475 2699 Τα-

323 2741 425 2798 τιανοῦ
442 2733 611 2818 δογμάτων,
638 2734 856 2822 ΙἘγιιρατιτοῦν
876 2763 906 2802 τε
927 2740 980 2804 ιιαί
1000 2743 1151 2803 Τατιανῶν
1171 2738 1223 2803 καί
1240 2743 1415 2822 Καθνρῦν,
1437 2739 1477 2802 οῗ-

322 2859 398 2912 τινες
413 2834 503 2916 φάσει
519 2836 612 2921 νόμον
628 2836 666 2904 οό
686 2841 914 2925 παραδίγονται·
942 2838 1144 2926 παρήλλαιιιαι
1161 2841 1194 2906 δέ
1213 2836 1283 2924 παρ’
1305 2836 1409 2916 αὐτοῖς
1428 2842 1477 2906 ιιαλ

322 2935 359 3002 τά
373 2937 527 3023 μυστήρια.
571 2939 775 3024 Σεμνόνονται
789 2944 823 3007 δέ
840 2932 934 3026 δῆθέν
948 2940 1171 3026 άκτημοσόνην,
1192 2945 1320 3025 σχίζουσι
1332 2943 1366 3006 δέ
1382 2941 1477 3024 μάτην

323 3031 409 3106 οῦτοι
421 3041 471 3106 καί
484 3039 646 3137 βλάπτρυσι
657 3043 710 3127 τὴν
724 3041 811 3130 άγίαν
823 3051 901 3111 θεοῦ
915 3046 1080 3128 ἐκκλησίαν,
1098 3041 1149 3110 διά
1158 3041 1191 3110 τό
1203 3043 1476 3130 ἐθελοθρηοτιεόειν,

322 3141 495 3221 ἐκπεσόντες
514 3152 568 3228 τῆς
587 3153 641 3212 τοῦ
656 3150 732 3212 θεοῦ
745 3151 985 3232 φιλανθρωπίας.
1032 3145 1108 3212 Οῦτε
1130 3145 1186 3233 γάρ
1206 3145 1478 3232 παραπεπτωκότος

321 3243 403 3322 τινός
419 3249 538 3324 είςδεξις
560 3249 604 3314 ἐτι
622 3253 745 3333 γίνεται,
768 3247 804 3314 τά
818 3247 910 3333 όμοια
927 3250 959 3315 δέ
976 3257 1039 3326 τοῖς
1057 3247 1196 3315 άνωτάτω
1214 3251 1386 3334 λεγομένοις
1405 3275 1478 3336 φρο-

323 3354 417 3428 νοῦσι,
439 3353 507 3432 περί
521 3374 551 3414 ιε
565 3357 619 3416 τοῦ
635 3349 731 3437 γάμου
748 3353 800 3418 καί
815 3359 874 3419 τοῦν
891 3350 984 3418 όίλλοιν
999 3350 1188 3438 πραγμάτων.
1222 3353 1283 3417 Καί
1300 3355 1332 3418 οί
1343 3353 1399 3435 μὲν
1417 3359 1477 3417 Κα-

323 3451 415 3534 θαροί
433 3459 498 3528 ταῖς
514 3455 617 3536 ῥηταῖς
634 3453 726 3538 μόνον
743 3464 873 3541 γραφαῖς
888 3456 1058 3540 κέχρηνται,
1081 3445 1164 3520 οὗτοι
1182 3455 1215 3520 δέ
1230 3463 1295 3530 ταῖς
1308 3457 1478 3540 λεγομέναις

323 3550 472 3638 Πρόξεσιν
486 3551 626 3640 Ἀνδρίου
643 3580 673 3620 τε
688 3559 739 3622 ιιαλ
756 3561 849 3640 Θωμῦ
863 3555 896 3623 τό
912 3565 1045 3624 πλεῖστον
1059 3559 1268 3643 ἐπερείδονται,
1288 3555 1479 3623 παντάπασιν

321 3652 468 3740 όλλότριοι
489 3663 543 3722 τοῦ
564 3656 692 3734 κανόνος
712 3665 765 3724 τοῦ
788 3661 1029 3742 ἐιιιιλησιαστιιιοῦ
1049 3655 1239 3746 ὑπάρχοντες.

406 3759 450 3822 Ec
461 3756 518 3843 γάρ
539 3757 682 3844 βδελυρός
704 3762 781 3825 ἐστιν
801 3757 819 3825 ό
837 3759 947 3846 γάμος,
969 3760 1028 3848 ἄρα
1045 3760 1108 3828 ι’ίλοι
1125 3759 1295 3847 άιιόθαρτοι
1308 3757 1478 3846 ῦπόρχουσι

321 3855 372 3922 διά
391 3857 490 3944 γάμου
512 3862 705 3945 γεγενημένοι.
751 3863 812 3927 Καί
827 3865 855 3928 εί
868 3862 961 3946 μόνον
976 3863 1110 3950 τυγχάνει
1128 3861 1147 3948 ἡ
1165 3861 1234 3951 άγία
1251 3872 1308 3930 τοῦ
1327 3871 1409 3929 θεοῦ
1431 3867 1476 3931 ἐτ-

322 3965 425 4042 ιιλησία
436 3966 495 4028 τοῖν
507 3969 549 4051 τῷ
564 3962 648 4052 γάμῳ
666 3961 908 4048 άποτοξαμένων,
930 3963 1029 4032 οόιιέτι
1043 3964 1061 4032 ό
1074 3965 1169 4052 γάμος
1183 3969 1215 4033 ἐιι
1229 3973 1307 4034 θεοῦ
1321 3962 1478 4051 ῦπάργων,

319 4057 444 4144 ἦπῦσα
468 4067 725 4151 παιδοποιουμένη
751 4065 906 4146 όπόθεσις.
942 4067 1022 4154 ’Ἆρα
1043 4071 1096 4134 καί
1121 4067 1207 4134 αῦτολ
1230 4067 1379 4156 άλλότριοι
1399 4079 1479 4139 θεοῦ

320 4159 503 4250 όπάρχουσιν
527 4163 588 4234 άπό
614 4167 757 4236 τοιοῦτον
780 4171 993 4257 γεγεννημέναι.
1039 4177 1108 4238 Ποῦ
1128 4175 1231 4238 τοίνυν
1253 4169 1287 4238 τό
1311 4175 1479 4258 εἰρημένον,
1542 4229 1543 4241 .

353 4352 379 4405 2.
398 4355 513 4418 λειοτέρα
528 4355 597 4418 ἐντὸς
616 4373 660 4421 pro
683 4357 709 4412 ἐν
725 4364 792 4424 τοῖς,
817 4363 879 4424 quod
913 4377 966 4414 τωο
982 4365 1053 4426 υυίρο
1068 4365 1204 4414 distinctum
1218 4367 1251 4412 ιιι
1265 4365 1313 4414 sic:
1331 4391 1363 4402 -
1379 4363 1479 4448 καιρόν,

320 4423 391 4484 υυλρο
408 4427 479 4472 εοεαε.
914 4431 958 4484 καὶ
979 4423 1081 4496 ὕστερον
1104 4429 1178 4497 λῆξαι
1193 4425 1239 4497 τήν
1260 4423 1343 4498 αὐτῆς
1363 4435 1479 4500 καταλη-
1541 4425 1542 4439 ’

353 4491 378 4542 3.
403 4491 515 4552 Suspicor
540 4487 598 4544 καθ’
619 4487 728 4562 ὕστερον.
748 4523 780 4534 -
815 4497 879 4548 θελε-
914 4503 972 4562 ψιι,
990 4493 1021 4551 οιί
1038 4496 1102 4552 πάνυ
1118 4504 1169 4552 στα.
