3228 4934
336 233 405 297 642.
443 232 458 257 ‘
768 242 891 295 emer!
908 241 1080 294 mnam!

338 365 401 448 λείμ
416 361 470 424 καλ
483 365 625 448 προςοχῇ,
648 355 803 441 ὑποσχέσει
819 385 850 424 τε
864 357 928 442 ἅμα
943 361 993 424 καλ
1011 363 1223 444 φοβερισμοῖς,
1244 356 1307 437 δτι,
1335 366 1407 436 Τοῖς·
1421 363 1499 442 βασι-

337 471 432 537 λικοῖς
448 461 667 546 προςτάγμασι,
690 463 740 526 καὶ
759 467 801 549 τῷ
820 469 874 527 τοῦ
890 463 1032 545 βασιλέως
1051 458 1216 538 Ούάλεντος
1236 465 1328 549 θυμῷ
1351 463 1500 526 έναντιοῦ-

338 575 411 642 σθες
441 573 504 639 τοῖς
527 559 566 646 μῆ
582 565 775 646 βουλομένοις
798 562 874 629 κατά
889 563 943 646 τῆν
960 562 1060 629 αύτῶν
1081 567 1179 630 πίστιν
1194 565 1348 650 φέρεσθαι.
1393 567 1455 628 Kal
1474 569 1500 628 τί

340 689 429 748 φασις
463 671 499 730 Τι’
514 664 569 752 γάρ
586 669 665 731 έοτιν
685 665 703 732 δ
725 667 860 752 λέγομενς
890 663 977 748 Ain}
1002 669 1081 732 ἐστιν
1101 663 1123 749 ἡ
1147 671 1258 745 πίστις,
1290 664 1384 747 μόνον
1402 666 1436 732 δέ
1456 664 1500 730 ότι

338 773 525 847 κενοδοξεῖτε.
560 768 688 852 Ἴδαμεν
703 761 759 834 οῦν
774 766 836 851 είῆ
852 766 928 851 αύτῆ
945 772 1007 834 ἐστι
1022 773 1126 844 πίστις.
1174 771 1273 833 Φαολν
1286 761 1356 848 οῦν,
1377 765 1497 851 Ὁμολο·

338 880 449 958 γοῦμεν
466 869 520 936 τόν
537 873 746 958 γεγεννημένον
761 870 831 936 οἷόν
849 874 882 938 έιι
897 871 1025 958 πατρός,
1047 873 1099 938 καί
1116 868 1174 936 ούκ
1189 867 1374 953 άρνούμεθα.
1412 869 1500 936 Ἀλλά

338 979 385 1042 δεῖ
399 973 493 1057 ῆμῦς,
527 976 640 1054 1φασὶ,
670 971 771 1039 καίτό
789 978 898 1058 κτίσμα
915 971 1086 1060 όμολογεῐν,
1112 975 1166 1038 καλ
1185 971 1220 1038 τό
1237 977 1359 1056 ποίημα.
1406 971 1500 1039 odoi-a

338 1079 370 1144 δὲ
387 1076 592 1164 ἠλιθιώτεροι.
637 1082 708 1168 Πῦν
721 1073 778 1162 γάρ
791 1075 825 1143 τό
842 1075 1012 1159 κνιζόμενον
1033 1073 1088 1160 ούχ
1107 1075 1213 1158 ὅμοιον
1236 1074 1373 1162 τυγχάνει
1395 1084 1438 1165 τῷ
1455 1099 1498 1161 γε·

338 1182 521 1269 γεννημένςο,
553 1177 621 1245 ούτε
637 1177 670 1244 τό
686 1178 871 1264 γεννώμενον
887 1178 994 1264 όμοιον
1013 1186 1056 1267 τῷ
1074 1179 1249 1266 κτιζομένφ,
1278 1178 1405 1262 μάλιστα
1426 1177 1501 1264 πρός

338 1287 454 1366 ἐκείνην
471 1281 525 1364 τῆν
547 1287 617 1364 μίαν
634 1281 789 1367 ἀκραιφνῆ
806 1285 859 1348 καλ
875 1287 984 1348 τελείαν
1000 1280 1113 1348 ούσίαν.
1154 1279 1265 1345 Πάντα
1279 1279 1335 1366 γάρ
1350 1279 1412 1347 ύπδ
1426 1288 1502 1346 θεοῦ

337 1387 501 1452 κε’κτισται·
534 1383 628 1467 μόνος
644 1385 677 1450 δέ
700 1382 718 1450 ό
740 1383 807 1462 υἱός
830 1393 886 1450 τοῦ
903 1392 981 1450 θεοῦ
997 1386 1164 1470 γεγένηται,
1184 1387 1234 1448 καλ
1253 1382 1346 1467 μόνον
1367 1383 1401 1451 τό
1417 1382 1502 1470 ῦγιον

338 1496 457 1569 πνεῦμα
476 1489 509 1552 έιι
530 1486 644 1572 πατρός
660 1495 812 1569 προῆλθε,
842 1490 893 1552 καλ
915 1491 946 1565 έξ
968 1491 1039 1553 υἱοῦ
1061 1488 1155 1569 έλαβε.
1204 1485 1250 1551 Τά
1267 1487 1300 1552 δέ
1316 1483 1389 1552 άλλα
1405 1487 1501 1552 πάντα

338 1589 452 1669 κτιστά,
474 1591 526 1654 καὶ
543 1587 612 1656 ούτε
627 1589 815 1676 προελθόντα
829 1593 863 1656 έκ
878 1587 991 1675 πατρός
1006 1596 1170 1674 προῆλθεν,
1193 1585 1262 1654 ούτε
1277 1597 1331 1655 τοῦ
1346 1593 1418 1655 νίοῦ
1434 1599 1502 1672 λαμ·

338 1693 483 1778 βάνοντα,
507 1691 577 1756 άλλά
595 1696 628 1758 έκ
648 1700 701 1758 τοῦ
718 1692 914 1774 πληρώματος
934 1699 989 1756 τοῦ
1003 1695 1088 1771 νίοῦ,
1115 1689 1222 1766 καθοίς
1237 1693 1419 1778 γέγραπται,
1455 1699 1501 1781 Τῷ

336 1795 392 1882 γάρ
407 1795 485 1885 λόγῳ
501 1803 555 1860 τοῦ
569 1803 646 1860 θεοῦ
660 1792 696 1860 τά
710 1795 808 1860 πάντα
823 1793 1056 1880 ἐστερεώθησαν,
1078 1796 1129 1860 καὶ
1145 1801 1187 1882 τῷ
1202 1793 1346 1877 πνεύματι
1363 1802 1419 1860 τοῦ
1436 1793 1501 1860 στό-

338 1925 430 1981 ματος
453 1897 546 1962 αύτοῦ
570 1895 689 1979 πῦοαῆ
713 1896 839 1979 δύναμις
863 1895 971 1963 αύτῶν.
1013 1895 1115 1976 Ἀλλά,
1146 1900 1263 1977 ’φανὴ
1285 1901 1332 1962 δεῖ
1347 1895 1501 1983 ὁμολογεῖν

336 2003 388 2066 καλ
412 1998 445 2065 τό
470 2005 591 2086 ητίσμα,
621 1997 723 2082 ἐπειδὴ
748 1997 830 2066 εἶπεν
854 1998 1008 2086 ῆγραφῆ·
1041 1997 1263 2085 τροπικῶτερον
1285 1999 1446 2085 λεγόμενον
1466 1999 1498 2065 τό

336 2108 459 2184 κτίσμα,
488 2107 541 2167 καί
563 2111 713 2189 τροπικῶς
731 2103 890 2189 λεγόμενον
910 2101 946 2168 τό
967 2105 1104 2188 γέννημα.
1150 2100 1219 2168 Κάν
1242 2127 1275 2167 τε
1294 2103 1350 2189 γάρ
1373 2107 1501 2184 είπεομεν
1591 2109 1592 2120 ’

335 2207 482 2292 γέννημα,
505 2205 561 2288 ούχ
580 2203 622 2282 τός
634 2211 669 2272 ἓν
686 2213 746 2272 τῶν
766 2204 957 2291 γεννημάτων
972 2208 1104 2291 ἐροῦμεν.
1140 2202 1219 2290 ”Apa
1236 2197 1293 2272 ούν
1309 2208 1341 2270 έν
1358 2197 1383 2295 ᾦ
1401 2209 1501 2291 έροῦοι

214 2338 266 2385 ηις.
280 2327 325 2370 πε.
340 2308 372 2374 τό
389 2311 536 2392 γέννημα,
559 2311 610 2374 καὶ
627 2307 684 2376 ούκ
698 2305 844 2391 α’ληθινδν
857 2307 892 2372 τό
909 2309 1056 2394 γέννημα,
1085 2305 1156 2384 τοῦς
1179 2305 1408 2394 α’κεραιοτέροας
1426 2305 1500 2375 άπα-

336 2419 417 2477 τῶσι.
453 2414 512 2476 Ka}
529 2411 561 2476 τό
580 2415 686 2494 κτίσμα
702 2413 734 2476 δὲ
752 2407 964 2496 όμολογοῦμεκ,
986 2415 1089 2492 φασίν.
1127 2409 1254 2493 Ἐπειδῆ
1272 2411 1328 2497 γάρ
1344 2413 1404 2476 καλ
1415 2410 1499 2496 θύρα
1591 2445 1592 2500 μ

336 2517 474 2597 κέκληται
491 2511 509 2579 ό
529 2515 674 2598 Χριστός,
702 2516 754 2580 καλ
776 2511 863 2592 όδός,
890 2515 942 2578 καὶ
958 2512 1079 2591 στύλος,
1108 2515 1160 2578 καί
1176 2514 1300 2595 νεφέλη,
1323 2516 1376 2580 καλ
1398 2516 1500 2598 πέτρα,
1591 2545 1592 2590 1

336 2621 388 2684 καὶ
405 2615 525 2702 άρνίον,
555 2619 607 2681 καὶ
625 2613 736 2699 άμνός,
765 2618 817 2681 καὶ
844 2621 1024 2702 ῧχίμαρρος,
1053 2618 1105 2682 καὶ
1121 2614 1245 2699 μόσχος,
1267 2618 1428 2695 καὶλέειν,
1451 2617 1500 2682 καὶ
1591 2599 1592 2684 ί

336 2719 435 2803 πηγῆ,
459 2721 508 2784 καὶ
529 2723 637 2799 σοφία,
667 2721 717 2784 καλ
735 2717 838 2804 λόγος,
866 2720 918 2784 καλ
940 2717 1024 2797 νίδς,
1052 2721 1104 2782 καὶ
1127 2717 1261 2805 άγγελος,
1291 2720 1341 2784 καὶ
1361 2716 1500 2804 Χριστός,
1591 2757 1592 2786 ς

336 2824 388 2888 καὶ
404 2819 517 2905 σοιτῆρ,
540 2823 591 2886 καὶ
610 2819 731 2904 κύριος,
753 2824 804 2886 καλ
821 2819 1016 2912 ύνθροιπος,
1029 2824 1080 2886 καὶ
1098 2819 1165 2898 οίός
1182 2820 1371 2906 ύνθρῶπον,
1392 2825 1445 2886 καὶ
1463 2827 1501 2886 λί-
1591 2859 1592 2864 1

336 2935 396 2999 θος
410 2923 636 3008 άκρογοινιαῖος,
658 2926 709 2988 καί
724 2923 816 3006 ῆλιος,
838 2925 891 2990 καλ
904 2922 1072 3008 προφήτης,
1094 2925 1146 2988 καὶ
1161 2919 1261 3008 άρτος,
1282 2927 1336 2989 κοιλ
1353 2923 1500 3008 βασιλεύς,

336 3029 387 3092 καλ
412 3024 590 3108 οἰκοδόμος,
625 3029 677 3092 καλ
700 3025 845 3113 γεωργός,
879 3028 932 3091 καλ
954 3024 1082 3108 ποιμῆν,
1113 3027 1165 3092 καὶ
1191 3025 1337 3109 άμπελος,
1366 3029 1421 3093 καὶ
1445 3027 1501 3093 ὅσα

335 3136 474 3207 τοιαῦτα,
506 3127 601 3208 οὕτω,
632 3131 724 3211 φασὶ,
755 3132 808 3195 καλ
829 3127 862 3195 τό
884 3133 991 3213 κτίσμα
1012 3131 1147 3215 λέγομεν,
1174 3138 1429 3215 καταχρηστικῶς·
1457 3133 1505 3194 δεῖ

336 3229 393 3317 γάρ
416 3228 497 3313 ῆμῶς
519 3229 681 3317 όμολογεῑν.
1220 3251 1224 3258 ’

430 3339 515 3398 Ι(δοῦ
539 3361 572 3419 γε
598 3343 652 3416 τῆς
676 3333 816 3416 τοιαύτης
840 3342 935 3418 κακῆς
964 3331 1108 3410 ύπονοίας
1130 3336 1182 3400 καλ
1205 3338 1400 3421 πανουργίας.
1445 3331 1503 3416 Μὴ
1591 3363 1592 3378 ¹

337 3433 402 3524 δςόη
418 3433 523 3519 κύριός
544 3464 601 3502 τινι
615 3444 675 3502 τῶν
691 3443 746 3520 τῆς
767 3435 912 3520 α’ληθείας
932 3441 1009 3503 οίῶν
1031 3435 1209 3521 ύιιαχθῆναι
1223 3443 1262 3528 τῆ
1277 3437 1402 3528 τοιαύτη
1418 3440 1502 3523 είρει-

338 3543 419 3626 νείγ,
453 3537 497 3621 πῆ
515 3567 580 3604 τινα
599 3539 650 3608 διά
675 3548 735 3606 τῶν
761 3538 904 3606 τοιούτων
928 3537 1106 3608 ύποθέσεοιν
1131 3543 1184 3608 καί
1206 3539 1240 3607 τό
1264 3548 1319 3606 τοῦ
1342 3547 1503 3623 κτίσματος

336 3753 441 3830 λογεϊν.
487 3745 630 3810 Δότοισαν
646 3742 702 3831 γάρ
719 3743 790 3828 ἡμῖν
810 3745 919 3811 τούτου
939 3745 993 3828 τῆν
1009 3753 1113 3832 χρῆσιν
1135 3748 1188 3812 καλ
1206 3745 1262 3828 τῆν
1278 3753 1338 3810 τῶν
1353 3751 1503 3832 λογισμῶν

337 3845 493 3912 άπόδοσιν.
539 3847 647 3912 Πάντα
666 3846 722 3934 γάρ
741 3850 840 3914 έκεῖνο
855 3857 1094 3934 καταχρηστικῶς
1110 3851 1238 3935 τίρηται,
1269 3847 1360 3914 ούδέν
1384 3853 1428 3925 είς
1448 3847 1504 3931 τῆν

336 3949 466 4032 θεότητα
482 3956 535 4015 τοῦ
550 3953 618 4015 οίοῦ
635 3950 851 4033 ένσκῆιττοντα,
883 3947 952 4018 ούτε
969 3955 1070 4035 ἐλλιπῆ
1085 3952 1252 4034 ποιούμενα
1272 3950 1348 4038 πρός
1368 3952 1424 4018 τάν
1446 3979 1503 4017 ιτα-
1591 4023 1592 4034 ,

334 4055 406 4138 τέρα
422 4059 474 4135 τῆς
495 4050 589 4118 αύτοῦ
605 4050 793 4137 ούσεότησος,
821 4051 880 4120 κάν
902 4081 932 4120 τε
952 4055 1036 4141 θύρα
1058 4061 1190 4139 λεχθείη,
1221 4053 1326 4137 ἐπειδὴ
1344 4053 1385 4120 δι’
1407 4055 1504 4122 αύτοῦ

336 4257 440 4340 έπειδῆ
467 4256 557 4336 αύτός
584 4262 661 4326 ἐστιν
684 4261 837 4345 ἑδραίωμα
860 4267 913 4343 τῆς
930 4258 1091 4345 ἀληθείας,
1118 4259 1178 4328 κάν
1198 4285 1229 4325 τε
1244 4263 1368 4343 νεφέλη,
1398 4256 1503 4342 ἐπειδὴ

297 4453 301 4460 .
370 4414 428 4464 (ῐιε.
446 4415 616 4468 ΧΧΧΝ.-
636 4417 656 4469 λ.
675 4416 742 4484 φηολ
759 4421 827 4470 codd.
844 4433 900 4470 ινιτ.
967 4417 992 4470 3.
1010 4417 1118 4488 χίμαρος
1134 4419 1293 4484 τοδλλεδλρ.

370 4485 394 4532 ¹2.
412 4482 479 4552 φηολ
496 4485 565 4534 codd.
581 4499 638 4536 οιιι.
970 4485 1501 4554 θιι.ΧΧΧἿ.-1.ΦιῦγτιδΡπω
1591 4545 1592 4558 ¹
