3116 4934
349 232 485 286 rinnon
503 233 567 284 mn.
580 234 610 286 n.
627 231 709 286 non.
721 233 741 284 1.
758 231 858 286 neon.
874 231 944 285 nix.
1166 219 1226 286 183

72 366 128 432 est,
155 354 210 417 sed
225 353 336 431 senoch
360 373 419 416 oon
434 351 480 416 his
500 353 626 437 donique
645 351 798 438 pronubis
814 363 947 418 mortuus
968 362 1014 416 est
1034 373 1069 416 oc
1091 371 1225 416 rusurre-

71 459 122 521 xit.
170 453 371 540 Quamobrem
390 475 501 520 summo
518 455 555 518 nb
572 455 601 518 id
619 454 783 518 odhibeodn
800 455 898 519 contio
915 465 973 531 est,
996 475 1046 531 ure,
1070 455 1095 518 si
1113 454 1142 517 io
1160 475 1226 536 pec·

71 569 164 624 eumn
187 557 317 643 prolapsi
340 557 500 634 fuerimus,
525 556 747 622 instaurationis
770 557 848 622 itttus
870 577 979 622 corono
1002 556 1088 623 nobis
1111 566 1224 641 pereot.

72 661 125 726 Sed
148 661 175 724 si
200 661 266 744 quis
282 671 381 724 nmen
404 660 502 745 tapsus
522 659 623 738 tuerit,
645 663 795 744 fueritque
809 666 838 722 in
857 663 952 741 ud'prm
966 663 1079 734 delicto,
1105 669 1138 722 ot
1155 679 1226 744 opo.
1239 674 1291 718 on.
1305 675 1325 729 r,
1340 677 1358 720 1.

71 765 158 828 stotus
181 761 330 847 loquitur,
356 773 596 844 proeoccupatus,
627 785 675 826 ooo
694 767 746 844 qui
767 765 912 844 spniu'toles
934 767 1002 824 moi
1026 765 1164 826 eiusmodi
1181 766 1226 824 io·

70 872 167 929 utrm'te
185 871 216 928 in
238 870 342 946 pinno
363 869 504 938 lenitatis,
523 869 712 932 considerans
728 869 918 945 teneo'peun,
942 887 978 926 ne
998 875 1028 930 et
1047 867 1221 928 intenderis.

71 968 216 1052 Quocirca
231 968 256 1030 si
273 967 338 1051 quis
354 979 475 1052 peccato
490 966 600 1050 utiquo,
625 967 827 1050 quodcumque
844 967 958 1030 demum
977 966 1045 1030 ittun
1063 965 1112 1045 sit,
1137 986 1224 1028 nocn-

71 1081 149 1156 patns
178 1068 284 1144 inerit,
317 1067 402 1132 huius
427 1068 507 1132 ittnm
536 1067 695 1153 poenitent.
746 1066 963 1135 Pocniteotiom
989 1067 1066 1134 enim
1089 1068 1136 1132 vot
1160 1077 1226 1152 post

71 1171 242 1258 baptismum
262 1170 368 1256 occipit
384 1171 475 1250 dens,
500 1171 525 1234 si
544 1171 608 1255 quis
630 1173 705 1236 forte
722 1170 889 1252 deliquerit.
935 1169 1013 1254 Quid
1030 1181 1125 1234 nutem
1144 1169 1224 1232 dein·

71 1297 134 1362 ceps
158 1275 268 1350 tarint,
297 1273 378 1336 solus
402 1272 463 1355 ipse
489 1273 583 1336 novit.
628 1275 830 1336 Insorutodr'tdr
854 1273 995 1356 siqnidem
1021 1275 1099 1334 nitius
1121 1275 1377 1342 u'udi'cdrnunnnm

70 1391 147 1453 sunt,
172 1391 204 1440 er
219 1377 429 1455 nuncupanda
451 1378 513 1440 nuuc
537 1379 615 1449 cans.
648 1395 703 1440 nec
723 1385 792 1438 unte
815 1375 892 1440 iltius
916 1377 1072 1444 adventurn
1094 1374 1225 1438 indicare

70 1499 241 1566 quemquam
257 1489 390 1563 oportet,
414 1480 502 1542 donec
518 1481 613 1542 ocum
627 1482 772 1552 dominus,
797 1482 849 1560 qui
863 1489 893 1540 et
905 1479 1042 1540 reneludu't
1057 1479 1222 1541 meconio
1234 1491 1316 1538 noue
1325 1492 1377 1546 no

70 1587 167 1649 cordio
216 1584 258 1644 Et
274 1593 341 1644 tuoe
359 1583 422 1646 tous
441 1584 626 1661 unicumque
641 1583 789 1659 mnufesto
806 1585 873 1644 emt.
919 1585 986 1646 Dies
1005 1584 1078 1644 enutri
1094 1582 1223 1642 doemo-
1237 1593 1376 1644 nuceum

71 1688 121 1760 tn,
145 1688 279 1768 quoororn
301 1688 330 1744 in
352 1687 419 1763 ign
439 1685 622 1746 revelabitur.

151 1783 239 1868 Quae
257 1806 322 1850 curn
342 1784 382 1849 ita
405 1785 482 1864 siut,
507 1803 602 1868 noque
626 1784 790 1854 libertatem
813 1784 849 1850 iis
872 1783 990 1848 omnino
1014 1785 1063 1868 qni
1085 1765 1150 1869 post
1173 1782 1223 1850 be·
1242 1785 1302 1853 ⁰⁸1³·
1318 1786 1360 1836 W·

70 1889 201 1974 ptismnro
224 1887 401 1972 deliquerint
422 1887 620 1966 ostendinus,
644 1907 740 1983 nequo
761 1887 818 1954 itus
841 1907 922 1972 spem
948 1886 1051 1956 solutis
1072 1885 1223 1972 eripimus.

70 1989 244 2056 Misericors
269 1989 347 2056 euim
370 1990 444 2056 dens
467 2000 514 2055 ost
537 1999 566 2054 ct
589 1989 749 2074 benignus,
782 2009 817 2057 uo
836 1999 985 2075 receptum
1008 1988 1226 2074 poenitentibus

69 2093 197 2156 indulsit.
244 2093 292 2158 Ao
307 2091 387 2176 prius
404 2091 518 2174 quidem
536 2102 583 2156 ost
600 2091 800 2160 menifestum.
846 2090 893 2160 De
914 2093 1044 2158 secondo
1062 2112 1135 2156 vero
1155 2090 1223 2160 iltod

70 2195 215 2271 nummos,
237 2193 457 2264 minurientem
473 2213 540 2262 esso
555 2195 654 2274 doum,
672 2195 698 2258 si
715 2215 770 2264 nos
785 2193 938 2261 exanimo
954 2205 1139 2279 poccotorum
1155 2213 1224 2278 poe·

70 2297 169 2360 citent.
217 2294 337 2364 Etenim
359 2295 389 2361 io
408 2316 495 2362 manu
515 2294 564 2361 itte
582 2296 671 2363 vitono
691 2306 722 2360 et
739 2295 768 2362 in
786 2297 909 2364 sutntcm
929 2317 1105 2382 propensum
1124 2295 1224 2360 tinnio·

70 2400 187 2464 oitetenr
205 2407 300 2464 tenet.
346 2393 492 2480 Quidnam
510 2418 582 2462 noro
600 2400 705 2477 insint,
729 2399 785 2470 soti
805 2409 852 2470 est
868 2398 923 2483 ipsi
942 2408 1138 2484 perspectum.
1184 2394 1224 2464 li?

70 2500 114 2566 tud
132 2501 249 2584 quidem
269 2509 404 2578 constet,
427 2500 535 2568 nemini
560 2501 658 2572 incudi
678 2521 746 2572 esse
769 2501 996 2587 poenitentium,
1021 2519 1116 2584 noque
1138 2519 1223 2583 qoem

71 2613 253 2686 peccatorum
272 2602 402 2672 omniun
418 2602 550 2687 poenitet
568 2601 651 2676 retici
668 2615 717 2672 unt
733 2604 862 2676 excludi.
908 2601 1026 2688 Quanto
1044 2623 1116 2684 crgo
1131 2601 1223 2688 magis

71 2706 142 2772 idem
160 2705 188 2770 ei
207 2703 393 2776 tribuendum
414 2715 460 2769 est
482 2705 530 2788 qui
547 2727 612 2774 cum
634 2705 727 2778 ultera
745 2726 841 2778 uxore
865 2702 1003 2790 legitimis
1025 2724 1092 2766 sese
1115 2703 1223 2788 nuptiis

72 2807 203 2891 iltiporitt
246 2803 326 2871 Nom
346 2816 378 2876 ut
396 2806 487 2890 primo
505 2828 582 2878 uuor
598 2829 617 2872 o
633 2808 690 2873 deo
709 2809 870 2880 constituto
888 2820 951 2886 ost,
975 2807 1020 2874 itu
1032 2803 1223 2873 imbecillitati

74 2909 215 2974 hominnm
234 2907 382 2993 posterior
396 2909 519 2978 indulto.
565 2907 652 2993 Quod
670 2911 695 2980 si
712 2911 833 2984 niteram
851 2921 1004 2996 prosterno
1022 2909 1078 2978 sibi
1094 2907 1222 2992 copulet,

74 3013 153 3076 huius
170 3011 226 3076 hoc
242 3012 271 3074 in
289 3020 371 3094 perte
390 3010 534 3076 tolerator
552 3011 718 3078 indomitos.
764 3011 912 3098 Scriptum
933 3023 980 3076 est
997 3013 1092 3089 enim,
1116 3011 1224 3072 Mulier
1237 3029 1376 3086 rodeno.

76 3119 187 3195 altipeta
208 3126 254 3176 eet
268 3117 390 3194 nuptiri,
414 3126 519 3194 quanto
536 3126 658 3196 tempore
674 3121 743 3178 m'm‘t
756 3121 801 3178 uir·
818 3120 897 3178 eino:
920 3121 965 3178 crin
984 3126 1077 3177 nutem
1096 3124 1223 3174 mortuus

74 3219 154 3296 fuer-it
175 3222 231 3290 uer,
264 3217 353 3277 libero
374 3227 431 3291 est,
461 3221 511 3278 cui
530 3221 591 3278 nult
613 3219 728 3280 nubere.
776 3216 843 3302 Quo
869 3218 984 3302 quidum
1008 3215 1137 3288 doulornt
1158 3223 1225 3300 post

78 3319 124 3386 uiri
141 3319 252 3390 obitum
278 3317 315 3385 at
334 3318 413 3385 cnut
434 3317 514 3388 ilium
540 3330 660 3403 peccato
685 3320 805 3393 liborum
829 3339 915 3398 esso,
939 3320 1012 3385 odeo
1031 3329 1062 3389 nt
1079 3315 1225 3382 contrudi·
1306 3379 1307 3384 ,

76 3443 137 3486 core
159 3441 248 3488 nemo
267 3419 371 3504 possit.
419 3417 505 3502 Quod
529 3420 584 3486 hoc
602 3423 700 3494 additu
720 3422 917 3507 significavit,
938 3426 1115 3498 dodonico,
1141 3416 1223 3504 quusi

76 3525 185 3590 minime
201 3546 219 3590 a
238 3523 354 3589 domino
372 3521 410 3588 sit
426 3522 521 3589 atiena
540 3545 615 3608 quoe
635 3535 700 3609 post
717 3526 772 3590 uiri
794 3524 903 3588 obitum
918 3525 1002 3589 ntteri
1020 3545 1053 3588 sc
1069 3523 1134 3586 viro
1154 3542 1224 3584 coo.-

75 3627 215 3704 iuuxerit‚
239 3638 272 3699 ut
286 3645 340 3691 nec
357 3624 438 3696 ittoro
454 3626 583 3692 vicissim
603 3627 652 3711 qni
670 3649 764 3702 uxore
783 3638 898 3696 mortun
918 3647 986 3696 seso
1007 3627 1042 3690 nd
1065 3624 1223 3690 secundum

75 3730 233 3814 applicarit.
282 3732 578 3804 Tauromenitanum,
604 3730 646 3796 nit
660 3731 823 3815 spostolus.
870 3729 961 3796 Addit
977 3739 1086 3806 tomen,
1109 3732 1224 3792 Beonm
1237 3745 1377 3804 nocente

72 3846 157 3899 cotom
177 3844 238 3908 eet,
268 3836 298 3896 ri
313 3835 356 3894 ric
376 3836 518 3898 memorii.
565 3829 776 3912 illudentem,
805 3838 840 3906 ld
862 3837 989 3908 donnico,
1022 3831 1224 3896 idemeston

73 3955 127 3998 nun
148 3935 179 4004 in
204 3944 308 4020 stupro
333 3943 384 4004 ent
406 3934 551 3999 adulterio
576 3935 794 4020 uiolatiouoqne
818 3935 1088 4014 matrimoniorum,
1119 3932 1171 3998 sod
1194 3933 1223 3996 in

73 4037 172 4102 ddncio
189 4048 219 4103 et
237 4031 371 4102 honestis
387 4036 495 4119 nuptiis
511 4036 688 4120 persistere,
712 4037 742 4104 iu
758 4037 825 4116 fide,
846 4037 1027 4122 praeceptis,
1050 4035 1136 4104 ironis
1155 4057 1225 4122 ope·

72 4139 168 4216 ndns,
193 4139 355 4222 religione,
379 4137 515 4216 ieiuniis,
546 4140 642 4223 degum
667 4138 873 4223 obseruantia,
903 4138 1118 4224 uncmosynis,
1142 4139 1225 4205 boni-

74 4253 146 4322 tste,
170 4241 378 4307 beneficentio.
425 4239 508 4306 Hoec
528 4242 604 4306 enim
625 4263 690 4306 cum
714 4242 743 4304 in
766 4241 851 4306 nobis
870 4243 971 4312 insunt
987 4262 1021 4305 oc
1040 4253 1223 4326 permanent,

73 4366 126 4410 ooo
149 4346 262 4410 otiosos
285 4355 316 4407 et
337 4345 536 4410 infructuosos
559 4346 739 4412 constituunt
761 4345 790 4408 iu
813 4345 970 4410 adventum
993 4344 1114 4410 donnini.
