3128 4930
171 2383 239 2456 Κεφ.
252 2384 299 2442 λα’.

310 211 371 275 102
733 221 853 273 εεπατι
870 219 1040 273 αειετιετιιι

313 343 401 404 Κανᾶ
418 335 475 423 γάρ
491 336 680 420 ἑρμηνεύεται
697 334 906 421 ήκτησαμίτη.
953 342 1005 415 Τίς
1019 339 1052 402 δί
1069 339 1146 403 ἐστιν
1162 333 1183 420 ή
1198 337 1381 420 ττησαμίυη,
1405 335 1460 404 ἄλλ’

311 438 334 523 ή
360 437 558 523 κληρονόμοςς
588 441 656 523 περί
679 431 715 522 ής
738 437 756 505 ό
780 437 940 529 ψαλμιμδδς
963 442 995 504 ίν
1018 446 1060 526 τῷ
1083 440 1207 530 πίμπτρτ
1227 447 1336 528 ψαλμῷ
1359 443 1460 526 ἔλεγεν,

309 540 398 626 ’Υπὲρ
415 549 468 624 τῆς
483 540 740 624 κληρονομούσης,
761 544 811 607 καί
828 541 865 606 τά
880 544 954 624 ἑξῆς.
1000 539 1099 624 Γάμος
1113 539 1168 627 γάρ
1184 533 1272 618 οὗτος
1287 539 1328 618 ῶς
1343 540 1463 625 άληθῶς

312 642 521 729 εὐλογημένος,
544 641 604 709 άπό
621 650 675 708 τοῦ
689 641 785 708 τύπου
801 645 913 709 ἐκείνου
928 641 1026 726 λαβῶν
1040 642 1095 726 τήν
1110 641 1270 730 πρόφασιν.
1311 641 1399 710 Ἐκεῖ
1412 646 1462 727 μίν

312 745 368 833 γάρ
392 745 486 831 γάμος
508 739 546 828 ήν
570 743 715 828 αἰσθητός
734 747 766 811 ίν
788 751 877 834 Κανά
893 753 946 828 τῆς
968 750 1138 826 Γαλιλαίας,
1165 747 1216 810 καί
1239 746 1321 830 ὕδωρ
1344 743 1463 830 άληθῶς

314 845 396 925 οίνος
414 846 555 934 γεγονός·
577 850 626 913 καὶ
643 845 757 930 δκλήθη
774 845 847 912 κατά
866 846 924 912 δύο
942 846 1086 931 τρόπους,
1108 851 1158 914 ίνα
1173 845 1205 913 τό
1228 843 1336 930 ύδαρδς
1350 857 1411 914 τῶν
1433 851 1464 915 ίν

312 958 353 1039 τῷ
366 948 468 1039 κόσμῳ
483 951 740 1033 ἐκβακχευομένων
754 947 905 1038 ίπιστύψη
919 955 974 1014 τοῦ
985 948 1083 1034 γάμου
1097 951 1138 1025 είς
1151 950 1348 1035 σωφροσύνην
1358 953 1410 1016 καί
1424 953 1464 1026 είς

312 1054 487 1135 σεμνότητα,
510 1055 560 1118 καί
576 1056 628 1118 ἰ’να
648 1051 707 1118 ’τό
723 1050 828 1117 λοιπόν
844 1050 1089 1135 ίπιδιορθόσεται
1109 1055 1150 1128 είς
1164 1050 1328 1137 εύφρασίαν
1343 1060 1398 1118 τοῦ
1415 1061 1463 1118 λυ-

312 1153 437 1221 σιπόνου
451 1158 536 1220 δίνου
549 1157 600 1219 καί
615 1161 669 1238 τῆς
684 1153 816 1240 χάριτος,
838 1157 888 1219 ’ίνα
904 1150 979 1219 κατά
995 1153 1092 1219 πάντα
1105 1151 1216 1238 τρόπον
1231 1154 1330 1246 φράξη
1345 1155 1382 1220 τά
1399 1153 1464 1221 στό-

312 1283 390 1341 ματα
409 1264 470 1322 τῶν
491 1254 567 1322 κατά
589 1261 695 1342 κυρίου
713 1258 956 1342 ἐπεγειρομίνων,
983 1258 1032 1320 καί
1051 1259 1102 1321 ’ίνα
1122 1260 1200 1346 δείξη
1224 1255 1270 1322 δτι
1292 1256 1382 1333 αύτός
1406 1260 1465 1324 ἐστι

312 1358 386 1436 θεός
409 1358 465 1424 σύν
487 1361 576 1443 πατρί
601 1361 650 1424 καί
673 1363 715 1447 τῷ
739 1355 812 1447 άγίρτ
837 1356 929 1424 αύτού
951 1356 1095 1441 πνεύματι
1119 1355 1152 1422 τό
1177 1357 1259 1444 ύδωρ
1285 1367 1320 1450 τῇ
1343 1357 1464 1449 άμπίλρο

312 1464 463 1548 παρέχων,
486 1465 611 1544 γροίζων
628 1459 699 1527 αύτό
718 1463 750 1527 ίν
768 1458 843 1550 αύτῇ
862 1464 904 1536 είς
926 1457 1007 1526 οίνον
1028 1461 1078 1524 καί
1101 1457 1263 1544 εύφρασίαν
1285 1459 1464 1545 άνθρείπων.

311 1562 369 1629 Ἐν
387 1563 462 1652 άλλρτ
478 1563 510 1628 δὲ
524 1562 606 1652 τόπῳ
623 1562 806 1648 μακρότερον
823 1565 891 1648 περί
908 1561 1021 1628 τούτων
1036 1561 1256 1648 διηγησόμεθα,
1279 1565 1412 1629 ἐνταῦθα
1433 1565 1465 1630 δὲ

315 1663 357 1743 ῶς
379 1669 410 1732 ἐν
432 1665 611 1751 παρεκβάσει
626 1669 784 1750 διέδραμον
802 1664 856 1730 τόν
870 1665 967 1750 λόγον.
1000 1663 1106 1748 ’Ὅμως
1121 1665 1177 1731 δύο
1196 1665 1300 1749 Πάσχα
1317 1667 1370 1749 μδν
1390 1666 1465 1732 κατά

313 1767 367 1851 τήν
393 1766 484 1854 άργήν
504 1775 558 1833 τοῦ
577 1767 764 1854 κηρύγματος
785 1765 803 1833 ό
821 1766 917 1853 σωτήρ
936 1776 1075 1845 ποιεῖται,
1103 1770 1154 1832 καί
1175 1775 1217 1857 τῷ
1237 1773 1325 1858 τρίτῳ
1349 1767 1464 1852 πάσχει,

315 1867 357 1947 ῶς
376 1877 565 1955 πληροῦσθαι
585 1869 621 1936 τά
644 1869 702 1954 ήδη
726 1896 777 1953 μοι
798 1866 873 1936 κατά
896 1868 1002 1935 λεπτόν
1024 1871 1162 1955 εἰρημένα
1185 1871 1253 1954 περὶ
1275 1867 1393 1954 ήμερῶν
1413 1873 1466 1936 καί

315 1981 418 2057 μηνῶν
437 1975 487 2038 καί
507 1969 663 2038 ύπατεεῶν.
710 1975 770 2037 Καί
792 1970 980 2055 πανταχόθεν
1005 1975 1136 2038 διέπεσεν
1154 1968 1173 2038 ό
1190 1974 1257 2058 περί
1281 1971 1393 2038 τούτων
1415 1997 1466 2038 πε·

315 2077 500 2158 πλανημίνυς
519 2073 621 2161 λόγος,
644 2081 702 2140 τῶν
717 2071 888 2161 εύαγγελίων
903 2072 1021 2163 συνριδά
1037 2073 1113 2160 πρός
1130 2073 1236 2158 άλληλα
1253 2074 1391 2158 ἐχόντων,
1413 2077 1467 2141 καί

316 2175 383 2262 μηδ’
405 2175 550 2261 ὁπότερον
572 2183 631 2243 τῶν
651 2173 824 2264 εύαγγελίων
846 2174 997 2242 άντίθετον
1018 2176 1094 2261 πρός
1114 2175 1167 2242 τόν
1189 2179 1288 2262 ἕτερον
1309 2176 1444 2261 ἐχόντων.

402 2380 581 2466 Ἐλεύσομαι
602 2382 635 2448 δὲ
652 2380 740 2448 πάλιν
756 2384 797 2458 είς
811 2379 844 2447 τό
861 2387 1062 2467 προκείμενον.
1108 2381 1220 2449 Φάσκει
1240 2382 1328 2449 πάλιν
1349 2379 1368 2448 ό
1384 2391 1467 2449 Λου.

315 2493 388 2566 κῶς,
411 2495 569 2572 μαρτυρῶν
585 2513 636 2569 μοι
652 2494 714 2561 τοῖς
734 2493 906 2570 πολυμερῶς
927 2486 979 2550 καί
996 2483 1190 2568 πολυτρόπως
1208 2486 1388 2570 είρημίνοις,
1411 2485 1469 2566 ὅτι,

313 2587 449 2675 Ἐγίνετο
464 2593 494 2658 ἐν
509 2591 648 2676 σαββάτῳ
664 2586 904 2677 δευτεροπρῶτςο·
926 2591 976 2652 ἳνα
996 2591 1075 2678 δείξη
1094 2586 1243 2670 σάββατον
1259 2595 1378 2672 πρῶτον
1393 2585 1471 2654 είναι

314 2689 348 2756 τό
367 2688 417 2756 ἄπ’
435 2690 526 2776 άργής
541 2688 663 2775 όρισθίν
684 2693 734 2756 καί
756 2691 850 2774 ῥηθὲν
871 2685 931 2754 ύπό
947 2695 1054 2771 κυρίου
1078 2692 1369 2778 ἐντήκοσμοποιΐρι,
1392 2690 1470 2756 κατά

316 2797 454 2877 περίοδον
471 2791 531 2858 άπό
547 2792 610 2859 τότε
628 2790 693 2876 άγρι
705 2799 759 2858 τοῦ
777 2797 865 2876 δεῦρο
882 2789 957 2856 κατά
979 2790 1052 2856 ίπτά
1075 2789 1183 2876 ήμίρας
1202 2790 1469 2875 άνακυκλούμενον,

194 2923 246 2970 τις.
258 2913 303 2958 εστ.
317 2902 404 2961 τοῦτο
423 2892 499 2960 είναι
515 2901 649 2978 πρῶτον·
670 2893 809 2978 δεύτερον
826 2895 859 2958 δί
881 2892 1030 2976 σάββατον
1049 2893 1083 2959 τό
1104 2891 1163 2958 άπό
1180 2893 1275 2976 νόμου
1297 2891 1470 2979 ῶρισμίνον.

318 2995 431 3062 Φάσκει
450 2995 504 3083 γάρ
527 2995 588 3075 ότι,
610 2995 709 3086 Λήψη
731 3003 829 3084 σαυτῷ
848 2995 998 3082 πρόβατον
1022 2994 1186 3074 ἐνιαύσιον,
1214 2995 1352 3079 άμωμον,
1381 2996 1471 3082 άρσεν

316 3097 403 3182 (ὅπερ
422 3091 460 3182 ήν
476 3097 636 3165 άντίτυπον
651 3107 704 3164 τοῦ
722 3105 880 3183 σωτῆρος),
905 3096 963 3164 α’πό
982 3098 1106 3182 δεκάτης
1121 3105 1174 3163 τοῦ
1192 3097 1296 3182 μηνός·
1316 3101 1366 3164 καί
1390 3102 1472 3166 ἔσται

318 3203 562 3285 διατετηρημένον
578 3199 643 3286 άχρι
659 3209 711 3284 τῆς
725 3201 1043 3285 τεσσαρεςκαιδεκάτης,
1065 3202 1116 3265 καί
1132 3199 1238 3266 θύσετε
1255 3197 1326 3267 αύτδ
1345 3202 1473 3286 ἓσπίρας

316 3311 353 3394 τῇ
368 3303 661 3393 τεσσαρεςκαιδετιάτή
678 3301 786 3393 ήμέρρ·
809 3305 862 3369 καί
879 3305 959 3369 ἔσται
976 3327 1022 3368 σοι
1038 3301 1190 3385 σάββατον
1203 3299 1298 3386 ήμίρα
1312 3301 1395 3388 άγία,
1417 3307 1471 3369 καί

318 3409 422 3473 ίδεσθε
436 3404 529 3488 άζυμα
547 3405 620 3472 ἑπτά
635 3404 760 3490 ήμίρας·
782 3408 833 3470 καί
847 3413 883 3496 τῇ
900 3403 1012 3494 ἑβδόμη
1029 3403 1124 3493 ήμὲριγ
1140 3404 1273 3488 ποιήσεις
1292 3403 1377 3490 άγιον
1395 3405 1469 3488 σάβ-

318 3513 408 3592 βατον
423 3506 534 3591 ἡμέραν
552 3506 644 3594 άγίαν.
691 3510 752 3573 Καί
771 3505 858 3592 όράτε
874 3509 920 3573 ὅτι
940 3506 1076 3591 δεύτερον
1090 3515 1218 3572 καλεῖται
1233 3506 1380 3591 σάββατον
1397 3507 1472 3590 μετά

317 3609 351 3678 τό
377 3611 526 3694 σάββατον
548 3609 569 3691 ή
593 3609 715 3693 τοιαύτη
738 3607 807 3696 άγία
829 3617 884 3676 τού
914 3609 1089 3693 ιπροβάτου
1115 3606 1225 3693 ήμίρα,
1256 3613 1296 3685 είς
1319 3609 1472 3692 σάββατον

320 3711 512 3799 άγιασθεῖσα,
534 3710 591 3776 κάν
611 3735 641 3777 τε
663 3711 792 3797 κυριακή
809 3717 870 3795 είη,
892 3709 949 3777 κάν
969 3714 1106 3796 δευτέρα,
1133 3709 1191 3777 κάν
1211 3737 1240 3776 τε
1260 3716 1341 3795 τρίτη
1362 3739 1470 3777 καταν-

319 3816 403 3906 τήση.
448 3818 505 3892 Ele
522 3815 555 3879 δί
574 3813 648 3880 ἑπτά
670 3811 781 3897 ήμίρας
802 3813 891 3880 πάλιν
908 3811 1163 3896 α’νακυκλούμενον
1184 3813 1320 3897 δεύτερον
1339 3822 1472 3882 καλεῖται

321 3927 451 4000 πρῶτον·
472 3921 522 3984 ’ίνα
539 3920 618 4008 δείξῃ
637 3917 790 3998 ἐντεῦθεν,
812 3916 856 3983 ότι
874 3915 911 3984 ού
926 3916 1020 4001 μόνον
1041 3915 1217 3999 όἸωάννης
1236 3919 1303 4000 περί
1325 3915 1471 4000 περιόδου

321 4017 439 4102 η’μερῶν
461 4024 603 4087 ἐνιαυτῶν
625 4019 680 4086 δύο
705 4023 755 4086 καί
776 4027 866 4105 τριῶν
888 4023 997 4104 ἑορτῶν
1017 4027 1071 4084 τού
1091 4018 1198 4103 Πάσχα
1218 4018 1376 4102 ἐσήμανεν,
1397 4016 1471 4086 dud

322 4123 373 4188 καί
391 4119 409 4189 ό
425 4131 563 4206 Λουκᾶς,
585 4125 636 4190 καί
653 4127 684 4190 οί
697 4121 786 4191 άλλοε.
822 4123 909 4190 Ούτω
924 4121 980 4210 γάρ
998 4121 1104 4204 φάσκει
1122 4119 1258 4206 όνόμος·
1279 4119 1472 4208 ’Λριθμήσεις

355 4311 380 4362 Ἰ.
397 4309 425 4366 τδ
444 4311 534 4376 λυπρὸν
550 4318 706 4378 reponendum
722 4315 813 4364 νίσείυτ
825 4327 877 4364 οια-
912 4315 972 4366 cod.
985 4317 1081 4378 πασσιμ.
1097 4316 1165 4364 habet
1177 4310 1206 4366 εδ
1224 4316 1305 4367 λεῖπεν
1319 4311 1471 4381 ίιτιδιορθιί-

322 4384 394 4434 wisse
421 4383 555 4431 comorius.
597 4387 666 4434 Vertit
692 4386 753 4432 ιαλω
776 4391 827 4430 τοττι
851 4391 878 4430 οε
912 4395 977 4441 οεως
992 4381 1036 4448 είς,
1053 4384 1115 4446 quoa
1129 4385 1187 4434 αι’λλί
1202 4389 1235 4434 ent
1248 4386 1293 4434 ιαἐί
1309 4386 1401 4435 lim
1414 4399 1471 4449 μια-

322 4449 447 4500 tristitiam
463 4447 598 4514 ουττίμεεεε
615 4450 639 4499 in
656 4450 806 4500 hilaritatem
820 4447 878 4508 vini,
912 4455 998 4501 σαίυπτ.

323 4517 446 4570 molestius
473 4514 625 4568 discutienti·
649 4527 675 4567 et
704 4517 798 4585 gratiae
828 4522 880 4573 τελλ.
