3168 4942
309 179 373 246 650
735 193 860 248 ιιααιι
878 193 1049 248 mmm

190 343 242 392 pag.
256 333 301 381 ιιι.
316 315 422 391 σαφοῦς
436 306 628 392 άπεφῆνατο,
655 307 690 376 τδ
707 310 740 376 δέ
754 307 899 394 Ἐποίησα
922 313 992 398 πιρλ
1011 309 1097 389 ῦξίος
1114 308 1266 394 ἐδήλωσεν.
1316 309 1410 378 Οῦτιο
1433 311 1485 376 καί

312 411 331 480 ά
352 413 420 490 οίδς
439 412 506 490 υίδς
526 419 582 480 τοῦ
597 411 712 499 πατρὸς
735 411 949 497 άναμφιβάλως
972 422 1036 490 τοῖς
1059 412 1138 496 ζαῆν
1157 414 1297 480 ἐθέλουσι
1313 411 1486 478 πισιιάιταί

310 541 342 582 τε
355 518 408 583 καλ
425 524 644 599 προςτννεῖται·
666 514 699 582 ιδ
717 518 750 582 δέ
765 514 900 600 άργιερέα
916 518 1071 602 γενέσθαι,
1093 515 1169 582 διάτι
1185 517 1218 582 ἐν
1229 543 1272 580 τι
1291 515 1411 598 σάματι
1428 515 1485 580 αῦ-

310 626 365 686 τοῦ
382 625 424 707 τῷ
440 620 530 703 πατρί
544 616 652 684 ἐαντδν
673 618 874 705 προςῆνιγτιιν
891 615 967 702 ῦπέρ
982 627 1037 702 τῆς
1052 616 1305 703 άνθρωπάιητος,
1328 615 1427 694 αῦτῦς
1443 621 1483 684 ίε-

314 719 400 808 ρεῦς,
423 719 516 797 αῦτδς
533 723 653 804 ίερεῖον,
675 721 782 788 ιάοτῦν
798 723 853 805 μὲν
874 720 1088 807 προςῆνεγιιεν,
1113 717 1189 805 ῦπέρ
1212 719 1313 802 πάσης
1336 723 1400 786 ’δέ
1420 725 1484 786 ατί-

312 847 386 901 σεως
404 820 636 908 άρχιεραιεῦων,
667 822 784 908 άναβάς
806 825 839 890 δέ
862 833 1070 906 πνευματικῶς
1093 829 1146 890 καί
1166 822 1309 905 ἐνδόξως,
1340 825 1376 888 ἐν
1398 821 1483 910 αῦτᾷ

311 935 353 1016 τῷ
372 926 487 1006 σοι’ματι
510 924 650 992 ἐκάθισεν
671 929 704 992 ἐν
720 931 802 1017 δεξιᾷ
826 934 880 993 τοῦ
902 925 1029 1010 πατρδς,
1058 925 1187 1012 γεγονοίς
1204 923 1361 1011 άρηιερεδς
1378 927 1424 1001 τίς
1446 925 1481 991 τά
1572 959 1573 994 ι

313 1031 461 1113 διηνεκὲς,
489 1029 543 1095 καί
567 1027 751 1111 διεληλνθοίς
776 1027 870 1106 8τοῦς
895 1027 1045 1115 οῦρανοῦς
1072 1028 1117 1111 ἐφ’
1138 1027 1236 1106 άπαξ,
1267 1025 1310 1104 τίς
1333 1037 1485 1114 pum&

237 1173 240 1178 ,
313 1134 382 1216 περί
400 1129 492 1198 αὐτοῦ
516 1133 549 1196 ἐν
563 1140 629 1207 ταῖς
648 1137 781 1215 καθεξῆς
800 1133 909 1209 λέξεσιν
932 1129 950 1198 ἆ
971 1129 1063 1206 αῦτδς
1083 1131 1169 1218 ἅγιος
1189 1129 1371 1207 άπάστολος.
1419 1133 1481 1196 Καὶ

311 1237 427 1312 ἐξέπεσε
444 1231 533 1298 πάλιν
548 1232 662 1300 τοῦτων
675 1232 696 1316 ῆ
709 1233 932 1320 προφασιστικῆ
949 1233 1071 1320 διαλογῆ
1086 1242 1140 1318 τῆς
1155 1238 1242 1309 θείας
1259 1241 1406 1319 γραφῆς,
1428 1243 1481 1312 ζι-

312 1341 397 1418 τικῆς
419 1333 529 1419 οῦσης,
551 1338 602 1402 καί
623 1338 716 1420 μηδέν
737 1338 862 1421 έχοῦσης
884 1340 926 1414 είς
947 1336 1127 1424 πρόςττομμα
1147 1345 1276 1419 πιστοῖς,
1298 1335 1385 1419 ῆείς
1400 1335 1482 1404 ἐλάτ-

311 1465 395 1522 τωμα
417 1442 607 1522 βλασφημίας
629 1437 706 1526 πρδς
726 1438 780 1506 νῦν
800 1439 897 1526 λόγον.

181 1647 249 1717 Καρ
263 1647 297 1717 μ’·
396 1639 475 1709 Είια
498 1646 641 1728 μέμνηται
663 1645 752 1713 πάλιν
774 1647 875 1729 ἑτέρον
898 1649 1007 1730 ῥητοῦ,
1029 1641 1080 1721 οῦς
1102 1641 1246 1727 Ἰωάννης
1270 1643 1367 1722 ἐστρὶς
1391 1647 1482 1734 kq·

313 1745 429 1834 ἐρῆμα,
459 1749 511 1814 καί
535 1745 722 1831 θεασάμενος
750 1747 844 1814 αῦτδν
868 1745 1045 1832 ἐρχόμενον,
1072 1749 1183 1833 ἐλεγεν,
1217 1739 1318 1822 Οῦιῦς
1342 1750 1427 1814 ἐστιν
1448 1747 1483 1813 δν

313 1845 397 1916 είπον
420 1847 492 1933 ὑμῖν
514 1848 560 1917 ὅτι
579 1847 674 1916 α’πίσω
693 1877 751 1934 μου
770 1853 883 1935 ἔρχεται
901 1847 996 1934 άνῆρ,
1025 1847 1060 1926 δς
1083 1850 1257 1935 ἔμπροσθέν
1274 1875 1336 1932 μοο
1350 1853 1482 1937 γέγονα,

313 1951 359 2018 ὅτι
377 1951 498 2036 πρῦκῦς
521 1979 580 2033 μον
600 1945 648 2036 ἦν.
693 1955 756 2018 Kal
779 1961 898 2038 πρῶτον
921 1953 975 2036 μὲν
994 1948 1087 2027 αῦτῦς
1102 1950 1157 2028 τάς
1174 1953 1265 2029 λέξεις
1286 1949 1331 2028 οἷς
1344 1959 1483 2038 καρηβα-

313 2059 434 2138 ροῦντες
454 2051 630 2122 άλλάσσονσι
650 2063 688 2146 τῇ
707 2061 842 2144 διανοίᾳ,
871 2057 925 2122 καί
938 2056 1072 2140 λέγουσι,
1108 2059 1183 2129 Πῦς
1204 2061 1292 2121 τοῦτο
1311 2063 1483 2142 πληροῦται

312 2158 345 2222 ἐν
362 2163 398 2246 τῇ
422 2153 557 2246 ἐνσάρκςο
576 2163 743 2246 παρουσίᾳ,
772 2157 818 2224 δτι
835 2157 892 2224 οῦκ
915 2150 954 2239 ἦν
972 2155 1032 2243 πρά
1055 2153 1197 2224 Ἰωάννου
1219 2159 1251 2224 ἐν
1275 2159 1383 2242 γαστρὶ
1412 2166 1483 2224 Μιτ-

312 2263 380 2344 ρίας
396 2263 639 2344 σονειλημμένοςς
669 2257 760 2339 ῦλλά,
784 2263 875 2343 φησί,
898 2257 940 2336 οῦς
956 2257 974 2326 δ
989 2256 1206 2346 εῦαγγελιστῆς,
1227 2257 1277 2324 Ἐν
1291 2261 1327 2326 δέ
1340 2267 1389 2348 τῷ
1407 2263 1483 2350 {ny

312 2363 383 2444 μηνί
401 2359 580 2444 άπεττάληῦ
596 2360 717 2448 ἅγγελος
733 2361 864 2449 Γαβριὴλ
882 2365 923 2438 είς
938 2361 1026 2428 πάλιν
1042 2369 1096 2444 τῆς
1115 2365 1286 2441 Γαλιλαίας,
1308 2361 1392 2447 πρδς
1405 2389 1484 2446 πιαι-

312 2466 406 2530 θένον
426 2467 683 2548 μεμνησιιυμένην
707 2463 810 2550 άνδρλ,
840 2456 865 2553 ηδ
888 2463 984 2547 ὄνομα
1000 2462 1125 2548 Ἰωσήφ·
1154 2467 1208 2530 καλ
1233 2462 1378 2540 είςελθοδν
1406 2465 1485 2550 πρδς

313 2564 408 2648 αῦτῆν
424 2568 501 2649 ἐφη,
534 2574 629 2653 Χαῖρε
643 2570 877 2652 κεχαριτωμένη,
907 2563 1054 2651 ὅκῦριος
1074 2564 1146 2650 μετά
1166 2573 1237 2647 σοῦ,
1260 2567 1312 2632 καλ
1326 2564 1364 2632 τά
1387 2566 1484 2634 λοιπά

311 2675 365 2750 τῆς
386 2665 579 2745 άκολουθίας.
621 2667 675 2746 Ὡς
692 2663 747 2736 οὖν
771 2667 793 2753 ῆ
810 2671 964 2754 παρθένος
988 2671 1038 2734 ἐπὶ
1057 2676 1098 2758 τῷ
1115 2665 1263 2758 άσπασριῷ
1286 2667 1482 2752 ἐταράσσετο,

312 2773 372 2851 ἐφη
388 2768 465 2854 πρδς
481 2768 590 2854 αῦτῆν,
620 2770 715 2850 Ἰδοῦ,
738 2770 874 2861 συλλῆψη
896 2773 928 2838 ἐν
944 2773 1062 2857 γαστρί,
1091 2773 1144 2838 καὶ
1160 2773 1227 2858 τέξῃ
1241 2769 1325 2850 υίῦν,
1346 2775 1407 2837 καί
1429 2801 1482 2838 αα-

312 2873 404 2949 λέσεις
423 2870 457 2938 τά
481 2871 577 2956 ὄνομα
597 2872 691 2940 αῦτοῦ
712 2873 840 2957 Ἰησοῦν·
871 2876 922 2940 καὶ
945 2871 1028 2953 ίδοῦ,
1059 2871 1241 2958 ἦσυγγενῆς
1257 2895 1313 2938 σον
1327 2871 1485 2959 Ἐλισάβιτ

313 2982 508 3058 σονιιληφυῑα
523 2975 591 3042 νίδν
607 2979 638 3042 ἐν
657 2977 735 3064 γήρᾳ
752 2976 860 3058 αὐτῆς,
882 2978 932 3042 καί
952 2968 1042 3052 οὗτος
1056 2973 1117 3059 μῆν
1134 2977 1218 3050 ἐντος
1238 2976 1316 3041 ἐστίν
1338 2971 1425 3067 οῦτῇ
1448 2985 1483 3065 τῆ

312 3079 480 3167 καλουμένη
498 3083 605 3167 στείρα.
650 3082 712 3144 Καὶ
729 3077 820 3170 ὁρᾷς,
844 3081 934 3160 φησί,
965 3077 1012 3144 ὅτι
1028 3077 1088 3163 πρά
1109 3082 1142 3155 ἐξ
1161 3084 1263 3158 μηνοῖν
1288 3083 1342 3142 τοῦ
1358 3076 1485 3164 εῦαῃι-

312 3186 454 3262 λισθῆναι
471 3184 612 3264 Μαρίαν,
634 3178 693 3263 ἤδη
711 3189 903 3266 προϋπῆρχεν
922 3179 940 3246 δ
957 3179 1107 3262 Ἰωάννης.
1154 3186 1228 3254 Πῶς
1248 3170 1303 3244 οῦν
1325 3177 1375 3256 τά,
1414 3177 1484 3262 Πρδ

314 3283 389 3362 ἐμοῦ
406 3285 534 3365 ἐγένετο,
565 3285 596 3349 ἐν
615 3291 651 3372 τῇ
669 3283 802 3371 ἐνσάρκω
825 3288 975 3371 παρουσία
993 3289 1126 3366 Χριστοῦ
1143 3279 1391 3368 ιιληρωθῆσεεαις
1431 3289 1486 3359 Τίς

314 3383 346 3448 δέ
365 3390 424 3448 τιδν
446 3381 593 3468 άιιεραίων
611 3383 652 3468 μῆ
677 3388 728 3450 καί
748 3389 780 3452 ἐν
799 3390 917 3474 διανοίᾳ
944 3387 1099 3470 ἐέναργῦς
1115 3386 1321 3469 ἕδρατωμένοιν
1343 3381 1485 3462 α’τωῦοος

313 3483 347 3552 to*
367 3483 460 3570 ρητδν
480 3484 518 3552 οῦ
533 3487 767 3571 ιαραγθῆσεταις
799 3490 890 3573 Λέγει
906 3486 963 3574 γάρ
987 3485 1024 3552 τά
1042 3485 1187 3572 άναγιιαῖα
1210 3489 1263 3552 καλ
1278 3482 1410 3569 άτέροια
1432 3491 1484 3554 παλ

190 3626 242 3670 μς.
253 3617 298 3660 ιιι
314 3587 437 3668 ζωτικά,
462 3592 539 3656 ἐκαὶ
555 3589 592 3657 τά
608 3598 662 3673 τῆς
676 3595 763 3666 θείας
777 3598 909 3677 γραφῆς,
938 3599 1000 3666 τοῖς
1022 3588 1059 3655 τά
1074 3588 1194 3675 πονηρά
1210 3591 1329 3664 ἐοντοῖς
1345 3591 1483 3656 ἐπισπα-

313 3694 412 3773 μένοις
429 3699 540 3773 μᾶλλον
560 3691 787 3778 θβλαβεροίτερα
804 3697 955 3774 φαίνεται,
977 3699 1037 3758 νῦν
1050 3695 1151 3776 ῥητῶν
1168 3689 1265 3772 πάντη
1281 3693 1313 3756 ἐν
1329 3690 1482 3774 πνεύματι

313 3789 388 3882 άγίῳ
411 3797 667 3880 κατηυγασμένωα
723 3801 758 3862 Τί
779 3795 835 3881 γάρ
860 3796 1086 3879 παραλέλειπται
1107 3801 1149 3881 τῷ
1173 3796 1254 3881 ῥητῷ
1276 3791 1355 3878 πρδς
1376 3793 1480 3872 ιἰσφά·

311 3903 404 3974 λειανς
425 3893 504 3963 Ἰδοῦ
519 3895 592 3982 γάρ,
613 3900 706 3983 λέγει,
730 3897 776 3964 ὅτι
791 3890 882 3974 οῦτός
898 3899 969 3976 ἐστι,
990 3895 1024 3962 τδ
1044 3894 1153 3980 δρατδν
1166 3901 1318 3980 σημαίνειν
1330 3899 1385 3962 οιαὶ
1403 3894 1480 3963 ῦιτο-

313 3996 459 4066 δεικνύων
474 4008 537 4075 τοῖς
551 3997 677 4080 δρῶσιν,
700 3999 736 4066 δν
749 3997 835 4065 είπον
851 3996 925 4081 ῦμῖν
937 3998 983 4064 δτι
1000 3997 1096 4066 α’πίσω
1110 4024 1170 4080 μου
1186 4002 1306 4084 ἐρχιιαι.
1351 4000 1415 4064 Καὶ
1436 4003 1480 4074 τίς

315 4101 441 4184 ἔρχεται,
464 4099 523 4168 ἀλλ’
539 4100 561 4185 ἢ
576 4099 669 4189 άνῆρς
699 4099 799 4178 οῦδελς
816 4103 848 4168 δέ
866 4108 926 4168 τοῦτ
940 4099 1057 4168 σῦνεσιν
1073 4104 1261 4184 κεκτημένων
1274 4099 1371 4186 άνδρα
1384 4101 1477 4182 φιλδν

346 4353 372 4403 2.
390 4357 488 4405 Resmm'
503 4357 533 4410 θλ
549 4374 579 4408 τε
593 4363 658 4411 libris
674 4373 749 4412 ιιιοιια
763 4363 875 4412 ιαοταλίι.
945 4360 969 4411 3.
990 4359 1026 4419 τίς
1043 4357 1103 4419 τοῦς
1118 4362 1170 4410 τοῦ.
1183 4361 1278 4422 θλιδλς.

316 4421 391 4483 ιαμ
407 4427 471 4472 ιαοι
487 4425 544 4488 της.
947 4427 1006 4480 σιν.
1023 4425 1082 4478 xL.
1100 4453 1135 4468 -
1163 4430 1186 4480 ι.
1203 4429 1299 4490 mm
1314 4423 1433 4494 λτιργοι
