3168 4926
394 257 531 312 sannen
548 259 611 311 nra.
622 255 655 308 ιι.
673 257 754 310 rona.
768 259 787 309 r.
805 257 904 310 nana.
917 259 1031 310 xnvnr.
1250 245 1287 308 13

126 376 262 440 damnum
288 387 376 463 atque
397 377 532 443 iniuriam
556 378 681 464 acecpit.
727 377 773 443 lta
791 379 860 442 nihil
880 377 999 442 omnino
1017 377 1124 441 virium
1143 377 1231 442 hahet
1252 378 1288 440 ad

127 479 322 544 simulandam
341 480 494 545 veritatem
513 483 693 568 compositus
713 503 831 562 sermo,
865 481 912 546 vel
931 479 1042 546 abillis
1062 479 1176 545 lahnlae
1195 481 1288 544 instar

126 583 298 666 excogitata
320 585 463 648 narratio.

215 683 304 770 Quod
323 709 396 752 vern
411 687 620 752 continentiam
636 687 766 772 gloriose
781 685 929 764 iactitant,
954 685 1096 750 luhricnm
1111 695 1157 748 est
1170 685 1286 749 illorum
1305 691 1365 762 cap.
1379 695 1421 745 ttt.

127 787 245 871 qnidam
267 811 301 853 ac
321 790 441 876 periculi
460 791 576 876 plenum
596 790 722 856 lacinus.
767 788 846 854 Nam
865 787 944 852 inter
962 787 1148 852 mulierculas
1166 808 1289 852 versan-

123 900 174 952 tnr
192 891 332 972 assidue,
364 913 435 977 quas
457 893 659 978 undecumque
678 892 845 978 pelliciunt:
877 911 942 956 cum
962 889 998 955 iis
1017 891 1074 954 iter
1095 891 1221 970 iaciunt,
1252 911 1288 955 ac

125 995 324 1058 communiter
348 995 469 1074 vivunt,
505 1015 665 1081 earumque
688 995 858 1060 ministeriis
880 1003 1013 1058 utuntur.
1059 989 1160 1076 Quare
1182 1015 1247 1058 cum
1270 1015 1288 1056 a

122 1095 254 1160 veritate
270 1097 386 1181 lougius
406 1097 520 1177 absint,
544 1099 616 1162 nihil
634 1109 752 1186 praeter
765 1097 931 1162 ementitam
948 1095 1026 1160 illius
1044 1096 1172 1183 speciem
1189 1107 1288 1160 osten-

124 1207 205 1277 tant,
239 1199 300 1262 vim
323 1201 415 1285 ipsam
438 1201 574 1266 sincerae
597 1202 714 1285 pietatis
736 1201 893 1285 abnegant.
939 1197 1057 1264 Etenim
1079 1197 1287 1283 cuiuscumque

124 1301 213 1366 officii
230 1313 342 1388 partem
360 1303 466 1388 aliquis
483 1305 726 1390 praetermiserit,
751 1323 785 1367 ca
802 1304 864 1389 ipsa
881 1322 965 1387 quam
981 1299 1078 1366 omisit
1097 1313 1178 1388 parte
1195 1311 1285 1366 totum

123 1405 316 1490 praeteriisse
331 1406 496 1470 censendus
515 1417 572 1470 est.
620 1403 672 1472 Sic
687 1405 801 1470 illorum
818 1405 976 1490 mysteria,
1000 1425 1075 1488 quae
1089 1425 1163 1488 aqua
1177 1405 1286 1470 solum-

120 1508 210 1570 modo
227 1518 383 1588 constant,
407 1508 548 1595 mysteria
566 1531 624 1573 nou
640 1519 721 1587 suut,
744 1509 796 1572 scd
811 1507 877 1571 hnta
892 1517 981 1592 atque
994 1507 1121 1587 fallacia,
1146 1527 1283 1572 verorum

120 1608 157 1672 ad
180 1609 341 1694 imaginem
365 1632 519 1698 expressa.
567 1607 600 1675 ln
620 1633 676 1695 quo
693 1609 861 1697 planissima
880 1608 945 1674 illos
964 1609 1121 1674 salvatoris
1139 1610 1284 1674 sententia

119 1711 292 1795 redarguit:
316 1717 381 1776 Nun
400 1716 490 1778 dedara
507 1720 543 1777 de
555 1719 608 1777 loc
622 1718 765 1796 mimine
778 1718 860 1787 nitria,
885 1715 972 1775 donec
989 1714 1079 1774 dr'dnm
1096 1715 1170 1776 illud
1184 1735 1284 1778 acuam

119 1819 150 1876 in
171 1835 265 1895 regno
286 1820 427 1878 coelorum
449 1820 600 1880 celticum.

220 1914 420 2001 Quarncbrcnu
453 1930 642 2005 posteaquam
671 1920 746 1984 hanc
777 1918 912 1982 haeresin
941 1917 1120 1984 validissima
1149 1917 1380 2028 veritatithtg·

119 2041 210 2083 manu
229 2021 481 2108 propulsavimns,
505 2044 540 2086 ac
557 2023 639 2087 velut
655 2022 838 2108 importunae
854 2019 967 2084 cuidam
983 2019 1096 2086 hestiae
1112 2022 1216 2106 dentes
1230 2043 1284 2087 ex·
1374 2013 1381 2029 ⁹

120 2124 288 2203 cessimus,
321 2125 356 2188 ad
377 2125 504 2210 reliquas
524 2137 719 2190 transeamus.
773 2120 833 2188 Sed
853 2122 899 2186 dei
918 2121 1060 2208 primum,
1092 2123 1282 2206 utsolernns,

120 2226 337 2311 implorandum
352 2227 437 2292 nohis
454 2228 511 2291 erit
526 2228 680 2306 auxilium,
704 2227 753 2313 qui
767 2235 798 2290 et
813 2224 880 2312 uiae
895 2225 956 2290 dux
970 2226 1170 2312 malorumque
1184 2227 1284 2314 depul-

119 2349 173 2392 sor
188 2339 220 2392 ct
233 2328 405 2414 prudentiae
421 2329 538 2394 adiutor
552 2340 583 2394 ct
597 2331 759 2416 sapientiae
774 2328 897 2411 largitor
915 2338 973 2407 est,
997 2340 1029 2393 ut
1044 2329 1079 2392 ah
1094 2329 1157 2415 ipso
1172 2331 1283 2394 verita-

121 2442 181 2494 tem
203 2431 303 2494 cdocti
325 2431 504 2518 reliquarum
529 2433 691 2496 haereseon
713 2451 831 2495 errores
851 2432 1017 2516 patefacere
1039 2441 1126 2515 atque
1149 2453 1188 2496 ex
1209 2431 1281 2518 ipsis

118 2533 257 2596 veritatis
273 2534 407 2613 vocibus,
433 2534 515 2619 qnasi
533 2556 573 2600 ex
587 2535 684 2600 multis
701 2532 939 2620 seplasiariorum
955 2533 1134 2618 simplicibus
1150 2535 1282 2620 corpori·
1351 2537 1366 2602 ,“

120 2633 191 2714 hnc,
215 2635 299 2700 velut
318 2636 478 2701 antidotum
498 2639 644 2702 conficere
661 2636 819 2722 possimus,
843 2635 873 2700 in
892 2657 993 2701 eorum
1012 2634 1060 2721 qui
1078 2635 1136 2700 iam
1152 2637 1201 2701 icti
1219 2639 1282 2702 inc-

121 2737 180 2800 rint
196 2739 343 2821 gratim,
369 2750 400 2803 ut
417 2740 465 2804 vel
478 2740 552 2806 iisce
568 2741 678 2805 nostris
695 2739 834 2826 perlectis
849 2738 1008 2803 remedium
1023 2738 1081 2803 illic
1095 2739 1279 2820 adhiheatur,

122 2839 169 2902 rel
185 2839 211 2903 si
232 2840 340 2904 nnllam
358 2842 452 2906 adhuc
467 2843 531 2907 cius
550 2843 593 2908 rei
612 2843 745 2908 notitiam
762 2842 933 2919 habuerint,
958 2861 993 2906 ea
1013 2841 1126 2907 demum
1144 2853 1282 2929 percepta

121 2961 230 3006 carere
252 2943 308 3007 sihi
327 2945 460 3030 possint,
492 2945 578 3032 idque
597 2947 690 3032 ipsum
713 2946 885 3010 etsalutem
906 2943 991 3008 nohis
1014 2955 1044 3008 et
1062 2945 1239 3010 uberrimum
1262 2965 1279 3010 a

121 3043 175 3108 deo
195 3045 358 3130 praemium
381 3068 415 3113 ac
438 3049 603 3113 mercedem
626 3048 774 3114 conciliet.

346 3218 587 3350 cn‘urna
627 3271 1051 3368 ranscnsrns

168 3391 242 3468 sire
266 3391 490 3470 Montanislas
516 3401 573 3468 aul
601 3393 860 3491 Tascudrngilas
886 3393 1034 3470 haeresis
1053 3393 1230 3489 XXVIII,

577 3515 632 3591 rel
656 3511 820 3590 XLVIII.

202 3663 252 3728 nh
270 3664 314 3730 his
332 3665 389 3730 alia
405 3687 519 3730 rursum
537 3665 694 3730 efflorescit
712 3665 861 3745 haeresis,
894 3687 968 3751 quan
989 3663 1137 3753 Phrygum
1156 3665 1274 3746 dicitnr,
1295 3681 1354 3751 esp.
1373 3685 1393 3735 1.

117 3765 170 3830 rnh
189 3765 267 3830 idem
286 3769 349 3831 lere
368 3769 508 3853 producta
529 3779 660 3856 tempus,
693 3767 779 3853 eique
797 3768 987 3834 successione
1005 3769 1151 3854 proxima.
1195 3766 1274 3833 Nam

117 3868 166 3932 isti
190 3867 245 3932 suh
265 3869 388 3933 Antonii
407 3868 470 3950 Pii,
504 3872 552 3957 qui
573 3882 639 3958 post
658 3870 821 3936 Adriauurn
845 3871 1018 3958 imperavit,
1050 3889 1158 3934 annum
1179 3868 1272 3936 xlx.

117 3991 272 4056 emergere
291 3984 464 4058 coeperunt.
509 3971 626 4039 Marcio
647 3995 736 4054 vero,
769 3973 915 4040 Tatianun
934 3986 965 4038 ct
983 3971 1155 4038 Euocatitas
1171 3973 1274 4038 horum

118 4073 251 4160 discipuli
272 4075 327 4138 suh
350 4075 484 4140 Adriano
506 4097 541 4140 ac
563 4088 629 4160 post
650 4060 812 4140 Adrianum
838 4076 1020 4162 prodierunt.

202 4173 340 4262 Phryges
354 4176 453 4262 itaque
465 4177 523 4261 (sic
535 4179 613 4242 enim
626 4178 787 4265 appellant)
802 4188 860 4242 tana
873 4175 967 4242 Vetus
980 4199 1068 4264 qnam
1080 4176 1199 4244 Novum
1213 4177 1274 4242 Te·

117 4287 292 4344 stamcntum
315 4279 475 4346 asciscunt.
520 4277 708 4348 Mortuorum
725 4281 973 4348 resurrectionem
995 4281 1168 4369 approbant.
1212 4278 1273 4348 Sed

151 4501 207 4557 cm.
221 4503 243 4554 1.
260 4529 294 4544 -·
312 4501 337 4557 1.
352 4500 398 4557 rai
415 4501 481 4573 μετὰ
495 4499 628 4575 ’Aromata
643 4507 689 4560 lca
704 4507 819 4573 scottae.
