<?xml version="1.0" encoding="UTF-8"?>
<!DOCTYPE html PUBLIC "-//W3C//DTD XHTML 1.0 Transitional//EN"
    "http://www.w3.org/TR/xhtml1/DTD/xhtml1-transitional.dtd">
<html xmlns="http://www.w3.org/1999/xhtml" xml:lang="en" lang="en">
 <head>
  <title>
</title>
<meta http-equiv="Content-Type" content="text/html;charset=utf-8" />
  <meta name='ocr-system' content='tesseract 3.04.00' />
  <meta name='ocr-capabilities' content='ocr_page ocr_carea ocr_par ocr_line ocrx_word'/>
</head>
<body>
  <div class='ocr_page' id='page_1' title='image "./corporishaerese02oehlgoog_0075.png"; bbox 0 0 3168 4926; ppageno 0'>
   <div class='ocr_carea' id='block_1_1' title="bbox 320 179 1054 244">
    <p class='ocr_par' dir='ltr' id='par_1_1' title="bbox 320 179 1054 244">
     <span class='ocr_line' id='line_1_1' title="bbox 320 179 1054 244; baseline 0.003 -2"><span class='ocrx_word' id='word_1_1' title='bbox 320 179 361 242; x_wconf 77' lang='lat'><strong><em>54</em></strong></span> <span class='ocrx_word' id='word_1_2' title='bbox 744 188 1054 244; x_wconf 78' lang='grc' dir='ltr'><strong><em>ειαοτιονιοοιεειι</em></strong></span> 
     </span>
    </p>
   </div>
   <div class='ocr_carea' id='block_1_2' title="bbox 193 305 1567 4403">
    <p class='ocr_par' dir='ltr' id='par_1_2' title="bbox 193 305 1567 4403">
     <span class='ocr_line' id='line_1_2' title="bbox 320 305 1481 393; baseline 0.002 -21"><span class='ocrx_word' id='word_1_3' title='bbox 320 307 372 372; x_wconf 87' lang='grc' dir='ltr'><strong><em>καί</em></strong></span> <span class='ocrx_word' id='word_1_4' title='bbox 388 307 540 392; x_wconf 77' lang='grc' dir='ltr'><strong><em>κάθαρσιν</em></strong></span> <span class='ocrx_word' id='word_1_5' title='bbox 554 308 664 393; x_wconf 78' lang='grc' dir='ltr'><strong><em>λέπρας</em></strong></span> <span class='ocrx_word' id='word_1_6' title='bbox 683 308 735 376; x_wconf 81' lang='grc' dir='ltr'><strong><em>καί</em></strong></span> <span class='ocrx_word' id='word_1_7' title='bbox 752 306 884 391; x_wconf 87' lang='grc' dir='ltr'><strong><em>ίαμάταν</em></strong></span> <span class='ocrx_word' id='word_1_8' title='bbox 901 306 1042 391; x_wconf 78' lang='grc' dir='ltr'><strong><em>δυνάμεις</em></strong></span> <span class='ocrx_word' id='word_1_9' title='bbox 1059 310 1108 374; x_wconf 85' lang='grc' dir='ltr'><strong><em>καί</em></strong></span> <span class='ocrx_word' id='word_1_10' title='bbox 1128 305 1270 376; x_wconf 80' lang='grc' dir='ltr'><strong><em>αἀείλασιν</em></strong></span> <span class='ocrx_word' id='word_1_11' title='bbox 1291 305 1481 391; x_wconf 63' lang='grc' dir='ltr'><strong><em>ῦῦαιμάνων,</em></strong></span> 
     </span>
     <span class='ocr_line' id='line_1_3' title="bbox 320 406 1482 500; baseline 0.002 -26"><span class='ocrx_word' id='word_1_12' title='bbox 320 412 371 474; x_wconf 72' lang='grc' dir='ltr'><strong><em>’ίνα</em></strong></span> <span class='ocrx_word' id='word_1_13' title='bbox 383 407 425 492; x_wconf 84' lang='grc' dir='ltr'><strong><em>μή</em></strong></span> <span class='ocrx_word' id='word_1_14' title='bbox 438 406 534 492; x_wconf 84' lang='grc' dir='ltr'><strong><em>μόνον</em></strong></span> <span class='ocrx_word' id='word_1_15' title='bbox 546 407 607 476; x_wconf 66' lang='lat' dir='ltr'><strong><em>dud</em></strong></span> <span class='ocrx_word' id='word_1_16' title='bbox 620 417 674 476; x_wconf 90' lang='grc' dir='ltr'><strong><em>τοῦ</em></strong></span> <span class='ocrx_word' id='word_1_17' title='bbox 688 408 778 496; x_wconf 87' lang='grc' dir='ltr'><strong><em>λόγον</em></strong></span> <span class='ocrx_word' id='word_1_18' title='bbox 792 415 879 500; x_wconf 81' lang='grc' dir='ltr'><strong><em>πείση</em></strong></span> <span class='ocrx_word' id='word_1_19' title='bbox 893 407 965 488; x_wconf 83' lang='grc' dir='ltr'><strong><em>τοῦς</em></strong></span> <span class='ocrx_word' id='word_1_20' title='bbox 978 409 1153 492; x_wconf 83' lang='grc' dir='ltr'><strong><em>άιιοῦοντας,</em></strong></span> <span class='ocrx_word' id='word_1_21' title='bbox 1172 409 1245 476; x_wconf 81' lang='grc' dir='ltr'><strong><em>άλλά</em></strong></span> <span class='ocrx_word' id='word_1_22' title='bbox 1257 412 1309 478; x_wconf 90' lang='grc' dir='ltr'><strong><em>καί</em></strong></span> <span class='ocrx_word' id='word_1_23' title='bbox 1323 407 1374 478; x_wconf 74' lang='grc' dir='ltr'><strong><em>ἄπ’</em></strong></span> <span class='ocrx_word' id='word_1_24' title='bbox 1387 408 1482 476; x_wconf 84' lang='grc' dir='ltr'><strong><em>αῦτοῦ</em></strong></span> 
     </span>
     <span class='ocr_line' id='line_1_4' title="bbox 321 509 1483 600; baseline 0 -22"><span class='ocrx_word' id='word_1_25' title='bbox 321 519 374 578; x_wconf 84' lang='grc' dir='ltr'><strong><em>τοῦ</em></strong></span> <span class='ocrx_word' id='word_1_26' title='bbox 395 513 485 598; x_wconf 84' lang='grc' dir='ltr'><strong><em>ἐργου</em></strong></span> <span class='ocrx_word' id='word_1_27' title='bbox 509 511 659 599; x_wconf 72' lang='grc' dir='ltr'><strong><em>8κηρῦξαι</em></strong></span> <span class='ocrx_word' id='word_1_28' title='bbox 676 509 851 600; x_wconf 71' lang='grc' dir='ltr'><strong><em>οεὐαγγέλια</em></strong></span> <span class='ocrx_word' id='word_1_29' title='bbox 866 522 930 589; x_wconf 86' lang='grc' dir='ltr'><strong><em>τοῖς</em></strong></span> <span class='ocrx_word' id='word_1_30' title='bbox 946 511 1175 596; x_wconf 66' lang='grc' dir='ltr'><strong><em>ἀπολλυμένοις,</em></strong></span> <span class='ocrx_word' id='word_1_31' title='bbox 1206 511 1483 599; x_wconf 79' lang='grc' dir='ltr'><strong><em>ῦτιεῦρεθήσονται</em></strong></span> 
     </span>
     <span class='ocr_line' id='line_1_5' title="bbox 201 611 1482 699; baseline 0.001 -19"><span class='ocrx_word' id='word_1_32' title='bbox 201 645 252 690; x_wconf 70' lang='grc' dir='ltr'><strong><em>τις.</em></strong></span> <span class='ocrx_word' id='word_1_33' title='bbox 265 633 310 680; x_wconf 72' lang='grc' dir='ltr'><strong><em>τεῦ.</em></strong></span> <span class='ocrx_word' id='word_1_34' title='bbox 325 611 374 680; x_wconf 78' lang='grc' dir='ltr'><strong><em>διά</em></strong></span> <span class='ocrx_word' id='word_1_35' title='bbox 389 619 552 697; x_wconf 87' lang='grc' dir='ltr'><strong><em>μετανοίας,</em></strong></span> <span class='ocrx_word' id='word_1_36' title='bbox 570 617 622 680; x_wconf 88' lang='grc' dir='ltr'><strong><em>καί</em></strong></span> <span class='ocrx_word' id='word_1_37' title='bbox 635 623 699 692; x_wconf 88' lang='grc' dir='ltr'><strong><em>τοῖς</em></strong></span> <span class='ocrx_word' id='word_1_38' title='bbox 711 615 906 695; x_wconf 76' lang='grc' dir='ltr'><strong><em>πεπτωκόσιν,</em></strong></span> <span class='ocrx_word' id='word_1_39' title='bbox 929 613 975 682; x_wconf 75' lang='grc' dir='ltr'><strong><em>ὅτι</em></strong></span> <span class='ocrx_word' id='word_1_40' title='bbox 988 613 1212 699; x_wconf 85' lang='grc' dir='ltr'><strong><em>άναστήσονται,</em></strong></span> <span class='ocrx_word' id='word_1_41' title='bbox 1233 618 1286 682; x_wconf 86' lang='grc' dir='ltr'><strong><em>καί</em></strong></span> <span class='ocrx_word' id='word_1_42' title='bbox 1298 625 1360 692; x_wconf 81' lang='grc' dir='ltr'><strong><em>τοῖς</em></strong></span> <span class='ocrx_word' id='word_1_43' title='bbox 1373 625 1482 699; x_wconf 83' lang='grc' dir='ltr'><strong><em>τεθνη-</em></strong></span> 
     </span>
     <span class='ocr_line' id='line_1_6' title="bbox 322 711 1485 805; baseline 0 -21"><span class='ocrx_word' id='word_1_44' title='bbox 322 715 418 799; x_wconf 83' lang='grc' dir='ltr'><strong><em>κόσιν,</em></strong></span> <span class='ocrx_word' id='word_1_45' title='bbox 439 717 485 782; x_wconf 75' lang='grc' dir='ltr'><strong><em>ὅτι</em></strong></span> <span class='ocrx_word' id='word_1_46' title='bbox 498 716 792 803; x_wconf 81' lang='grc' dir='ltr'><strong><em>ζωογωνηθήσονται.</em></strong></span> <span class='ocrx_word' id='word_1_47' title='bbox 837 720 899 783; x_wconf 88' lang='grc' dir='ltr'><strong><em>Καί</em></strong></span> <span class='ocrx_word' id='word_1_48' title='bbox 913 711 1002 794; x_wconf 83' lang='grc' dir='ltr'><strong><em>οὗτος</em></strong></span> <span class='ocrx_word' id='word_1_49' title='bbox 1015 720 1068 801; x_wconf 85' lang='grc' dir='ltr'><strong><em>μίν</em></strong></span> <span class='ocrx_word' id='word_1_50' title='bbox 1082 711 1140 785; x_wconf 86' lang='grc' dir='ltr'><strong><em>οῦν</em></strong></span> <span class='ocrx_word' id='word_1_51' title='bbox 1154 717 1173 786; x_wconf 79' lang='grc' dir='ltr'><strong><em>τί</em></strong></span> <span class='ocrx_word' id='word_1_52' title='bbox 1189 727 1354 796; x_wconf 78' lang='grc' dir='ltr'><strong><em>Ματθαῑος</em></strong></span> <span class='ocrx_word' id='word_1_53' title='bbox 1365 716 1485 805; x_wconf 77' lang='grc' dir='ltr'><strong><em>Ἑβραϊ·</em></strong></span> 
     </span>
     <span class='ocr_line' id='line_1_7' title="bbox 324 818 1485 908; baseline 0.004 -22"><span class='ocrx_word' id='word_1_54' title='bbox 324 829 390 897; x_wconf 81' lang='grc' dir='ltr'><strong><em>κοῖς</em></strong></span> <span class='ocrx_word' id='word_1_55' title='bbox 402 818 551 905; x_wconf 85' lang='grc' dir='ltr'><strong><em>γράμμασι</em></strong></span> <span class='ocrx_word' id='word_1_56' title='bbox 567 819 675 906; x_wconf 87' lang='grc' dir='ltr'><strong><em>γράφει</em></strong></span> <span class='ocrx_word' id='word_1_57' title='bbox 689 819 722 886; x_wconf 80' lang='grc' dir='ltr'><strong><em>το“</em></strong></span> <span class='ocrx_word' id='word_1_58' title='bbox 738 819 907 906; x_wconf 77' lang='grc' dir='ltr'><strong><em>εὐαγγέλιον</em></strong></span> <span class='ocrx_word' id='word_1_59' title='bbox 920 822 970 886; x_wconf 90' lang='grc' dir='ltr'><strong><em>καί</em></strong></span> <span class='ocrx_word' id='word_1_60' title='bbox 983 819 1136 906; x_wconf 88' lang='grc' dir='ltr'><strong><em>κηρῦττει,</em></strong></span> <span class='ocrx_word' id='word_1_61' title='bbox 1159 825 1210 888; x_wconf 77' lang='grc' dir='ltr'><strong><em>καί</em></strong></span> <span class='ocrx_word' id='word_1_62' title='bbox 1226 819 1344 908; x_wconf 78' lang='grc' dir='ltr'><strong><em>άργεται</em></strong></span> <span class='ocrx_word' id='word_1_63' title='bbox 1357 819 1415 888; x_wconf 85' lang='grc' dir='ltr'><strong><em>οῦκ</em></strong></span> <span class='ocrx_word' id='word_1_64' title='bbox 1433 818 1485 891; x_wconf 74' lang='grc' dir='ltr'><strong><em>εἶπ’</em></strong></span> 
     </span>
     <span class='ocr_line' id='line_1_8' title="bbox 323 919 1485 1011; baseline 0.002 -23"><span class='ocrx_word' id='word_1_65' title='bbox 323 920 425 1009; x_wconf 83' lang='grc' dir='ltr'><strong><em>άρχῆς,</em></strong></span> <span class='ocrx_word' id='word_1_66' title='bbox 443 919 514 988; x_wconf 82' lang='grc' dir='ltr'><strong><em>άλλοί</em></strong></span> <span class='ocrx_word' id='word_1_67' title='bbox 528 927 669 1007; x_wconf 77' lang='grc' dir='ltr'><strong><em>διηγεῖται</em></strong></span> <span class='ocrx_word' id='word_1_68' title='bbox 682 923 736 1004; x_wconf 82' lang='grc' dir='ltr'><strong><em>μέν</em></strong></span> <span class='ocrx_word' id='word_1_69' title='bbox 749 922 803 1006; x_wconf 85' lang='grc' dir='ltr'><strong><em>τήν</em></strong></span> <span class='ocrx_word' id='word_1_70' title='bbox 814 928 999 1011; x_wconf 76' lang='grc' dir='ltr'><strong><em>γενεαλογίαν</em></strong></span> <span class='ocrx_word' id='word_1_71' title='bbox 1012 921 1072 990; x_wconf 62' lang='lat' dir='ltr'><strong><em>dud</em></strong></span> <span class='ocrx_word' id='word_1_72' title='bbox 1088 929 1144 990; x_wconf 88' lang='grc' dir='ltr'><strong><em>τοῦ</em></strong></span> <span class='ocrx_word' id='word_1_73' title='bbox 1157 919 1299 1009; x_wconf 72' lang='grc' dir='ltr'><strong><em>Ἀβραάμ.</em></strong></span> <span class='ocrx_word' id='word_1_74' title='bbox 1337 921 1485 1009; x_wconf 74' lang='grc' dir='ltr'><strong><em>Ἀβραάμ,</em></strong></span> 
     </span>
     <span class='ocr_line' id='line_1_9' title="bbox 324 1023 1486 1112; baseline 0.002 -22"><span class='ocrx_word' id='word_1_75' title='bbox 324 1028 432 1108; x_wconf 87' lang='grc' dir='ltr'><strong><em>φησίν,</em></strong></span> <span class='ocrx_word' id='word_1_76' title='bbox 461 1026 594 1111; x_wconf 73' lang='grc' dir='ltr'><strong><em>ἐγέννησε</em></strong></span> <span class='ocrx_word' id='word_1_77' title='bbox 614 1023 667 1090; x_wconf 78' lang='grc' dir='ltr'><strong><em>τάν</em></strong></span> <span class='ocrx_word' id='word_1_78' title='bbox 686 1023 801 1106; x_wconf 83' lang='grc' dir='ltr'><strong><em>Ἰσαάκ,</em></strong></span> <span class='ocrx_word' id='word_1_79' title='bbox 829 1023 927 1092; x_wconf 86' lang='grc' dir='ltr'><strong><em>Ἰσαάκ</em></strong></span> <span class='ocrx_word' id='word_1_80' title='bbox 949 1027 981 1092; x_wconf 75' lang='grc' dir='ltr'><strong><em>δέ</em></strong></span> <span class='ocrx_word' id='word_1_81' title='bbox 999 1028 1133 1112; x_wconf 79' lang='grc' dir='ltr'><strong><em>ἐγέννησε</em></strong></span> <span class='ocrx_word' id='word_1_82' title='bbox 1151 1025 1203 1094; x_wconf 79' lang='grc' dir='ltr'><strong><em>τάν</em></strong></span> <span class='ocrx_word' id='word_1_83' title='bbox 1217 1023 1340 1111; x_wconf 76' lang='grc' dir='ltr'><strong><em>Ἰακοίβ,</em></strong></span> <span class='ocrx_word' id='word_1_84' title='bbox 1373 1025 1486 1092; x_wconf 75' lang='grc' dir='ltr'><strong><em>καλιαί</em></strong></span> 
     </span>
     <span class='ocr_line' id='line_1_10' title="bbox 325 1125 1488 1214; baseline 0 -20"><span class='ocrx_word' id='word_1_85' title='bbox 325 1130 406 1211; x_wconf 76' lang='grc' dir='ltr'><strong><em>ἑξῆς,</em></strong></span> <span class='ocrx_word' id='word_1_86' title='bbox 439 1126 507 1212; x_wconf 81' lang='grc' dir='ltr'><strong><em>άχρι</em></strong></span> <span class='ocrx_word' id='word_1_87' title='bbox 534 1134 588 1192; x_wconf 88' lang='grc' dir='ltr'><strong><em>τοῦ</em></strong></span> <span class='ocrx_word' id='word_1_88' title='bbox 610 1125 724 1211; x_wconf 85' lang='grc' dir='ltr'><strong><em>Ἰωσήφ</em></strong></span> <span class='ocrx_word' id='word_1_89' title='bbox 753 1129 804 1194; x_wconf 86' lang='grc' dir='ltr'><strong><em>καί</em></strong></span> <span class='ocrx_word' id='word_1_90' title='bbox 830 1133 962 1214; x_wconf 88' lang='grc' dir='ltr'><strong><em>Μαρίας.</em></strong></span> <span class='ocrx_word' id='word_1_91' title='bbox 1012 1132 1074 1194; x_wconf 81' lang='grc' dir='ltr'><strong><em>Καί</em></strong></span> <span class='ocrx_word' id='word_1_92' title='bbox 1100 1127 1151 1194; x_wconf 88' lang='grc' dir='ltr'><strong><em>οίπ’</em></strong></span> <span class='ocrx_word' id='word_1_93' title='bbox 1179 1127 1270 1214; x_wconf 83' lang='grc' dir='ltr'><strong><em>άρχής</em></strong></span> <span class='ocrx_word' id='word_1_94' title='bbox 1295 1131 1408 1210; x_wconf 88' lang='grc' dir='ltr'><strong><em>τάττει,</em></strong></span> <span class='ocrx_word' id='word_1_95' title='bbox 1441 1131 1488 1194; x_wconf 84' lang='grc' dir='ltr'><strong><em>λέ-</em></strong></span> 
     </span>
     <span class='ocr_line' id='line_1_11' title="bbox 324 1227 1488 1318; baseline 0.003 -24"><span class='ocrx_word' id='word_1_96' title='bbox 324 1252 398 1317; x_wconf 88' lang='grc' dir='ltr'><strong><em>γων·</em></strong></span> <span class='ocrx_word' id='word_1_97' title='bbox 421 1235 529 1314; x_wconf 76' lang='grc' dir='ltr'><strong><em>Βίβλος</em></strong></span> <span class='ocrx_word' id='word_1_98' title='bbox 543 1230 682 1314; x_wconf 85' lang='grc' dir='ltr'><strong><em>γενέσεως</em></strong></span> <span class='ocrx_word' id='word_1_99' title='bbox 695 1227 797 1313; x_wconf 87' lang='grc' dir='ltr'><strong><em>Ἰησοῦ</em></strong></span> <span class='ocrx_word' id='word_1_100' title='bbox 815 1237 957 1318; x_wconf 85' lang='grc' dir='ltr'><strong><em>Χριστοῦ,</em></strong></span> <span class='ocrx_word' id='word_1_101' title='bbox 978 1235 1049 1297; x_wconf 86' lang='grc' dir='ltr'><strong><em>νίοῦ</em></strong></span> <span class='ocrx_word' id='word_1_102' title='bbox 1064 1233 1178 1315; x_wconf 77' lang='grc' dir='ltr'><strong><em>Δαβίῦ·</em></strong></span> <span class='ocrx_word' id='word_1_103' title='bbox 1200 1228 1264 1298; x_wconf 82' lang='grc' dir='ltr'><strong><em>είτά</em></strong></span> <span class='ocrx_word' id='word_1_104' title='bbox 1282 1251 1385 1314; x_wconf 91' lang='grc' dir='ltr'><strong><em>φησιν,</em></strong></span> <span class='ocrx_word' id='word_1_105' title='bbox 1410 1235 1488 1298; x_wconf 80' lang='grc' dir='ltr'><strong><em>Τίνῦ</em></strong></span> 
     </span>
     <span class='ocr_line' id='line_1_12' title="bbox 324 1329 1489 1420; baseline -0.001 -20"><span class='ocrx_word' id='word_1_106' title='bbox 324 1331 467 1420; x_wconf 76' lang='grc' dir='ltr'><strong><em>Ἁβραάμ.</em></strong></span> <span class='ocrx_word' id='word_1_107' title='bbox 513 1329 589 1396; x_wconf 85' lang='grc' dir='ltr'><strong><em>Είτα</em></strong></span> <span class='ocrx_word' id='word_1_108' title='bbox 610 1331 708 1398; x_wconf 73' lang='grc' dir='ltr'><strong><em>έλθοέν</em></strong></span> <span class='ocrx_word' id='word_1_109' title='bbox 729 1331 774 1399; x_wconf 85' lang='grc' dir='ltr'><strong><em>ἐπ’</em></strong></span> <span class='ocrx_word' id='word_1_110' title='bbox 792 1332 864 1400; x_wconf 60' lang='lat' dir='ltr'><strong>adro·</strong></span> <span class='ocrx_word' id='word_1_111' title='bbox 883 1334 917 1400; x_wconf 81' lang='grc' dir='ltr'><strong><em>τῦ</em></strong></span> <span class='ocrx_word' id='word_1_112' title='bbox 934 1333 1113 1418; x_wconf 74' lang='grc' dir='ltr'><strong><em>ζητούμενόν</em></strong></span> <span class='ocrx_word' id='word_1_113' title='bbox 1130 1355 1220 1418; x_wconf 86' lang='grc' dir='ltr'><strong><em>φησι·</em></strong></span> <span class='ocrx_word' id='word_1_114' title='bbox 1254 1341 1315 1400; x_wconf 89' lang='grc' dir='ltr'><strong><em>Τοῦ</em></strong></span> <span class='ocrx_word' id='word_1_115' title='bbox 1333 1334 1364 1399; x_wconf 81' lang='grc' dir='ltr'><strong><em>δέ</em></strong></span> <span class='ocrx_word' id='word_1_116' title='bbox 1382 1331 1489 1418; x_wconf 86' lang='grc' dir='ltr'><strong><em>Ἰησοῦ</em></strong></span> 
     </span>
     <span class='ocr_line' id='line_1_13' title="bbox 330 1429 1490 1522; baseline 0.001 -21"><span class='ocrx_word' id='word_1_117' title='bbox 330 1442 461 1522; x_wconf 82' lang='grc' dir='ltr'><strong><em>Χριστοῦ</em></strong></span> <span class='ocrx_word' id='word_1_118' title='bbox 478 1431 499 1519; x_wconf 89' lang='grc' dir='ltr'><strong><em>ή</em></strong></span> <span class='ocrx_word' id='word_1_119' title='bbox 513 1437 646 1520; x_wconf 83' lang='grc' dir='ltr'><strong><em>γέννησις</em></strong></span> <span class='ocrx_word' id='word_1_120' title='bbox 662 1435 759 1512; x_wconf 72' lang='grc' dir='ltr'><strong><em>οὕτως</em></strong></span> <span class='ocrx_word' id='word_1_121' title='bbox 773 1429 825 1521; x_wconf 81' lang='grc' dir='ltr'><strong><em>ἦν·</em></strong></span> <span class='ocrx_word' id='word_1_122' title='bbox 848 1441 1098 1520; x_wconf 66' lang='grc' dir='ltr'><strong><em>Μνηστευθείσης</em></strong></span> <span class='ocrx_word' id='word_1_123' title='bbox 1112 1445 1165 1521; x_wconf 82' lang='grc' dir='ltr'><strong><em>τῆς</em></strong></span> <span class='ocrx_word' id='word_1_124' title='bbox 1181 1435 1293 1522; x_wconf 80' lang='grc' dir='ltr'><strong><em>μητρῦς</em></strong></span> <span class='ocrx_word' id='word_1_125' title='bbox 1306 1432 1401 1502; x_wconf 85' lang='grc' dir='ltr'><strong><em>αῦεοῦ</em></strong></span> <span class='ocrx_word' id='word_1_126' title='bbox 1417 1444 1490 1502; x_wconf 89' lang='grc' dir='ltr'><strong><em>Μα-</em></strong></span> 
     </span>
     <span class='ocr_line' id='line_1_14' title="bbox 328 1534 1490 1628; baseline 0 -24"><span class='ocrx_word' id='word_1_127' title='bbox 328 1544 394 1626; x_wconf 86' lang='grc' dir='ltr'><strong><em>ρίας</em></strong></span> <span class='ocrx_word' id='word_1_128' title='bbox 411 1545 452 1627; x_wconf 77' lang='grc' dir='ltr'><strong><em>τῷ</em></strong></span> <span class='ocrx_word' id='word_1_129' title='bbox 470 1534 595 1620; x_wconf 82' lang='grc' dir='ltr'><strong><em>Ἰωσήφ,</em></strong></span> <span class='ocrx_word' id='word_1_130' title='bbox 617 1537 709 1623; x_wconf 83' lang='grc' dir='ltr'><strong><em>πρινή</em></strong></span> <span class='ocrx_word' id='word_1_131' title='bbox 725 1547 880 1605; x_wconf 79' lang='grc' dir='ltr'><strong><em>συνελθεῖν</em></strong></span> <span class='ocrx_word' id='word_1_132' title='bbox 897 1537 1017 1621; x_wconf 84' lang='grc' dir='ltr'><strong><em>αῦτοῦς,</em></strong></span> <span class='ocrx_word' id='word_1_133' title='bbox 1036 1537 1147 1628; x_wconf 86' lang='grc' dir='ltr'><strong><em>εῦρέθη</em></strong></span> <span class='ocrx_word' id='word_1_134' title='bbox 1165 1543 1197 1607; x_wconf 88' lang='grc' dir='ltr'><strong><em>έν</em></strong></span> <span class='ocrx_word' id='word_1_135' title='bbox 1211 1541 1313 1626; x_wconf 85' lang='grc' dir='ltr'><strong><em>γαστρί</em></strong></span> <span class='ocrx_word' id='word_1_136' title='bbox 1329 1542 1438 1624; x_wconf 77' lang='grc' dir='ltr'><strong><em>έχοντα</em></strong></span> <span class='ocrx_word' id='word_1_137' title='bbox 1456 1542 1490 1604; x_wconf 84' lang='grc' dir='ltr'><strong><em>ἐκ</em></strong></span> 
     </span>
     <span class='ocr_line' id='line_1_15' title="bbox 328 1637 1492 1727; baseline 0.001 -20"><span class='ocrx_word' id='word_1_138' title='bbox 328 1639 495 1724; x_wconf 78' lang='grc' dir='ltr'><strong><em>πνεύματος</em></strong></span> <span class='ocrx_word' id='word_1_139' title='bbox 517 1637 610 1726; x_wconf 88' lang='grc' dir='ltr'><strong><em>άγίον.</em></strong></span> <span class='ocrx_word' id='word_1_140' title='bbox 656 1643 718 1706; x_wconf 84' lang='grc' dir='ltr'><strong><em>Καί</em></strong></span> <span class='ocrx_word' id='word_1_141' title='bbox 740 1639 856 1724; x_wconf 86' lang='grc' dir='ltr'><strong><em>Ἰωσήφ</em></strong></span> <span class='ocrx_word' id='word_1_142' title='bbox 879 1647 995 1719; x_wconf 80' lang='grc' dir='ltr'><strong><em>δίκαιος</em></strong></span> <span class='ocrx_word' id='word_1_143' title='bbox 1020 1641 1077 1723; x_wconf 72' lang='grc' dir='ltr'><strong><em>οῦν,</em></strong></span> <span class='ocrx_word' id='word_1_144' title='bbox 1109 1641 1202 1727; x_wconf 81' lang='grc' dir='ltr'><strong><em>ἐζήτει</em></strong></span> <span class='ocrx_word' id='word_1_145' title='bbox 1223 1639 1370 1708; x_wconf 85' lang='grc' dir='ltr'><strong><em>άπολῦσαι</em></strong></span> <span class='ocrx_word' id='word_1_146' title='bbox 1394 1639 1492 1724; x_wconf 84' lang='grc' dir='ltr'><strong><em>αῦτήν</em></strong></span> 
     </span>
     <span class='ocr_line' id='line_1_16' title="bbox 328 1741 1493 1834; baseline 0 -22"><span class='ocrx_word' id='word_1_147' title='bbox 328 1744 443 1830; x_wconf 84' lang='grc' dir='ltr'><strong><em>λάθρα·</em></strong></span> <span class='ocrx_word' id='word_1_148' title='bbox 460 1743 510 1834; x_wconf 44' lang='lat' dir='ltr'><strong><em>&amp;al</em></strong></span> <span class='ocrx_word' id='word_1_149' title='bbox 526 1743 593 1808; x_wconf 80' lang='grc' dir='ltr'><strong><em>ίῦοῦ</em></strong></span> <span class='ocrx_word' id='word_1_150' title='bbox 606 1741 727 1829; x_wconf 74' lang='grc' dir='ltr'><strong><em>ἅγγελος</em></strong></span> <span class='ocrx_word' id='word_1_151' title='bbox 739 1749 845 1830; x_wconf 86' lang='grc' dir='ltr'><strong><em>κυρίου</em></strong></span> <span class='ocrx_word' id='word_1_152' title='bbox 861 1744 957 1829; x_wconf 86' lang='grc' dir='ltr'><strong><em>ἐφάνη</em></strong></span> <span class='ocrx_word' id='word_1_153' title='bbox 971 1743 1051 1834; x_wconf 76' lang='grc' dir='ltr'><strong><em>αῦτρῦ</em></strong></span> <span class='ocrx_word' id='word_1_154' title='bbox 1065 1742 1128 1810; x_wconf 88' lang='grc' dir='ltr'><strong><em>κατ’</em></strong></span> <span class='ocrx_word' id='word_1_155' title='bbox 1140 1743 1214 1830; x_wconf 86' lang='grc' dir='ltr'><strong><em>ῦναρ</em></strong></span> <span class='ocrx_word' id='word_1_156' title='bbox 1227 1747 1324 1829; x_wconf 77' lang='grc' dir='ltr'><strong><em>λέγον·</em></strong></span> <span class='ocrx_word' id='word_1_157' title='bbox 1341 1743 1399 1827; x_wconf 84' lang='grc' dir='ltr'><strong><em>Μή</em></strong></span> <span class='ocrx_word' id='word_1_158' title='bbox 1413 1743 1493 1812; x_wconf 76' lang='grc' dir='ltr'><strong><em>άπα-</em></strong></span> 
     </span>
     <span class='ocr_line' id='line_1_17' title="bbox 328 1844 1567 1938; baseline 0.002 -26"><span class='ocrx_word' id='word_1_159' title='bbox 328 1847 419 1938; x_wconf 79' lang='grc' dir='ltr'><strong><em>λῦσης</em></strong></span> <span class='ocrx_word' id='word_1_160' title='bbox 439 1845 494 1928; x_wconf 86' lang='grc' dir='ltr'><strong><em>τήν</em></strong></span> <span class='ocrx_word' id='word_1_161' title='bbox 516 1845 642 1931; x_wconf 85' lang='grc' dir='ltr'><strong><em>γυναῖκά</em></strong></span> <span class='ocrx_word' id='word_1_162' title='bbox 663 1868 732 1912; x_wconf 90' lang='grc' dir='ltr'><strong><em>σου·</em></strong></span> <span class='ocrx_word' id='word_1_163' title='bbox 763 1845 797 1912; x_wconf 81' lang='grc' dir='ltr'><strong><em>τῦ</em></strong></span> <span class='ocrx_word' id='word_1_164' title='bbox 819 1845 875 1933; x_wconf 85' lang='grc' dir='ltr'><strong><em>γάρ</em></strong></span> <span class='ocrx_word' id='word_1_165' title='bbox 898 1851 930 1915; x_wconf 92' lang='grc' dir='ltr'><strong><em>ἐν</em></strong></span> <span class='ocrx_word' id='word_1_166' title='bbox 951 1846 1027 1938; x_wconf 68' lang='grc' dir='ltr'><strong><em>αὐτῇ</em></strong></span> <span class='ocrx_word' id='word_1_167' title='bbox 1051 1850 1083 1914; x_wconf 85' lang='grc' dir='ltr'><strong><em>ἐκ</em></strong></span> <span class='ocrx_word' id='word_1_168' title='bbox 1102 1846 1270 1931; x_wconf 73' lang='grc' dir='ltr'><strong><em>πνεύματός</em></strong></span> <span class='ocrx_word' id='word_1_169' title='bbox 1291 1849 1368 1914; x_wconf 85' lang='grc' dir='ltr'><strong><em>ἐστιν</em></strong></span> <span class='ocrx_word' id='word_1_170' title='bbox 1390 1844 1492 1934; x_wconf 86' lang='grc' dir='ltr'><strong><em>άγίοα.</em></strong></span> <span class='ocrx_word' id='word_1_171' title='bbox 1566 1849 1567 1862; x_wconf 67' lang='grc'>’</span> 
     </span>
     <span class='ocr_line' id='line_1_18' title="bbox 328 1943 1495 2034; baseline 0.001 -19"><span class='ocrx_word' id='word_1_172' title='bbox 328 1947 413 2015; x_wconf 84' lang='grc' dir='ltr'><strong><em>Ἰιίοῦ</em></strong></span> <span class='ocrx_word' id='word_1_173' title='bbox 427 1947 485 2034; x_wconf 81' lang='grc' dir='ltr'><strong><em>γάρ</em></strong></span> <span class='ocrx_word' id='word_1_174' title='bbox 504 1947 636 2033; x_wconf 80' lang='grc' dir='ltr'><strong><em>γεννήσει</em></strong></span> <span class='ocrx_word' id='word_1_175' title='bbox 653 1947 735 2028; x_wconf 84' lang='grc' dir='ltr'><strong><em>υίιίν,</em></strong></span> <span class='ocrx_word' id='word_1_176' title='bbox 757 1952 809 2014; x_wconf 83' lang='grc' dir='ltr'><strong><em>καί</em></strong></span> <span class='ocrx_word' id='word_1_177' title='bbox 827 1952 956 2029; x_wconf 75' lang='grc' dir='ltr'><strong><em>καλέσεις</em></strong></span> <span class='ocrx_word' id='word_1_178' title='bbox 971 1949 1005 2016; x_wconf 77' lang='grc' dir='ltr'><strong><em>τά</em></strong></span> <span class='ocrx_word' id='word_1_179' title='bbox 1023 1949 1118 2034; x_wconf 75' lang='grc' dir='ltr'><strong><em>ὄνομα</em></strong></span> <span class='ocrx_word' id='word_1_180' title='bbox 1135 1948 1228 2016; x_wconf 87' lang='grc' dir='ltr'><strong><em>αῦτοῦ</em></strong></span> <span class='ocrx_word' id='word_1_181' title='bbox 1243 1947 1376 2034; x_wconf 82' lang='grc' dir='ltr'><strong><em>Ἰησοῦν·</em></strong></span> <span class='ocrx_word' id='word_1_182' title='bbox 1401 1943 1495 2027; x_wconf 79' lang='grc' dir='ltr'><strong><em>οὗτος</em></strong></span> 
     </span>
     <span class='ocr_line' id='line_1_19' title="bbox 329 2047 1494 2139; baseline 0.002 -21"><span class='ocrx_word' id='word_1_183' title='bbox 329 2050 416 2118; x_wconf 81' lang='grc' dir='ltr'><strong><em>τάσει</em></strong></span> <span class='ocrx_word' id='word_1_184' title='bbox 431 2049 483 2116; x_wconf 77' lang='grc' dir='ltr'><strong><em>τάν</em></strong></span> <span class='ocrx_word' id='word_1_185' title='bbox 497 2050 568 2116; x_wconf 77' lang='grc' dir='ltr'><strong><em>λαόν</em></strong></span> <span class='ocrx_word' id='word_1_186' title='bbox 583 2047 676 2116; x_wconf 85' lang='grc' dir='ltr'><strong><em>αῦτοῦ</em></strong></span> <span class='ocrx_word' id='word_1_187' title='bbox 692 2049 750 2115; x_wconf 66' lang='lat' dir='ltr'><strong><em>dno*</em></strong></span> <span class='ocrx_word' id='word_1_188' title='bbox 768 2049 928 2139; x_wconf 80' lang='grc' dir='ltr'><strong><em>άμαρτιοῦν.</em></strong></span> <span class='ocrx_word' id='word_1_189' title='bbox 973 2056 1033 2119; x_wconf 83' lang='grc' dir='ltr'><strong><em>Καί</em></strong></span> <span class='ocrx_word' id='word_1_190' title='bbox 1049 2061 1153 2132; x_wconf 89' lang='grc' dir='ltr'><strong><em>τοῦτο,</em></strong></span> <span class='ocrx_word' id='word_1_191' title='bbox 1177 2055 1266 2135; x_wconf 81' lang='grc' dir='ltr'><strong><em>φησί,</em></strong></span> <span class='ocrx_word' id='word_1_192' title='bbox 1288 2054 1418 2139; x_wconf 85' lang='grc' dir='ltr'><strong><em>γέγονεν,</em></strong></span> <span class='ocrx_word' id='word_1_193' title='bbox 1439 2057 1494 2120; x_wconf 78' lang='grc' dir='ltr'><strong><em>’ίνα</em></strong></span> 
     </span>
     <span class='ocr_line' id='line_1_20' title="bbox 331 2150 1494 2244; baseline 0 -24"><span class='ocrx_word' id='word_1_194' title='bbox 331 2162 476 2244; x_wconf 73' lang='grc' dir='ltr'><strong><em>πληρωθῇ</em></strong></span> <span class='ocrx_word' id='word_1_195' title='bbox 491 2151 524 2219; x_wconf 79' lang='grc' dir='ltr'><strong><em>τά</em></strong></span> <span class='ocrx_word' id='word_1_196' title='bbox 539 2153 634 2238; x_wconf 76' lang='grc' dir='ltr'><strong><em>ῥηθέν</em></strong></span> <span class='ocrx_word' id='word_1_197' title='bbox 647 2150 708 2219; x_wconf 80' lang='grc' dir='ltr'><strong><em>ῦπὸ</em></strong></span> <span class='ocrx_word' id='word_1_198' title='bbox 722 2161 776 2219; x_wconf 88' lang='grc' dir='ltr'><strong><em>τοῦ</em></strong></span> <span class='ocrx_word' id='word_1_199' title='bbox 790 2159 897 2239; x_wconf 91' lang='grc' dir='ltr'><strong><em>κυρίου</em></strong></span> <span class='ocrx_word' id='word_1_200' title='bbox 911 2154 961 2221; x_wconf 83' lang='grc' dir='ltr'><strong><em>ῦιά</em></strong></span> <span class='ocrx_word' id='word_1_201' title='bbox 974 2162 1028 2222; x_wconf 91' lang='grc' dir='ltr'><strong><em>τοῦ</em></strong></span> <span class='ocrx_word' id='word_1_202' title='bbox 1043 2154 1213 2240; x_wconf 87' lang='grc' dir='ltr'><strong><em>προφήτου,</em></strong></span> <span class='ocrx_word' id='word_1_203' title='bbox 1235 2157 1383 2241; x_wconf 88' lang='grc' dir='ltr'><strong><em>λέγοντος·</em></strong></span> <span class='ocrx_word' id='word_1_204' title='bbox 1406 2153 1494 2221; x_wconf 78' lang='grc' dir='ltr'><strong><em>Ἰὄοῦ</em></strong></span> 
     </span>
     <span class='ocr_line' id='line_1_21' title="bbox 330 2254 1494 2344; baseline 0 -21"><span class='ocrx_word' id='word_1_205' title='bbox 330 2256 522 2343; x_wconf 86' lang='grc' dir='ltr'><strong><em>ήπαρθίνος</em></strong></span> <span class='ocrx_word' id='word_1_206' title='bbox 538 2258 570 2322; x_wconf 88' lang='grc' dir='ltr'><strong><em>έν</em></strong></span> <span class='ocrx_word' id='word_1_207' title='bbox 585 2258 689 2341; x_wconf 87' lang='grc' dir='ltr'><strong><em>γαστρί</em></strong></span> <span class='ocrx_word' id='word_1_208' title='bbox 704 2258 775 2336; x_wconf 76' lang='grc' dir='ltr'><strong><em>ἐξει,</em></strong></span> <span class='ocrx_word' id='word_1_209' title='bbox 805 2259 856 2322; x_wconf 88' lang='grc' dir='ltr'><strong><em>καί</em></strong></span> <span class='ocrx_word' id='word_1_210' title='bbox 874 2254 909 2322; x_wconf 79' lang='grc' dir='ltr'><strong><em>τά</em></strong></span> <span class='ocrx_word' id='word_1_211' title='bbox 928 2259 1003 2340; x_wconf 74' lang='grc' dir='ltr'><strong><em>ἑξῆς.</em></strong></span> <span class='ocrx_word' id='word_1_212' title='bbox 1048 2261 1110 2323; x_wconf 84' lang='grc' dir='ltr'><strong><em>Καί</em></strong></span> <span class='ocrx_word' id='word_1_213' title='bbox 1126 2261 1276 2344; x_wconf 75' lang='grc' dir='ltr'><strong><em>ἐγερθεὶς,</em></strong></span> <span class='ocrx_word' id='word_1_214' title='bbox 1298 2260 1407 2342; x_wconf 85' lang='grc' dir='ltr'><strong><em>φησίν,</em></strong></span> <span class='ocrx_word' id='word_1_215' title='bbox 1429 2255 1494 2324; x_wconf 71' lang='grc' dir='ltr'><strong><em>άπὸ</em></strong></span> 
     </span>
     <span class='ocr_line' id='line_1_22' title="bbox 331 2355 1494 2449; baseline -0.001 -22"><span class='ocrx_word' id='word_1_216' title='bbox 331 2369 385 2428; x_wconf 87' lang='grc' dir='ltr'><strong><em>τοῦ</em></strong></span> <span class='ocrx_word' id='word_1_217' title='bbox 398 2361 505 2443; x_wconf 85' lang='grc' dir='ltr'><strong><em>ῦπνου,</em></strong></span> <span class='ocrx_word' id='word_1_218' title='bbox 524 2362 661 2442; x_wconf 82' lang='grc' dir='ltr'><strong><em>ἐποίησεν</em></strong></span> <span class='ocrx_word' id='word_1_219' title='bbox 674 2357 771 2435; x_wconf 82' lang='grc' dir='ltr'><strong><em>οῦτως</em></strong></span> <span class='ocrx_word' id='word_1_220' title='bbox 784 2355 803 2424; x_wconf 84' lang='grc' dir='ltr'><strong><em>ά</em></strong></span> <span class='ocrx_word' id='word_1_221' title='bbox 815 2357 940 2442; x_wconf 83' lang='grc' dir='ltr'><strong><em>Ἰωσήφ,</em></strong></span> <span class='ocrx_word' id='word_1_222' title='bbox 956 2362 1007 2426; x_wconf 89' lang='grc' dir='ltr'><strong><em>καί</em></strong></span> <span class='ocrx_word' id='word_1_223' title='bbox 1020 2363 1166 2447; x_wconf 81' lang='grc' dir='ltr'><strong><em>παρέλαβε</em></strong></span> <span class='ocrx_word' id='word_1_224' title='bbox 1175 2360 1232 2444; x_wconf 80' lang='grc' dir='ltr'><strong><em>τήν</em></strong></span> <span class='ocrx_word' id='word_1_225' title='bbox 1245 2371 1371 2449; x_wconf 81' lang='grc' dir='ltr'><strong><em>γυναῖκα</em></strong></span> <span class='ocrx_word' id='word_1_226' title='bbox 1385 2359 1494 2442; x_wconf 85' lang='grc' dir='ltr'><strong><em>αῦτοῦ,</em></strong></span> 
     </span>
     <span class='ocr_line' id='line_1_23' title="bbox 332 2454 1493 2550; baseline -0.001 -19"><span class='ocrx_word' id='word_1_227' title='bbox 332 2467 383 2532; x_wconf 84' lang='grc' dir='ltr'><strong><em>καί</em></strong></span> <span class='ocrx_word' id='word_1_228' title='bbox 398 2461 454 2530; x_wconf 88' lang='grc' dir='ltr'><strong><em>οῦιι</em></strong></span> <span class='ocrx_word' id='word_1_229' title='bbox 469 2467 624 2550; x_wconf 79' lang='grc' dir='ltr'><strong><em>ἐγίνωσκεν</em></strong></span> <span class='ocrx_word' id='word_1_230' title='bbox 637 2460 741 2545; x_wconf 86' lang='grc' dir='ltr'><strong><em>αῦτήν,</em></strong></span> <span class='ocrx_word' id='word_1_231' title='bbox 758 2465 814 2538; x_wconf 70' lang='grc' dir='ltr'><strong><em>ἕως</em></strong></span> <span class='ocrx_word' id='word_1_232' title='bbox 829 2454 866 2528; x_wconf 86' lang='grc' dir='ltr'><strong><em>οῦ</em></strong></span> <span class='ocrx_word' id='word_1_233' title='bbox 881 2465 958 2530; x_wconf 80' lang='grc' dir='ltr'><strong><em>ἐτωιε</em></strong></span> <span class='ocrx_word' id='word_1_234' title='bbox 971 2462 1022 2530; x_wconf 83' lang='grc' dir='ltr'><strong><em>τάν</em></strong></span> <span class='ocrx_word' id='word_1_235' title='bbox 1036 2463 1103 2530; x_wconf 84' lang='grc' dir='ltr'><strong><em>υίιίν</em></strong></span> <span class='ocrx_word' id='word_1_236' title='bbox 1118 2462 1211 2547; x_wconf 75' lang='grc' dir='ltr'><strong><em>αὐτῆς</em></strong></span> <span class='ocrx_word' id='word_1_237' title='bbox 1222 2463 1275 2530; x_wconf 83' lang='grc' dir='ltr'><strong><em>τάν</em></strong></span> <span class='ocrx_word' id='word_1_238' title='bbox 1287 2461 1493 2548; x_wconf 79' lang='grc' dir='ltr'><strong><em>πρωτότοκον,</em></strong></span> 
     </span>
     <span class='ocr_line' id='line_1_24' title="bbox 332 2563 1493 2653; baseline -0.002 -19"><span class='ocrx_word' id='word_1_239' title='bbox 332 2570 383 2634; x_wconf 87' lang='grc' dir='ltr'><strong><em>καί</em></strong></span> <span class='ocrx_word' id='word_1_240' title='bbox 399 2567 514 2634; x_wconf 82' lang='grc' dir='ltr'><strong><em>ἐκάλεσε</em></strong></span> <span class='ocrx_word' id='word_1_241' title='bbox 528 2564 561 2631; x_wconf 84' lang='grc' dir='ltr'>τὸ</span> <span class='ocrx_word' id='word_1_242' title='bbox 578 2563 673 2649; x_wconf 76' lang='grc' dir='ltr'><strong><em>ὄνομα</em></strong></span> <span class='ocrx_word' id='word_1_243' title='bbox 687 2563 778 2631; x_wconf 88' lang='grc' dir='ltr'><strong><em>αῦτοῦ</em></strong></span> <span class='ocrx_word' id='word_1_244' title='bbox 790 2563 919 2650; x_wconf 87' lang='grc' dir='ltr'><strong><em>Ἰησοῦν.</em></strong></span> <span class='ocrx_word' id='word_1_245' title='bbox 969 2573 1030 2632; x_wconf 79' lang='grc' dir='ltr'><strong><em>Τοῦ</em></strong></span> <span class='ocrx_word' id='word_1_246' title='bbox 1045 2567 1077 2632; x_wconf 78' lang='grc' dir='ltr'><strong><em>δέ</em></strong></span> <span class='ocrx_word' id='word_1_247' title='bbox 1089 2563 1192 2650; x_wconf 85' lang='grc' dir='ltr'><strong><em>Ἰησοῦ</em></strong></span> <span class='ocrx_word' id='word_1_248' title='bbox 1206 2569 1410 2653; x_wconf 82' lang='grc' dir='ltr'><strong><em>γεννηθέντος,</em></strong></span> <span class='ocrx_word' id='word_1_249' title='bbox 1433 2593 1493 2652; x_wconf 87' lang='grc' dir='ltr'><strong><em>φη-</em></strong></span> 
     </span>
     <span class='ocr_line' id='line_1_25' title="bbox 333 2665 1493 2754; baseline 0.001 -19"><span class='ocrx_word' id='word_1_250' title='bbox 333 2673 373 2744; x_wconf 84' lang='grc' dir='ltr'><strong><em>σί,</em></strong></span> <span class='ocrx_word' id='word_1_251' title='bbox 396 2672 427 2735; x_wconf 90' lang='grc' dir='ltr'><strong><em>έν</em></strong></span> <span class='ocrx_word' id='word_1_252' title='bbox 443 2669 577 2750; x_wconf 68' lang='grc' dir='ltr'><strong><em>Βηθλεὲμ</em></strong></span> <span class='ocrx_word' id='word_1_253' title='bbox 592 2675 645 2751; x_wconf 79' lang='grc' dir='ltr'><strong><em>τῆς</em></strong></span> <span class='ocrx_word' id='word_1_254' title='bbox 657 2665 812 2749; x_wconf 78' lang='grc' dir='ltr'><strong><em>Ἰουδαίας,</em></strong></span> <span class='ocrx_word' id='word_1_255' title='bbox 834 2670 867 2734; x_wconf 90' lang='grc' dir='ltr'><strong><em>ἐν</em></strong></span> <span class='ocrx_word' id='word_1_256' title='bbox 881 2665 1005 2754; x_wconf 86' lang='grc' dir='ltr'><strong><em>ήμέραις</em></strong></span> <span class='ocrx_word' id='word_1_257' title='bbox 1015 2665 1151 2754; x_wconf 81' lang='grc' dir='ltr'><strong><em>Ἡράιίου</em></strong></span> <span class='ocrx_word' id='word_1_258' title='bbox 1163 2677 1218 2736; x_wconf 90' lang='grc' dir='ltr'><strong><em>τοῦ</em></strong></span> <span class='ocrx_word' id='word_1_259' title='bbox 1234 2671 1387 2753; x_wconf 82' lang='grc' dir='ltr'><strong><em>βασιλέως,</em></strong></span> <span class='ocrx_word' id='word_1_260' title='bbox 1411 2668 1493 2752; x_wconf 81' lang='grc' dir='ltr'><strong><em>ίῦοῦ,</em></strong></span> 
     </span>
     <span class='ocr_line' id='line_1_26' title="bbox 335 2768 1496 2860; baseline -0.003 -22"><span class='ocrx_word' id='word_1_261' title='bbox 335 2770 441 2858; x_wconf 86' lang='grc' dir='ltr'><strong><em>Μάγοι</em></strong></span> <span class='ocrx_word' id='word_1_262' title='bbox 453 2768 513 2836; x_wconf 80' lang='grc' dir='ltr'><strong><em>άπῦ</em></strong></span> <span class='ocrx_word' id='word_1_263' title='bbox 528 2769 679 2835; x_wconf 77' lang='grc' dir='ltr'><strong><em>άνατολοῖν</em></strong></span> <span class='ocrx_word' id='word_1_264' title='bbox 692 2773 886 2856; x_wconf 77' lang='grc' dir='ltr'><strong><em>παρεγένοντο</em></strong></span> <span class='ocrx_word' id='word_1_265' title='bbox 903 2775 946 2848; x_wconf 86' lang='grc' dir='ltr'><strong><em>είς</em></strong></span> <span class='ocrx_word' id='word_1_266' title='bbox 958 2770 1161 2857; x_wconf 76' lang='grc' dir='ltr'><strong><em>Ἰερουσαλήμ,</em></strong></span> <span class='ocrx_word' id='word_1_267' title='bbox 1176 2775 1316 2860; x_wconf 83' lang='grc' dir='ltr'><strong><em>λέγοντες,</em></strong></span> <span class='ocrx_word' id='word_1_268' title='bbox 1332 2777 1402 2838; x_wconf 89' lang='grc' dir='ltr'><strong><em>Ποῦ</em></strong></span> <span class='ocrx_word' id='word_1_269' title='bbox 1416 2774 1496 2838; x_wconf 81' lang='grc' dir='ltr'><strong><em>ἐστιν</em></strong></span> 
     </span>
     <span class='ocr_line' id='line_1_27' title="bbox 334 2871 1495 2961; baseline 0 -20"><span class='ocrx_word' id='word_1_270' title='bbox 334 2873 352 2941; x_wconf 79' lang='grc' dir='ltr'><strong><em>τί</em></strong></span> <span class='ocrx_word' id='word_1_271' title='bbox 374 2875 489 2957; x_wconf 79' lang='grc' dir='ltr'><strong><em>τεχθεὶς</em></strong></span> <span class='ocrx_word' id='word_1_272' title='bbox 512 2871 647 2956; x_wconf 76' lang='grc' dir='ltr'><strong><em>βασιλεῦς</em></strong></span> <span class='ocrx_word' id='word_1_273' title='bbox 667 2881 726 2938; x_wconf 74' lang='grc' dir='ltr'><strong><em>τοῖν</em></strong></span> <span class='ocrx_word' id='word_1_274' title='bbox 744 2871 915 2952; x_wconf 71' lang='grc' dir='ltr'><strong><em>Ἰουδαίων,</em></strong></span> <span class='ocrx_word' id='word_1_275' title='bbox 946 2877 1063 2957; x_wconf 78' lang='grc' dir='ltr'><strong><em>είθομεν</em></strong></span> <span class='ocrx_word' id='word_1_276' title='bbox 1080 2872 1136 2961; x_wconf 85' lang='grc' dir='ltr'><strong><em>γάρ</em></strong></span> <span class='ocrx_word' id='word_1_277' title='bbox 1153 2873 1206 2942; x_wconf 81' lang='grc' dir='ltr'><strong><em>τάν</em></strong></span> <span class='ocrx_word' id='word_1_278' title='bbox 1225 2873 1332 2961; x_wconf 83' lang='grc' dir='ltr'><strong><em>άστίρα</em></strong></span> <span class='ocrx_word' id='word_1_279' title='bbox 1349 2871 1442 2940; x_wconf 86' lang='grc' dir='ltr'><strong><em>αῦτοῦ</em></strong></span> <span class='ocrx_word' id='word_1_280' title='bbox 1460 2877 1495 2941; x_wconf 87' lang='grc' dir='ltr'><strong><em>έν</em></strong></span> 
     </span>
     <span class='ocr_line' id='line_1_28' title="bbox 333 2970 1496 3067; baseline -0.002 -23"><span class='ocrx_word' id='word_1_281' title='bbox 333 2984 369 3067; x_wconf 72' lang='grc' dir='ltr'><strong><em>τῇ</em></strong></span> <span class='ocrx_word' id='word_1_282' title='bbox 386 2975 523 3066; x_wconf 80' lang='grc' dir='ltr'><strong><em>οίνατολή,</em></strong></span> <span class='ocrx_word' id='word_1_283' title='bbox 545 2978 598 3040; x_wconf 88' lang='grc' dir='ltr'><strong><em>καί</em></strong></span> <span class='ocrx_word' id='word_1_284' title='bbox 614 2973 746 3058; x_wconf 76' lang='grc' dir='ltr'><strong><em>ἤλθομεν</em></strong></span> <span class='ocrx_word' id='word_1_285' title='bbox 758 2982 962 3061; x_wconf 84' lang='grc' dir='ltr'><strong><em>προςκυνήσαι</em></strong></span> <span class='ocrx_word' id='word_1_286' title='bbox 979 2974 1068 3066; x_wconf 77' lang='grc' dir='ltr'><strong><em>αῦτρῦ.</em></strong></span> <span class='ocrx_word' id='word_1_287' title='bbox 1114 2983 1184 3043; x_wconf 89' lang='grc' dir='ltr'><strong><em>Ποῦ</em></strong></span> <span class='ocrx_word' id='word_1_288' title='bbox 1200 2970 1257 3044; x_wconf 86' lang='grc' dir='ltr'><strong><em>οῦν</em></strong></span> <span class='ocrx_word' id='word_1_289' title='bbox 1271 2975 1292 3060; x_wconf 85' lang='grc' dir='ltr'><strong><em>ή</em></strong></span> <span class='ocrx_word' id='word_1_290' title='bbox 1307 2980 1496 3063; x_wconf 72' lang='grc' dir='ltr'><strong><em>πραγματεία</em></strong></span> 
     </span>
     <span class='ocr_line' id='line_1_29' title="bbox 334 3076 1495 3168; baseline -0.002 -22"><span class='ocrx_word' id='word_1_291' title='bbox 334 3087 388 3146; x_wconf 87' lang='grc' dir='ltr'><strong><em>τοῦ</em></strong></span> <span class='ocrx_word' id='word_1_292' title='bbox 406 3083 572 3163; x_wconf 76' lang='grc' dir='ltr'><strong><em>-Ζαχαρίονς</em></strong></span> <span class='ocrx_word' id='word_1_293' title='bbox 600 3086 661 3144; x_wconf 87' lang='grc' dir='ltr'><strong><em>ποῦ</em></strong></span> <span class='ocrx_word' id='word_1_294' title='bbox 681 3077 718 3143; x_wconf 86' lang='grc' dir='ltr'><strong><em>τά</em></strong></span> <span class='ocrx_word' id='word_1_295' title='bbox 738 3086 780 3168; x_wconf 79' lang='grc' dir='ltr'><strong><em>τῷ</em></strong></span> <span class='ocrx_word' id='word_1_296' title='bbox 797 3086 906 3168; x_wconf 77' lang='grc' dir='ltr'><strong><em>Λουκρῖ</em></strong></span> <span class='ocrx_word' id='word_1_297' title='bbox 923 3081 1222 3167; x_wconf 69' lang='grc' dir='ltr'><strong><em>πεπραγματευμένα,</em></strong></span> <span class='ocrx_word' id='word_1_298' title='bbox 1251 3085 1312 3146; x_wconf 89' lang='grc' dir='ltr'><strong><em>ποῦ</em></strong></span> <span class='ocrx_word' id='word_1_299' title='bbox 1328 3076 1350 3164; x_wconf 87' lang='grc' dir='ltr'><strong><em>ή</em></strong></span> <span class='ocrx_word' id='word_1_300' title='bbox 1365 3077 1495 3145; x_wconf 84' lang='grc' dir='ltr'><strong><em>ῦπτασία</em></strong></span> 
     </span>
     <span class='ocr_line' id='line_1_30' title="bbox 334 3179 1494 3268; baseline 0 -22"><span class='ocrx_word' id='word_1_301' title='bbox 334 3189 388 3248; x_wconf 89' lang='grc' dir='ltr'><strong><em>τοῦ</em></strong></span> <span class='ocrx_word' id='word_1_302' title='bbox 404 3180 541 3268; x_wconf 79' lang='grc' dir='ltr'><strong><em>άγγέλον;</em></strong></span> <span class='ocrx_word' id='word_1_303' title='bbox 564 3188 624 3246; x_wconf 91' lang='grc' dir='ltr'><strong><em>ποῦ</em></strong></span> <span class='ocrx_word' id='word_1_304' title='bbox 640 3179 660 3264; x_wconf 87' lang='grc' dir='ltr'><strong><em>ή</em></strong></span> <span class='ocrx_word' id='word_1_305' title='bbox 675 3185 842 3267; x_wconf 87' lang='grc' dir='ltr'><strong><em>προφητεία</em></strong></span> <span class='ocrx_word' id='word_1_306' title='bbox 854 3179 997 3248; x_wconf 83' lang='grc' dir='ltr'><strong><em>Ἰωάννου</em></strong></span> <span class='ocrx_word' id='word_1_307' title='bbox 1009 3189 1065 3246; x_wconf 90' lang='grc' dir='ltr'><strong><em>τοῦ</em></strong></span> <span class='ocrx_word' id='word_1_308' title='bbox 1083 3189 1265 3262; x_wconf 75' lang='grc' dir='ltr'><strong><em>Βαπτιοτοῦς</em></strong></span> <span class='ocrx_word' id='word_1_309' title='bbox 1288 3189 1348 3248; x_wconf 88' lang='grc' dir='ltr'><strong><em>ποῦ</em></strong></span> <span class='ocrx_word' id='word_1_310' title='bbox 1362 3189 1416 3248; x_wconf 87' lang='grc' dir='ltr'><strong><em>τοῦ</em></strong></span> <span class='ocrx_word' id='word_1_311' title='bbox 1433 3189 1494 3246; x_wconf 86' lang='grc' dir='ltr'><strong><em>Ζα-</em></strong></span> 
     </span>
     <span class='ocr_line' id='line_1_31' title="bbox 335 3277 1496 3371; baseline 0.002 -23"><span class='ocrx_word' id='word_1_312' title='bbox 335 3290 439 3370; x_wconf 84' lang='grc' dir='ltr'><strong><em>γαρίου</em></strong></span> <span class='ocrx_word' id='word_1_313' title='bbox 455 3281 475 3366; x_wconf 85' lang='grc' dir='ltr'><strong><em>ή</em></strong></span> <span class='ocrx_word' id='word_1_314' title='bbox 494 3287 673 3368; x_wconf 84' lang='grc' dir='ltr'><strong><em>ἐπιτίμησις,</em></strong></span> <span class='ocrx_word' id='word_1_315' title='bbox 703 3291 756 3350; x_wconf 87' lang='grc' dir='ltr'><strong><em>τοῦ</em></strong></span> <span class='ocrx_word' id='word_1_316' title='bbox 773 3282 814 3368; x_wconf 84' lang='grc' dir='ltr'><strong><em>μή</em></strong></span> <span class='ocrx_word' id='word_1_317' title='bbox 833 3283 982 3350; x_wconf 81' lang='grc' dir='ltr'><strong><em>ἐῦνασθαι</em></strong></span> <span class='ocrx_word' id='word_1_318' title='bbox 1000 3281 1091 3351; x_wconf 82' lang='grc' dir='ltr'><strong><em>αῦτὸν</em></strong></span> <span class='ocrx_word' id='word_1_319' title='bbox 1106 3293 1202 3350; x_wconf 85' lang='grc' dir='ltr'><strong><em>λαλεῖν</em></strong></span> <span class='ocrx_word' id='word_1_320' title='bbox 1219 3283 1303 3370; x_wconf 80' lang='grc' dir='ltr'><strong><em>ῦηρις</em></strong></span> <span class='ocrx_word' id='word_1_321' title='bbox 1318 3277 1355 3351; x_wconf 86' lang='grc' dir='ltr'><strong><em>οῦ</em></strong></span> <span class='ocrx_word' id='word_1_322' title='bbox 1374 3286 1496 3371; x_wconf 86' lang='grc' dir='ltr'><strong><em>γένηται</em></strong></span> 
     </span>
     <span class='ocr_line' id='line_1_32' title="bbox 335 3379 1496 3478; baseline -0.001 -24"><span class='ocrx_word' id='word_1_323' title='bbox 335 3389 371 3454; x_wconf 82' lang='grc' dir='ltr'><strong><em>τά</em></strong></span> <span class='ocrx_word' id='word_1_324' title='bbox 388 3385 448 3453; x_wconf 80' lang='grc' dir='ltr'><strong><em>ῦπό</em></strong></span> <span class='ocrx_word' id='word_1_325' title='bbox 462 3394 515 3454; x_wconf 89' lang='grc' dir='ltr'><strong><em>τοῦ</em></strong></span> <span class='ocrx_word' id='word_1_326' title='bbox 530 3384 652 3472; x_wconf 85' lang='grc' dir='ltr'><strong><em>οίγγίλον</em></strong></span> <span class='ocrx_word' id='word_1_327' title='bbox 667 3388 859 3470; x_wconf 68' lang='grc' dir='ltr'><strong><em>λελαλημένα,</em></strong></span> <span class='ocrx_word' id='word_1_328' title='bbox 879 3379 941 3454; x_wconf 89' lang='grc' dir='ltr'><strong><em>ποῦ</em></strong></span> <span class='ocrx_word' id='word_1_329' title='bbox 956 3386 992 3454; x_wconf 83' lang='grc' dir='ltr'><strong><em>τά</em></strong></span> <span class='ocrx_word' id='word_1_330' title='bbox 1007 3385 1067 3453; x_wconf 60' lang='lat' dir='ltr'><strong><em>simi</em></strong></span> <span class='ocrx_word' id='word_1_331' title='bbox 1082 3396 1137 3452; x_wconf 80' lang='grc' dir='ltr'><strong><em>τοῦ</em></strong></span> <span class='ocrx_word' id='word_1_332' title='bbox 1151 3385 1282 3472; x_wconf 82' lang='grc' dir='ltr'><strong><em>Γαβριήλ</em></strong></span> <span class='ocrx_word' id='word_1_333' title='bbox 1298 3393 1334 3478; x_wconf 75' lang='grc' dir='ltr'><strong><em>τῇ</em></strong></span> <span class='ocrx_word' id='word_1_334' title='bbox 1349 3390 1496 3476; x_wconf 77' lang='grc' dir='ltr'><strong><em>τεαρθίνηο</em></strong></span> 
     </span>
     <span class='ocr_line' id='line_1_33' title="bbox 334 3487 1498 3575; baseline -0.003 -17"><span class='ocrx_word' id='word_1_335' title='bbox 334 3492 489 3575; x_wconf 75' lang='grc' dir='ltr'><strong><em>λεχθέντας</em></strong></span> <span class='ocrx_word' id='word_1_336' title='bbox 518 3497 578 3554; x_wconf 89' lang='grc' dir='ltr'><strong><em>ποῦ</em></strong></span> <span class='ocrx_word' id='word_1_337' title='bbox 600 3487 621 3572; x_wconf 88' lang='grc' dir='ltr'><strong><em>ή</em></strong></span> <span class='ocrx_word' id='word_1_338' title='bbox 638 3489 820 3574; x_wconf 85' lang='grc' dir='ltr'><strong><em>παράστασις</em></strong></span> <span class='ocrx_word' id='word_1_339' title='bbox 840 3498 893 3574; x_wconf 86' lang='grc' dir='ltr'><strong><em>τής</em></strong></span> <span class='ocrx_word' id='word_1_340' title='bbox 910 3487 1069 3572; x_wconf 83' lang='grc' dir='ltr'><strong><em>άσφαλείας</em></strong></span> <span class='ocrx_word' id='word_1_341' title='bbox 1090 3498 1144 3574; x_wconf 79' lang='grc' dir='ltr'><strong><em>τῆς</em></strong></span> <span class='ocrx_word' id='word_1_342' title='bbox 1163 3489 1234 3574; x_wconf 87' lang='grc' dir='ltr'><strong><em>μετά</em></strong></span> <span class='ocrx_word' id='word_1_343' title='bbox 1252 3492 1411 3571; x_wconf 86' lang='grc' dir='ltr'><strong><em>συνέσεως,</em></strong></span> <span class='ocrx_word' id='word_1_344' title='bbox 1441 3497 1498 3573; x_wconf 79' lang='grc' dir='ltr'><strong><em>τῆς</em></strong></span> 
     </span>
     <span class='ocr_line' id='line_1_34' title="bbox 336 3589 1498 3682; baseline -0.001 -23"><span class='ocrx_word' id='word_1_345' title='bbox 336 3598 460 3680; x_wconf 93' lang='grc' dir='ltr'><strong><em>Μαρίας</em></strong></span> <span class='ocrx_word' id='word_1_346' title='bbox 474 3589 555 3680; x_wconf 77' lang='grc' dir='ltr'><strong><em>αῦτῷ</em></strong></span> <span class='ocrx_word' id='word_1_347' title='bbox 569 3600 609 3682; x_wconf 74' lang='grc' dir='ltr'><strong><em>τῷ</em></strong></span> <span class='ocrx_word' id='word_1_348' title='bbox 624 3589 734 3681; x_wconf 82' lang='grc' dir='ltr'><strong><em>οίγγέλφ</em></strong></span> <span class='ocrx_word' id='word_1_349' title='bbox 749 3591 971 3679; x_wconf 82' lang='grc' dir='ltr'><strong><em>οίποιιριθείσης,</em></strong></span> <span class='ocrx_word' id='word_1_350' title='bbox 995 3591 1036 3669; x_wconf 66' lang='grc' dir='ltr'><strong><em>οἷς</em></strong></span> <span class='ocrx_word' id='word_1_351' title='bbox 1051 3591 1152 3678; x_wconf 85' lang='grc' dir='ltr'><strong><em>ήροίτα</em></strong></span> <span class='ocrx_word' id='word_1_352' title='bbox 1164 3593 1299 3678; x_wconf 88' lang='grc' dir='ltr'><strong><em>λέγουσα,</em></strong></span> <span class='ocrx_word' id='word_1_353' title='bbox 1325 3599 1398 3669; x_wconf 78' lang='grc' dir='ltr'><strong><em>Ποῦς</em></strong></span> <span class='ocrx_word' id='word_1_354' title='bbox 1412 3595 1498 3658; x_wconf 74' lang='grc' dir='ltr'><strong><em>ἐσται</em></strong></span> 
     </span>
     <span class='ocr_line' id='line_1_35' title="bbox 336 3693 1498 3782; baseline -0.002 -20"><span class='ocrx_word' id='word_1_355' title='bbox 336 3705 440 3777; x_wconf 90' lang='grc' dir='ltr'><strong><em>τοῦτο,</em></strong></span> <span class='ocrx_word' id='word_1_356' title='bbox 463 3697 527 3768; x_wconf 81' lang='grc' dir='ltr'><strong><em>ἐπεί</em></strong></span> <span class='ocrx_word' id='word_1_357' title='bbox 544 3693 639 3780; x_wconf 79' lang='grc' dir='ltr'><strong><em>άνῦρα</em></strong></span> <span class='ocrx_word' id='word_1_358' title='bbox 656 3693 694 3762; x_wconf 88' lang='grc' dir='ltr'><strong><em>οῦ</em></strong></span> <span class='ocrx_word' id='word_1_359' title='bbox 709 3694 860 3781; x_wconf 72' lang='grc' dir='ltr'><strong><em>γινοίσιιως</em></strong></span> <span class='ocrx_word' id='word_1_360' title='bbox 882 3699 932 3763; x_wconf 82' lang='grc' dir='ltr'><strong><em>καί</em></strong></span> <span class='ocrx_word' id='word_1_361' title='bbox 948 3693 969 3780; x_wconf 84' lang='grc' dir='ltr'><strong><em>ή</em></strong></span> <span class='ocrx_word' id='word_1_362' title='bbox 984 3695 1054 3780; x_wconf 82' lang='grc' dir='ltr'><strong><em>μετά</em></strong></span> <span class='ocrx_word' id='word_1_363' title='bbox 1073 3693 1225 3781; x_wconf 78' lang='grc' dir='ltr'><strong><em>άκρηίείας</em></strong></span> <span class='ocrx_word' id='word_1_364' title='bbox 1239 3694 1362 3782; x_wconf 77' lang='grc' dir='ltr'><strong><em>καθαρά</em></strong></span> <span class='ocrx_word' id='word_1_365' title='bbox 1378 3693 1498 3782; x_wconf 85' lang='grc' dir='ltr'><strong><em>ῦφήγη-</em></strong></span> 
     </span>
     <span class='ocr_line' id='line_1_36' title="bbox 337 3795 1500 3888; baseline 0 -24"><span class='ocrx_word' id='word_1_366' title='bbox 337 3820 397 3881; x_wconf 90' lang='grc' dir='ltr'><strong><em>σις,</em></strong></span> <span class='ocrx_word' id='word_1_367' title='bbox 428 3797 469 3876; x_wconf 79' lang='grc' dir='ltr'><strong><em>νίς</em></strong></span> <span class='ocrx_word' id='word_1_368' title='bbox 484 3797 564 3866; x_wconf 87' lang='grc' dir='ltr'><strong><em>είπεν</em></strong></span> <span class='ocrx_word' id='word_1_369' title='bbox 580 3795 672 3888; x_wconf 83' lang='grc' dir='ltr'><strong><em>αῦτη,</em></strong></span> <span class='ocrx_word' id='word_1_370' title='bbox 702 3805 818 3881; x_wconf 85' lang='grc' dir='ltr'><strong><em>πνεῦμα</em></strong></span> <span class='ocrx_word' id='word_1_371' title='bbox 837 3803 944 3886; x_wconf 87' lang='grc' dir='ltr'><strong><em>κυρίου</em></strong></span> <span class='ocrx_word' id='word_1_372' title='bbox 961 3797 1144 3866; x_wconf 85' lang='grc' dir='ltr'><strong><em>έπελεῦσεται</em></strong></span> <span class='ocrx_word' id='word_1_373' title='bbox 1160 3801 1208 3866; x_wconf 79' lang='grc' dir='ltr'><strong><em>ἐπὶ</em></strong></span> <span class='ocrx_word' id='word_1_374' title='bbox 1225 3799 1272 3878; x_wconf 84' lang='grc' dir='ltr'><strong><em>σέ,</em></strong></span> <span class='ocrx_word' id='word_1_375' title='bbox 1303 3800 1354 3864; x_wconf 83' lang='grc' dir='ltr'><strong><em>καί</em></strong></span> <span class='ocrx_word' id='word_1_376' title='bbox 1368 3801 1500 3882; x_wconf 75' lang='grc' dir='ltr'><strong><em>δύναμις</em></strong></span> 
     </span>
     <span class='ocr_line' id='line_1_37' title="bbox 202 3897 740 3984; baseline -0.006 -15"><span class='ocrx_word' id='word_1_377' title='bbox 202 3958 206 3969; x_wconf 93' lang='grc'><strong><em>,</em></strong></span> <span class='ocrx_word' id='word_1_378' title='bbox 337 3897 466 3984; x_wconf 79' lang='grc' dir='ltr'><strong><em>ῦψίοτον</em></strong></span> <span class='ocrx_word' id='word_1_379' title='bbox 489 3899 652 3968; x_wconf 78' lang='grc' dir='ltr'><strong><em>ἐπισκιάσει</em></strong></span> <span class='ocrx_word' id='word_1_380' title='bbox 677 3923 740 3982; x_wconf 72' lang='grc' dir='ltr'><strong><em>σοις</em></strong></span> 
     </span>
     <span class='ocr_line' id='line_1_38' title="bbox 209 3999 1499 4092; baseline 0 -23"><span class='ocrx_word' id='word_1_381' title='bbox 209 4025 277 4090; x_wconf 69' lang='grc' dir='ltr'><strong><em>Κεφ.</em></strong></span> <span class='ocrx_word' id='word_1_382' title='bbox 292 4018 321 4082; x_wconf 75' lang='grc' dir='ltr'><strong><em>ς’.</em></strong></span> <span class='ocrx_word' id='word_1_383' title='bbox 427 4009 461 4069; x_wconf 86' lang='grc' dir='ltr'><strong><em>Τί</em></strong></span> <span class='ocrx_word' id='word_1_384' title='bbox 479 3999 533 4072; x_wconf 85' lang='grc' dir='ltr'><strong><em>οῦν</em></strong></span> <span class='ocrx_word' id='word_1_385' title='bbox 550 4009 688 4092; x_wconf 67' lang='grc' dir='ltr'><strong><em>ἐροῦμενς</em></strong></span> <span class='ocrx_word' id='word_1_386' title='bbox 720 4001 802 4071; x_wconf 80' lang='grc' dir='ltr'><strong><em>Ἐπεί</em></strong></span> <span class='ocrx_word' id='word_1_387' title='bbox 819 4002 860 4089; x_wconf 82' lang='grc' dir='ltr'><strong><em>μή</em></strong></span> <span class='ocrx_word' id='word_1_388' title='bbox 879 4003 1066 4091; x_wconf 86' lang='grc' dir='ltr'><strong><em>κατήγγελλεν</em></strong></span> <span class='ocrx_word' id='word_1_389' title='bbox 1088 4002 1289 4081; x_wconf 84' lang='grc' dir='ltr'><strong><em>ὅΜατθαίος</em></strong></span> <span class='ocrx_word' id='word_1_390' title='bbox 1305 4001 1342 4070; x_wconf 85' lang='grc' dir='ltr'><strong><em>τά</em></strong></span> <span class='ocrx_word' id='word_1_391' title='bbox 1363 4000 1423 4070; x_wconf 82' lang='grc' dir='ltr'><strong><em>ῦπά</em></strong></span> <span class='ocrx_word' id='word_1_392' title='bbox 1442 4011 1499 4069; x_wconf 90' lang='grc' dir='ltr'><strong><em>τοῦ</em></strong></span> 
     </span>
     <span class='ocr_line' id='line_1_39' title="bbox 230 4103 1498 4200; baseline 0 -30"><span class='ocrx_word' id='word_1_393' title='bbox 230 4187 234 4200; x_wconf 29' lang='grc' dir='ltr'><strong>μ</strong></span> <span class='ocrx_word' id='word_1_394' title='bbox 339 4111 448 4172; x_wconf 83' lang='grc' dir='ltr'><strong><em>Λουιιῦ</em></strong></span> <span class='ocrx_word' id='word_1_395' title='bbox 464 4110 607 4190; x_wconf 75' lang='grc' dir='ltr'><strong><em>ῥηθέντα,</em></strong></span> <span class='ocrx_word' id='word_1_396' title='bbox 630 4105 688 4196; x_wconf 81' lang='grc' dir='ltr'><strong><em>ῦρα</em></strong></span> <span class='ocrx_word' id='word_1_397' title='bbox 702 4105 885 4193; x_wconf 84' lang='grc' dir='ltr'><strong><em>άσῦμφωνος</em></strong></span> <span class='ocrx_word' id='word_1_398' title='bbox 898 4112 943 4194; x_wconf 81' lang='grc' dir='ltr'><strong><em>είη</em></strong></span> <span class='ocrx_word' id='word_1_399' title='bbox 958 4105 975 4176; x_wconf 87' lang='grc' dir='ltr'><strong><em>ά</em></strong></span> <span class='ocrx_word' id='word_1_400' title='bbox 988 4106 1073 4194; x_wconf 84' lang='grc' dir='ltr'><strong><em>άγιος</em></strong></span> <span class='ocrx_word' id='word_1_401' title='bbox 1086 4115 1251 4182; x_wconf 87' lang='grc' dir='ltr'><strong><em>Ματθαῑος</em></strong></span> <span class='ocrx_word' id='word_1_402' title='bbox 1266 4104 1343 4191; x_wconf 82' lang='grc' dir='ltr'><strong><em>πράς</em></strong></span> <span class='ocrx_word' id='word_1_403' title='bbox 1357 4103 1411 4190; x_wconf 83' lang='grc' dir='ltr'><strong><em>τήν</em></strong></span> <span class='ocrx_word' id='word_1_404' title='bbox 1425 4103 1498 4190; x_wconf 87' lang='grc' dir='ltr'><strong><em>α’λή-</em></strong></span> 
     </span>
     <span class='ocr_line' id='line_1_40' title="bbox 193 4201 1500 4297; baseline 0.002 -23"><span class='ocrx_word' id='word_1_405' title='bbox 193 4201 264 4294; x_wconf 50' lang='lat'><strong><em>&#39;1¹2⁸-</em></strong></span> <span class='ocrx_word' id='word_1_406' title='bbox 277 4235 321 4282; x_wconf 74' lang='grc' dir='ltr'><strong><em>ιη,</em></strong></span> <span class='ocrx_word' id='word_1_407' title='bbox 339 4217 441 4287; x_wconf 71' lang='grc' dir='ltr'><strong><em>θειανς</em></strong></span> <span class='ocrx_word' id='word_1_408' title='bbox 472 4205 549 4275; x_wconf 89' lang='grc' dir='ltr'><strong><em>Ἀλλ’</em></strong></span> <span class='ocrx_word' id='word_1_409' title='bbox 567 4209 625 4278; x_wconf 85' lang='grc' dir='ltr'><strong><em>οῦκ</em></strong></span> <span class='ocrx_word' id='word_1_410' title='bbox 642 4208 782 4295; x_wconf 84' lang='grc' dir='ltr'><strong><em>άληθεάει</em></strong></span> <span class='ocrx_word' id='word_1_411' title='bbox 800 4209 818 4277; x_wconf 81' lang='grc' dir='ltr'>ὁ</span> <span class='ocrx_word' id='word_1_412' title='bbox 834 4209 917 4297; x_wconf 81' lang='grc' dir='ltr'><strong><em>άγιος</em></strong></span> <span class='ocrx_word' id='word_1_413' title='bbox 933 4217 1075 4292; x_wconf 81' lang='grc' dir='ltr'><strong><em>Λουκᾶς,</em></strong></span> <span class='ocrx_word' id='word_1_414' title='bbox 1098 4209 1190 4276; x_wconf 83' lang='grc' dir='ltr'><strong><em>είποίν</em></strong></span> <span class='ocrx_word' id='word_1_415' title='bbox 1208 4211 1277 4294; x_wconf 90' lang='grc' dir='ltr'><strong><em>περί</em></strong></span> <span class='ocrx_word' id='word_1_416' title='bbox 1291 4215 1352 4276; x_wconf 80' lang='grc' dir='ltr'><strong><em>τιῦν</em></strong></span> <span class='ocrx_word' id='word_1_417' title='bbox 1369 4207 1500 4293; x_wconf 83' lang='grc' dir='ltr'><strong><em>τεράτων</em></strong></span> 
     </span>
     <span class='ocr_line' id='line_1_41' title="bbox 339 4307 1500 4403; baseline 0.002 -25"><span class='ocrx_word' id='word_1_418' title='bbox 339 4319 380 4403; x_wconf 75' lang='grc' dir='ltr'><strong><em>τῷ</em></strong></span> <span class='ocrx_word' id='word_1_419' title='bbox 398 4316 552 4402; x_wconf 80' lang='grc' dir='ltr'><strong><em>Ματθαίφ</em></strong></span> <span class='ocrx_word' id='word_1_420' title='bbox 569 4315 889 4402; x_wconf 78' lang='grc' dir='ltr'><strong><em>πεπραγματευμένον,Ι</em></strong></span> <span class='ocrx_word' id='word_1_421' title='bbox 920 4309 986 4398; x_wconf 79' lang='grc' dir='ltr'><strong><em>οῦγί</em></strong></span> <span class='ocrx_word' id='word_1_422' title='bbox 1007 4311 1119 4402; x_wconf 81' lang='grc' dir='ltr'><strong><em>ένάστφ</em></strong></span> <span class='ocrx_word' id='word_1_423' title='bbox 1137 4313 1267 4400; x_wconf 82' lang='grc' dir='ltr'><strong><em>ἐμέρισεν</em></strong></span> <span class='ocrx_word' id='word_1_424' title='bbox 1288 4307 1307 4379; x_wconf 79' lang='grc' dir='ltr'><strong><em>ί</em></strong></span> <span class='ocrx_word' id='word_1_425' title='bbox 1328 4309 1418 4394; x_wconf 80' lang='grc' dir='ltr'><strong><em>θείς,</em></strong></span> <span class='ocrx_word' id='word_1_426' title='bbox 1448 4315 1500 4380; x_wconf 73' lang='grc' dir='ltr'><strong><em>ἵνα</em></strong></span> 
     </span>
    </p>
   </div>
   <div class='ocr_carea' id='block_1_3' title="bbox 374 4450 1355 4526">
    <p class='ocr_par' dir='ltr' id='par_1_3' title="bbox 374 4450 1355 4526">
     <span class='ocr_line' id='line_1_42' title="bbox 374 4450 1355 4526; baseline -0.008 -12"><span class='ocrx_word' id='word_1_427' title='bbox 374 4454 399 4514; x_wconf 83' lang='lat'><strong><em>7.</em></strong></span> <span class='ocrx_word' id='word_1_428' title='bbox 416 4451 550 4526; x_wconf 81' lang='grc' dir='ltr'><strong><em>δαιμονίων</em></strong></span> <span class='ocrx_word' id='word_1_429' title='bbox 566 4453 618 4510; x_wconf 77' lang='grc' dir='ltr'><strong><em>ταί.</em></strong></span> <span class='ocrx_word' id='word_1_430' title='bbox 634 4457 686 4507; x_wconf 70' lang='lat' dir='ltr'><strong><em>Vm</em></strong></span> <span class='ocrx_word' id='word_1_431' title='bbox 968 4452 993 4506; x_wconf 66' lang='grc' dir='ltr'>ἃ</span> <span class='ocrx_word' id='word_1_432' title='bbox 1009 4450 1108 4522; x_wconf 69' lang='grc' dir='ltr'><strong><em>κηρύξῃ</em></strong></span> <span class='ocrx_word' id='word_1_433' title='bbox 1125 4455 1221 4519; x_wconf 79' lang='grc' dir='ltr'><strong><em>οοντληιε</em></strong></span> <span class='ocrx_word' id='word_1_434' title='bbox 1235 4455 1355 4508; x_wconf 64' lang='lat' dir='ltr'><strong><em>mm.</em></strong></span> 
     </span>
    </p>
   </div>
   <div class='ocr_carea' id='block_1_4' title="bbox 0 0 1609 4926">
    <p class='ocr_par' dir='ltr' id='par_1_4' title="bbox 0 0 1609 4926">
     <span class='ocr_line' id='line_1_43' title="bbox 0 0 1609 4926; baseline 0 0"><span class='ocrx_word' id='word_1_435' title='bbox 0 0 1609 4926; x_wconf 95' lang='lat' dir='ltr'><strong><em> </em></strong></span> 
     </span>
    </p>
   </div>
  </div>
 </body>
</html>
