<?xml version="1.0" encoding="UTF-8"?>
<!DOCTYPE html PUBLIC "-//W3C//DTD XHTML 1.0 Transitional//EN"
    "http://www.w3.org/TR/xhtml1/DTD/xhtml1-transitional.dtd">
<html xmlns="http://www.w3.org/1999/xhtml" xml:lang="en" lang="en">
 <head>
  <title>
</title>
<meta http-equiv="Content-Type" content="text/html;charset=utf-8" />
  <meta name='ocr-system' content='tesseract 3.04.00' />
  <meta name='ocr-capabilities' content='ocr_page ocr_carea ocr_par ocr_line ocrx_word'/>
</head>
<body>
  <div class='ocr_page' id='page_1' title='image "./corporishaerese02oehlgoog_0052.png"; bbox 0 0 3168 4926; ppageno 0'>
   <div class='ocr_carea' id='block_1_1' title="bbox 372 214 1268 286">
    <p class='ocr_par' dir='ltr' id='par_1_1' title="bbox 372 214 1268 286">
     <span class='ocr_line' id='line_1_1' title="bbox 372 214 1268 286; baseline -0.007 -2"><span class='ocrx_word' id='word_1_1' title='bbox 372 231 508 286; x_wconf 82' lang='lat' dir='ltr'><strong>esnnnn</strong></span> <span class='ocrx_word' id='word_1_2' title='bbox 526 231 760 284; x_wconf 71' lang='lat' dir='ltr'><strong>mentuunt.</strong></span> <span class='ocrx_word' id='word_1_3' title='bbox 778 231 876 282; x_wconf 78' lang='lat' dir='ltr'><strong>naen</strong></span> <span class='ocrx_word' id='word_1_4' title='bbox 887 230 1006 281; x_wconf 80' lang='lat' dir='ltr'><strong>xnvrn.</strong></span> <span class='ocrx_word' id='word_1_5' title='bbox 1229 214 1268 278; x_wconf 85' lang='lat' dir='ltr'><strong>ot</strong></span> 
     </span>
    </p>
   </div>
   <div class='ocr_carea' id='block_1_2' title="bbox 115 349 1420 4330">
    <p class='ocr_par' dir='ltr' id='par_1_2' title="bbox 115 349 1414 1154">
     <span class='ocr_line' id='line_1_2' title="bbox 115 349 1395 436; baseline -0.005 -21"><span class='ocrx_word' id='word_1_6' title='bbox 115 353 203 436; x_wconf 85' lang='lat' dir='ltr'><strong>quale</strong></span> <span class='ocrx_word' id='word_1_7' title='bbox 223 349 385 416; x_wconf 73' lang='lat' dir='ltr'><strong>Montanus</strong></span> <span class='ocrx_word' id='word_1_8' title='bbox 410 352 512 432; x_wconf 81' lang='lat' dir='ltr'><strong>finxit,</strong></span> <span class='ocrx_word' id='word_1_9' title='bbox 537 354 589 416; x_wconf 90' lang='lat' dir='ltr'><strong>sed</strong></span> <span class='ocrx_word' id='word_1_10' title='bbox 614 352 668 415; x_wconf 91' lang='lat' dir='ltr'><strong>hoo</strong></span> <span class='ocrx_word' id='word_1_11' title='bbox 691 372 779 414; x_wconf 87' lang='lat' dir='ltr'><strong>unum</strong></span> <span class='ocrx_word' id='word_1_12' title='bbox 800 350 969 436; x_wconf 67' lang='lat' dir='ltr'><strong>pollinctum</strong></span> <span class='ocrx_word' id='word_1_13' title='bbox 1002 349 1164 428; x_wconf 79' lang='lat' dir='ltr'><strong>Fulgehuut</strong></span> <span class='ocrx_word' id='word_1_14' title='bbox 1181 349 1272 429; x_wconf 67' lang='lat' dir='ltr'><strong>foetes</strong></span> <span class='ocrx_word' id='word_1_15' title='bbox 1308 367 1395 412; x_wconf 79' lang='grc' dir='ltr'>ιιιιιιι.</span> 
     </span>
     <span class='ocr_line' id='line_1_3' title="bbox 115 423 1389 539; baseline -0.003 -23"><span class='ocrx_word' id='word_1_16' title='bbox 115 457 384 516; x_wconf 72' lang='lat' dir='ltr'><strong>muuenoutaol.</strong></span> <span class='ocrx_word' id='word_1_17' title='bbox 420 450 522 538; x_wconf 87' lang='lat' dir='ltr'><strong>ltaque</strong></span> <span class='ocrx_word' id='word_1_18' title='bbox 538 477 603 518; x_wconf 90' lang='lat' dir='ltr'><strong>oum</strong></span> <span class='ocrx_word' id='word_1_19' title='bbox 620 454 645 518; x_wconf 92' lang='lat' dir='ltr'><strong>is</strong></span> <span class='ocrx_word' id='word_1_20' title='bbox 663 474 753 539; x_wconf 91' lang='lat' dir='ltr'><strong>penes</strong></span> <span class='ocrx_word' id='word_1_21' title='bbox 768 475 853 537; x_wconf 83' lang='lat' dir='ltr'><strong>quem</strong></span> <span class='ocrx_word' id='word_1_22' title='bbox 868 452 963 516; x_wconf 90' lang='lat' dir='ltr'><strong>omnis</strong></span> <span class='ocrx_word' id='word_1_23' title='bbox 982 461 1027 514; x_wconf 85' lang='lat' dir='ltr'><strong>est</strong></span> <span class='ocrx_word' id='word_1_24' title='bbox 1044 461 1185 535; x_wconf 86' lang='lat' dir='ltr'><strong>potestas,</strong></span> <span class='ocrx_word' id='word_1_25' title='bbox 1210 450 1274 534; x_wconf 90' lang='lat' dir='ltr'><strong>qui·</strong></span> <span class='ocrx_word' id='word_1_26' title='bbox 1312 423 1389 476; x_wconf 57' lang='grc' dir='ltr'><strong><em>Μ</em></strong></span> 
     </span>
     <span class='ocr_line' id='line_1_4' title="bbox 116 551 1272 640; baseline -0.003 -21"><span class='ocrx_word' id='word_1_27' title='bbox 116 579 172 640; x_wconf 86' lang='lat' dir='ltr'><strong>que</strong></span> <span class='ocrx_word' id='word_1_28' title='bbox 195 579 268 621; x_wconf 86' lang='lat' dir='ltr'><strong>vere</strong></span> <span class='ocrx_word' id='word_1_29' title='bbox 291 556 421 620; x_wconf 90' lang='lat' dir='ltr'><strong>omnium</strong></span> <span class='ocrx_word' id='word_1_30' title='bbox 445 555 580 622; x_wconf 85' lang='lat' dir='ltr'><strong>dominus</strong></span> <span class='ocrx_word' id='word_1_31' title='bbox 604 567 667 634; x_wconf 88' lang='lat' dir='ltr'><strong>est,</strong></span> <span class='ocrx_word' id='word_1_32' title='bbox 691 553 846 634; x_wconf 86' lang='lat' dir='ltr'><strong>Christus,</strong></span> <span class='ocrx_word' id='word_1_33' title='bbox 871 555 1005 638; x_wconf 87' lang='lat' dir='ltr'><strong>inquam,</strong></span> <span class='ocrx_word' id='word_1_34' title='bbox 1032 551 1116 618; x_wconf 88' lang='lat' dir='ltr'><strong>lesus</strong></span> <span class='ocrx_word' id='word_1_35' title='bbox 1139 553 1272 616; x_wconf 89' lang='lat' dir='ltr'><strong>dominus</strong></span> 
     </span>
     <span class='ocr_line' id='line_1_5' title="bbox 116 655 1274 744; baseline -0.003 -22"><span class='ocrx_word' id='word_1_36' title='bbox 116 671 238 740; x_wconf 86' lang='lat' dir='ltr'><strong>noster,</strong></span> <span class='ocrx_word' id='word_1_37' title='bbox 261 659 333 744; x_wconf 79' lang='lat' dir='ltr'><strong>solis</strong></span> <span class='ocrx_word' id='word_1_38' title='bbox 356 659 451 722; x_wconf 88' lang='lat' dir='ltr'><strong>instar</strong></span> <span class='ocrx_word' id='word_1_39' title='bbox 472 659 660 723; x_wconf 85' lang='lat' dir='ltr'><strong>illustrandos</strong></span> <span class='ocrx_word' id='word_1_40' title='bbox 685 679 752 721; x_wconf 88' lang='lat' dir='ltr'><strong>esse</strong></span> <span class='ocrx_word' id='word_1_41' title='bbox 775 658 918 720; x_wconf 87' lang='lat' dir='ltr'><strong>iustorum</strong></span> <span class='ocrx_word' id='word_1_42' title='bbox 937 657 1034 720; x_wconf 88' lang='lat' dir='ltr'><strong>vultus</strong></span> <span class='ocrx_word' id='word_1_43' title='bbox 1059 655 1193 733; x_wconf 88' lang='lat' dir='ltr'><strong>deliniat,</strong></span> <span class='ocrx_word' id='word_1_44' title='bbox 1217 676 1274 738; x_wconf 86' lang='lat' dir='ltr'><strong>qua</strong></span> 
     </span>
     <span class='ocr_line' id='line_1_6' title="bbox 118 757 1273 846; baseline -0.003 -22"><span class='ocrx_word' id='word_1_45' title='bbox 118 763 215 824; x_wconf 86' lang='lat' dir='ltr'><strong>lroote</strong></span> <span class='ocrx_word' id='word_1_46' title='bbox 234 760 371 846; x_wconf 86' lang='lat' dir='ltr'><strong>centuplo</strong></span> <span class='ocrx_word' id='word_1_47' title='bbox 391 761 533 824; x_wconf 88' lang='lat' dir='ltr'><strong>clariores</strong></span> <span class='ocrx_word' id='word_1_48' title='bbox 559 763 622 826; x_wconf 91' lang='lat' dir='ltr'><strong>lore</strong></span> <span class='ocrx_word' id='word_1_49' title='bbox 640 757 801 824; x_wconf 86' lang='lat' dir='ltr'><strong>Montanus</strong></span> <span class='ocrx_word' id='word_1_50' title='bbox 821 759 963 822; x_wconf 81' lang='lat' dir='ltr'><strong>affirmet?</strong></span> <span class='ocrx_word' id='word_1_51' title='bbox 1006 757 1073 822; x_wconf 86' lang='lat' dir='ltr'><strong>Nisi</strong></span> <span class='ocrx_word' id='word_1_52' title='bbox 1098 761 1174 822; x_wconf 87' lang='lat' dir='ltr'><strong>lorte</strong></span> <span class='ocrx_word' id='word_1_53' title='bbox 1196 757 1273 821; x_wconf 87' lang='lat' dir='ltr'><strong>illius</strong></span> 
     </span>
     <span class='ocr_line' id='line_1_7' title="bbox 117 861 1414 948; baseline 0 -20"><span class='ocrx_word' id='word_1_54' title='bbox 117 885 150 928; x_wconf 83' lang='lat' dir='ltr'><strong>es</strong></span> <span class='ocrx_word' id='word_1_55' title='bbox 173 863 297 943; x_wconf 87' lang='lat' dir='ltr'><strong>similis,</strong></span> <span class='ocrx_word' id='word_1_56' title='bbox 327 864 375 947; x_wconf 85' lang='lat' dir='ltr'><strong>qui</strong></span> <span class='ocrx_word' id='word_1_57' title='bbox 400 863 428 927; x_wconf 93' lang='lat' dir='ltr'><strong>id</strong></span> <span class='ocrx_word' id='word_1_58' title='bbox 451 863 552 948; x_wconf 82' lang='lat' dir='ltr'><strong>primis</strong></span> <span class='ocrx_word' id='word_1_59' title='bbox 576 861 740 926; x_wconf 88' lang='lat' dir='ltr'><strong>hominihus</strong></span> <span class='ocrx_word' id='word_1_60' title='bbox 764 861 972 948; x_wconf 77' lang='lat' dir='ltr'>pollicebatur:</span> <span class='ocrx_word' id='word_1_61' title='bbox 1003 864 1095 922; x_wconf 71' lang='lat' dir='ltr'><strong>Eratis</strong></span> <span class='ocrx_word' id='word_1_62' title='bbox 1120 865 1197 922; x_wconf 80' lang='lat' dir='ltr'><strong>sieut</strong></span> <span class='ocrx_word' id='word_1_63' title='bbox 1217 864 1268 936; x_wconf 79' lang='lat' dir='ltr'><strong>de&#39;i,</strong></span> <span class='ocrx_word' id='word_1_64' title='bbox 1291 880 1414 938; x_wconf 65' lang='lat' dir='ltr'><strong>unns</strong></span> 
     </span>
     <span class='ocr_line' id='line_1_8' title="bbox 117 963 1274 1052; baseline -0.002 -24"><span class='ocrx_word' id='word_1_65' title='bbox 117 965 225 1052; x_wconf 82' lang='lat' dir='ltr'><strong>quique</strong></span> <span class='ocrx_word' id='word_1_66' title='bbox 244 977 275 1030; x_wconf 90' lang='lat' dir='ltr'><strong>ut</strong></span> <span class='ocrx_word' id='word_1_67' title='bbox 290 965 327 1028; x_wconf 87' lang='lat' dir='ltr'><strong>ah</strong></span> <span class='ocrx_word' id='word_1_68' title='bbox 346 985 381 1028; x_wconf 87' lang='lat' dir='ltr'><strong>ea</strong></span> <span class='ocrx_word' id='word_1_69' title='bbox 400 987 485 1050; x_wconf 87' lang='lat' dir='ltr'><strong>qnam</strong></span> <span class='ocrx_word' id='word_1_70' title='bbox 502 966 653 1029; x_wconf 85' lang='lat' dir='ltr'><strong>consecuti</strong></span> <span class='ocrx_word' id='word_1_71' title='bbox 671 965 785 1030; x_wconf 81' lang='lat' dir='ltr'><strong>haerent</strong></span> <span class='ocrx_word' id='word_1_72' title='bbox 802 965 896 1049; x_wconf 81' lang='lat' dir='ltr'><strong>gloria</strong></span> <span class='ocrx_word' id='word_1_73' title='bbox 910 985 945 1026; x_wconf 84' lang='lat' dir='ltr'><strong>ac</strong></span> <span class='ocrx_word' id='word_1_74' title='bbox 961 963 1096 1048; x_wconf 74' lang='lat' dir='ltr'><strong>paradiso</strong></span> <span class='ocrx_word' id='word_1_75' title='bbox 1112 963 1274 1026; x_wconf 85' lang='lat' dir='ltr'><strong>deiicereu·</strong></span> 
     </span>
     <span class='ocr_line' id='line_1_9' title="bbox 117 1064 1173 1154; baseline -0.004 -23"><span class='ocrx_word' id='word_1_76' title='bbox 117 1077 165 1132; x_wconf 88' lang='lat' dir='ltr'><strong>tur</strong></span> <span class='ocrx_word' id='word_1_77' title='bbox 183 1069 260 1133; x_wconf 91' lang='lat' dir='ltr'><strong>etin</strong></span> <span class='ocrx_word' id='word_1_78' title='bbox 277 1067 361 1132; x_wconf 81' lang='lat' dir='ltr'><strong>exitii</strong></span> <span class='ocrx_word' id='word_1_79' title='bbox 381 1067 575 1154; x_wconf 76' lang='lat' dir='ltr'><strong>corruptelam</strong></span> <span class='ocrx_word' id='word_1_80' title='bbox 591 1068 779 1132; x_wconf 89' lang='lat' dir='ltr'><strong>incurrerent</strong></span> <span class='ocrx_word' id='word_1_81' title='bbox 795 1067 953 1131; x_wconf 85' lang='lat' dir='ltr'><strong>colliditate</strong></span> <span class='ocrx_word' id='word_1_82' title='bbox 968 1087 1021 1130; x_wconf 87' lang='lat' dir='ltr'><strong>sue</strong></span> <span class='ocrx_word' id='word_1_83' title='bbox 1039 1064 1173 1151; x_wconf 88' lang='lat' dir='ltr'><strong>perleeit.</strong></span> 
     </span>
    </p>

    <p class='ocr_par' dir='ltr' id='par_1_3' title="bbox 116 1167 1420 4330">
     <span class='ocr_line' id='line_1_10' title="bbox 207 1167 1412 1255; baseline 0 -20"><span class='ocrx_word' id='word_1_84' title='bbox 207 1169 270 1236; x_wconf 90' lang='lat' dir='ltr'><strong>Sed</strong></span> <span class='ocrx_word' id='word_1_85' title='bbox 289 1170 362 1234; x_wconf 85' lang='lat' dir='ltr'><strong>hoco</strong></span> <span class='ocrx_word' id='word_1_86' title='bbox 376 1169 496 1255; x_wconf 89' lang='lat' dir='ltr'><strong>insuper</strong></span> <span class='ocrx_word' id='word_1_87' title='bbox 510 1167 671 1234; x_wconf 86' lang='lat' dir='ltr'><strong>Montanus</strong></span> <span class='ocrx_word' id='word_1_88' title='bbox 685 1171 801 1234; x_wconf 86' lang='lat' dir='ltr'><strong>adiicit:</strong></span> <span class='ocrx_word' id='word_1_89' title='bbox 825 1173 890 1250; x_wconf 78' lang='lat' dir='ltr'><strong>Ego</strong></span> <span class='ocrx_word' id='word_1_90' title='bbox 906 1192 966 1232; x_wconf 78' lang='lat' dir='ltr'><strong>crim</strong></span> <span class='ocrx_word' id='word_1_91' title='bbox 983 1171 1201 1242; x_wconf 71' lang='lat' dir='ltr'><strong>denehardum,</strong></span> <span class='ocrx_word' id='word_1_92' title='bbox 1226 1173 1278 1250; x_wconf 79' lang='lat' dir='ltr'><strong>qui</strong></span> <span class='ocrx_word' id='word_1_93' title='bbox 1293 1181 1412 1252; x_wconf 74' lang='lat' dir='ltr'><strong>eapxt.</strong></span> 
     </span>
     <span class='ocr_line' id='line_1_11' title="bbox 116 1269 1274 1357; baseline -0.001 -22"><span class='ocrx_word' id='word_1_94' title='bbox 116 1279 145 1335; x_wconf 79' lang='lat' dir='ltr'><strong>in</strong></span> <span class='ocrx_word' id='word_1_95' title='bbox 166 1275 279 1334; x_wconf 72' lang='lat' dir='ltr'><strong>domim</strong></span> <span class='ocrx_word' id='word_1_96' title='bbox 293 1295 400 1336; x_wconf 81' lang='lat' dir='ltr'><strong>versor.</strong></span> <span class='ocrx_word' id='word_1_97' title='bbox 447 1269 605 1337; x_wconf 85' lang='lat' dir='ltr'><strong>Praeclare</strong></span> <span class='ocrx_word' id='word_1_98' title='bbox 623 1273 738 1356; x_wconf 88' lang='lat' dir='ltr'><strong>quidem</strong></span> <span class='ocrx_word' id='word_1_99' title='bbox 756 1294 811 1336; x_wconf 94' lang='lat' dir='ltr'><strong>nos</strong></span> <span class='ocrx_word' id='word_1_100' title='bbox 828 1271 973 1357; x_wconf 88' lang='lat' dir='ltr'><strong>scriptura</strong></span> <span class='ocrx_word' id='word_1_101' title='bbox 992 1291 1078 1334; x_wconf 86' lang='lat' dir='ltr'><strong>sacra</strong></span> <span class='ocrx_word' id='word_1_102' title='bbox 1096 1281 1126 1333; x_wconf 88' lang='lat' dir='ltr'><strong>et</strong></span> <span class='ocrx_word' id='word_1_103' title='bbox 1149 1291 1274 1334; x_wconf 88' lang='lat' dir='ltr'><strong>eonsen-</strong></span> 
     </span>
     <span class='ocr_line' id='line_1_12' title="bbox 117 1374 1275 1459; baseline -0.002 -21"><span class='ocrx_word' id='word_1_104' title='bbox 117 1386 206 1439; x_wconf 88' lang='lat' dir='ltr'><strong>tanea</strong></span> <span class='ocrx_word' id='word_1_105' title='bbox 230 1374 286 1438; x_wconf 91' lang='lat' dir='ltr'><strong>sihi</strong></span> <span class='ocrx_word' id='word_1_106' title='bbox 309 1375 403 1440; x_wconf 85' lang='lat' dir='ltr'><strong>sancti</strong></span> <span class='ocrx_word' id='word_1_107' title='bbox 427 1375 547 1458; x_wconf 88' lang='lat' dir='ltr'><strong>spiritus</strong></span> <span class='ocrx_word' id='word_1_108' title='bbox 570 1375 701 1438; x_wconf 85' lang='lat' dir='ltr'><strong>doctrina</strong></span> <span class='ocrx_word' id='word_1_109' title='bbox 721 1375 948 1438; x_wconf 86' lang='lat' dir='ltr'><strong>commonitione</strong></span> <span class='ocrx_word' id='word_1_110' title='bbox 972 1397 1025 1439; x_wconf 84' lang='lat' dir='ltr'><strong>sua</strong></span> <span class='ocrx_word' id='word_1_111' title='bbox 1049 1384 1214 1459; x_wconf 87' lang='lat' dir='ltr'><strong>comparet,</strong></span> <span class='ocrx_word' id='word_1_112' title='bbox 1243 1384 1275 1436; x_wconf 84' lang='lat' dir='ltr'><strong>nt</strong></span> 
     </span>
     <span class='ocr_line' id='line_1_13' title="bbox 118 1477 1275 1564; baseline -0.002 -22"><span class='ocrx_word' id='word_1_113' title='bbox 118 1499 194 1564; x_wconf 84' lang='lat' dir='ltr'><strong>quoe</strong></span> <span class='ocrx_word' id='word_1_114' title='bbox 209 1478 300 1543; x_wconf 84' lang='lat' dir='ltr'><strong>alieni</strong></span> <span class='ocrx_word' id='word_1_115' title='bbox 314 1489 383 1542; x_wconf 90' lang='lat' dir='ltr'><strong>suut</strong></span> <span class='ocrx_word' id='word_1_116' title='bbox 399 1478 519 1562; x_wconf 89' lang='lat' dir='ltr'><strong>spiritus</strong></span> <span class='ocrx_word' id='word_1_117' title='bbox 535 1477 571 1540; x_wconf 86' lang='lat' dir='ltr'><strong>ad</strong></span> <span class='ocrx_word' id='word_1_118' title='bbox 589 1477 651 1542; x_wconf 86' lang='lat' dir='ltr'><strong>veri</strong></span> <span class='ocrx_word' id='word_1_119' title='bbox 667 1478 857 1541; x_wconf 88' lang='lat' dir='ltr'><strong>imitationem</strong></span> <span class='ocrx_word' id='word_1_120' title='bbox 873 1478 997 1541; x_wconf 85' lang='lat' dir='ltr'><strong>conficta</strong></span> <span class='ocrx_word' id='word_1_121' title='bbox 1014 1477 1148 1561; x_wconf 84' lang='lat' dir='ltr'><strong>dogmata</strong></span> <span class='ocrx_word' id='word_1_122' title='bbox 1170 1497 1205 1540; x_wconf 87' lang='lat' dir='ltr'><strong>ac</strong></span> <span class='ocrx_word' id='word_1_123' title='bbox 1224 1497 1275 1540; x_wconf 88' lang='lat' dir='ltr'><strong>ve·</strong></span> 
     </span>
     <span class='ocr_line' id='line_1_14' title="bbox 117 1575 1273 1656; baseline -0.002 -12"><span class='ocrx_word' id='word_1_124' title='bbox 117 1581 199 1644; x_wconf 88' lang='lat' dir='ltr'><strong>ritati</strong></span> <span class='ocrx_word' id='word_1_125' title='bbox 217 1582 367 1644; x_wconf 88' lang='lat' dir='ltr'><strong>contraria</strong></span> <span class='ocrx_word' id='word_1_126' title='bbox 389 1581 602 1644; x_wconf 73' lang='lat' dir='ltr'><strong>discernamus.</strong></span> <span class='ocrx_word' id='word_1_127' title='bbox 649 1575 756 1644; x_wconf 89' lang='lat' dir='ltr'><strong>Statim</strong></span> <span class='ocrx_word' id='word_1_128' title='bbox 780 1581 856 1644; x_wconf 91' lang='lat' dir='ltr'><strong>enim</strong></span> <span class='ocrx_word' id='word_1_129' title='bbox 881 1601 916 1643; x_wconf 92' lang='lat' dir='ltr'><strong>ao</strong></span> <span class='ocrx_word' id='word_1_130' title='bbox 932 1577 1092 1644; x_wconf 81' lang='lat' dir='ltr'><strong>Montanus</strong></span> <span class='ocrx_word' id='word_1_131' title='bbox 1112 1579 1166 1644; x_wconf 91' lang='lat' dir='ltr'><strong>hoc</strong></span> <span class='ocrx_word' id='word_1_132' title='bbox 1188 1581 1273 1656; x_wconf 72' lang='lat' dir='ltr'><strong>dixit,</strong></span> 
     </span>
     <span class='ocr_line' id='line_1_15' title="bbox 117 1682 1275 1767; baseline -0.003 -20"><span class='ocrx_word' id='word_1_133' title='bbox 117 1706 154 1747; x_wconf 85' lang='lat' dir='ltr'><strong>ea</strong></span> <span class='ocrx_word' id='word_1_134' title='bbox 172 1683 261 1747; x_wconf 89' lang='lat' dir='ltr'><strong>nohis</strong></span> <span class='ocrx_word' id='word_1_135' title='bbox 279 1683 309 1746; x_wconf 93' lang='lat' dir='ltr'><strong>iu</strong></span> <span class='ocrx_word' id='word_1_136' title='bbox 327 1683 495 1746; x_wconf 79' lang='lat' dir='ltr'><strong>memoriam</strong></span> <span class='ocrx_word' id='word_1_137' title='bbox 514 1682 667 1746; x_wconf 87' lang='lat' dir='ltr'><strong>revocavit</strong></span> <span class='ocrx_word' id='word_1_138' title='bbox 684 1703 758 1766; x_wconf 88' lang='lat' dir='ltr'><strong>quae</strong></span> <span class='ocrx_word' id='word_1_139' title='bbox 778 1705 795 1746; x_wconf 86' lang='lat' dir='ltr'><strong>a</strong></span> <span class='ocrx_word' id='word_1_140' title='bbox 813 1682 930 1746; x_wconf 91' lang='lat' dir='ltr'><strong>domino</strong></span> <span class='ocrx_word' id='word_1_141' title='bbox 952 1682 1156 1767; x_wconf 90' lang='lat' dir='ltr'><strong>praenuntiata</strong></span> <span class='ocrx_word' id='word_1_142' title='bbox 1174 1683 1275 1766; x_wconf 75' lang='lat' dir='ltr'><strong>legun·</strong></span> 
     </span>
     <span class='ocr_line' id='line_1_16' title="bbox 118 1783 1420 1868; baseline 0 -18"><span class='ocrx_word' id='word_1_143' title='bbox 118 1799 179 1850; x_wconf 87' lang='lat' dir='ltr'><strong>tur.</strong></span> <span class='ocrx_word' id='word_1_144' title='bbox 227 1783 273 1850; x_wconf 88' lang='lat' dir='ltr'><strong>lta</strong></span> <span class='ocrx_word' id='word_1_145' title='bbox 293 1785 370 1848; x_wconf 88' lang='lat' dir='ltr'><strong>euim</strong></span> <span class='ocrx_word' id='word_1_146' title='bbox 388 1783 418 1848; x_wconf 95' lang='lat' dir='ltr'><strong>in</strong></span> <span class='ocrx_word' id='word_1_147' title='bbox 436 1785 590 1868; x_wconf 81' lang='lat' dir='ltr'><strong>evetrgelio</strong></span> <span class='ocrx_word' id='word_1_148' title='bbox 612 1793 735 1850; x_wconf 79' lang='lat' dir='ltr'><strong>testatus</strong></span> <span class='ocrx_word' id='word_1_149' title='bbox 755 1795 817 1848; x_wconf 84' lang='lat' dir='ltr'><strong>est:</strong></span> <span class='ocrx_word' id='word_1_150' title='bbox 841 1788 905 1864; x_wconf 75' lang='lat' dir='ltr'><strong>Ego</strong></span> <span class='ocrx_word' id='word_1_151' title='bbox 923 1790 988 1847; x_wconf 81' lang='lat' dir='ltr'><strong>oeni</strong></span> <span class='ocrx_word' id='word_1_152' title='bbox 1000 1791 1029 1846; x_wconf 86' lang='lat' dir='ltr'><strong>r‘n</strong></span> <span class='ocrx_word' id='word_1_153' title='bbox 1047 1790 1157 1846; x_wconf 77' lang='lat' dir='ltr'><strong>nomohe</strong></span> <span class='ocrx_word' id='word_1_154' title='bbox 1168 1790 1272 1866; x_wconf 70' lang='lat' dir='ltr'><strong>potres,</strong></span> <span class='ocrx_word' id='word_1_155' title='bbox 1283 1799 1420 1861; x_wconf 66' lang='lat' dir='ltr'><strong>toneneas</strong></span> 
     </span>
     <span class='ocr_line' id='line_1_17' title="bbox 117 1890 1272 1968; baseline 0 -18"><span class='ocrx_word' id='word_1_156' title='bbox 117 1902 149 1950; x_wconf 84' lang='lat' dir='ltr'><strong>et</strong></span> <span class='ocrx_word' id='word_1_157' title='bbox 163 1911 219 1950; x_wconf 82' lang='lat' dir='ltr'><strong>non</strong></span> <span class='ocrx_word' id='word_1_158' title='bbox 234 1891 399 1968; x_wconf 65' lang='lat' dir='ltr'><strong>suscepistis</strong></span> <span class='ocrx_word' id='word_1_159' title='bbox 416 1910 475 1949; x_wconf 83' lang='lat' dir='ltr'><strong>aue:</strong></span> <span class='ocrx_word' id='word_1_160' title='bbox 500 1890 575 1949; x_wconf 73' lang='lat' dir='ltr'><strong>olaus</strong></span> <span class='ocrx_word' id='word_1_161' title='bbox 591 1891 682 1949; x_wconf 65' lang='lat' dir='ltr'><strong>ueneat</strong></span> <span class='ocrx_word' id='word_1_162' title='bbox 698 1893 727 1950; x_wconf 82' lang='lat' dir='ltr'><strong>in</strong></span> <span class='ocrx_word' id='word_1_163' title='bbox 744 1891 855 1950; x_wconf 81' lang='lat' dir='ltr'><strong>aomr&#39;rre</strong></span> <span class='ocrx_word' id='word_1_164' title='bbox 875 1909 943 1961; x_wconf 84' lang='lat' dir='ltr'><strong>suo,</strong></span> <span class='ocrx_word' id='word_1_165' title='bbox 968 1900 997 1948; x_wconf 92' lang='lat' dir='ltr'><strong>et</strong></span> <span class='ocrx_word' id='word_1_166' title='bbox 1012 1892 1095 1950; x_wconf 85' lang='lat' dir='ltr'><strong>talem</strong></span> <span class='ocrx_word' id='word_1_167' title='bbox 1109 1891 1272 1968; x_wconf 67' lang='lat' dir='ltr'><strong>susceperant.</strong></span> 
     </span>
     <span class='ocr_line' id='line_1_18' title="bbox 118 1987 1277 2074; baseline -0.001 -20"><span class='ocrx_word' id='word_1_168' title='bbox 118 1989 270 2074; x_wconf 83' lang='lat' dir='ltr'><strong>Quocirca</strong></span> <span class='ocrx_word' id='word_1_169' title='bbox 288 1987 495 2053; x_wconf 86' lang='lat' dir='ltr'><strong>Montanuma</strong></span> <span class='ocrx_word' id='word_1_170' title='bbox 515 1991 610 2053; x_wconf 86' lang='lat' dir='ltr'><strong>sacris</strong></span> <span class='ocrx_word' id='word_1_171' title='bbox 632 1989 725 2054; x_wconf 86' lang='lat' dir='ltr'><strong>litoris</strong></span> <span class='ocrx_word' id='word_1_172' title='bbox 748 1989 904 2054; x_wconf 70' lang='lat' dir='ltr'><strong>dissentire</strong></span> <span class='ocrx_word' id='word_1_173' title='bbox 924 1991 1042 2054; x_wconf 79' lang='lat' dir='ltr'><strong>omninno</strong></span> <span class='ocrx_word' id='word_1_174' title='bbox 1062 1991 1277 2054; x_wconf 85' lang='lat' dir='ltr'><strong>demonstravi·</strong></span> 
     </span>
     <span class='ocr_line' id='line_1_19' title="bbox 119 2091 1277 2177; baseline -0.001 -20"><span class='ocrx_word' id='word_1_175' title='bbox 119 2115 206 2171; x_wconf 89' lang='lat' dir='ltr'><strong>mus,</strong></span> <span class='ocrx_word' id='word_1_176' title='bbox 230 2092 318 2176; x_wconf 86' lang='lat' dir='ltr'><strong>idque</strong></span> <span class='ocrx_word' id='word_1_177' title='bbox 336 2091 445 2155; x_wconf 90' lang='lat' dir='ltr'><strong>nemini</strong></span> <span class='ocrx_word' id='word_1_178' title='bbox 462 2113 521 2155; x_wconf 92' lang='lat' dir='ltr'><strong>non</strong></span> <span class='ocrx_word' id='word_1_179' title='bbox 539 2093 721 2177; x_wconf 89' lang='lat' dir='ltr'><strong>perspicuum</strong></span> <span class='ocrx_word' id='word_1_180' title='bbox 739 2101 785 2156; x_wconf 88' lang='lat' dir='ltr'><strong>est</strong></span> <span class='ocrx_word' id='word_1_181' title='bbox 804 2092 852 2177; x_wconf 88' lang='lat' dir='ltr'><strong>qni</strong></span> <span class='ocrx_word' id='word_1_182' title='bbox 873 2091 937 2156; x_wconf 89' lang='lat' dir='ltr'><strong>cius</strong></span> <span class='ocrx_word' id='word_1_183' title='bbox 957 2091 1065 2177; x_wconf 88' lang='lat' dir='ltr'><strong>scripta</strong></span> <span class='ocrx_word' id='word_1_184' title='bbox 1082 2115 1147 2156; x_wconf 89' lang='lat' dir='ltr'><strong>cnm</strong></span> <span class='ocrx_word' id='word_1_185' title='bbox 1169 2091 1277 2156; x_wconf 87' lang='lat' dir='ltr'><strong>iudicio</strong></span> 
     </span>
     <span class='ocr_line' id='line_1_20' title="bbox 118 2191 1276 2280; baseline 0 -20"><span class='ocrx_word' id='word_1_186' title='bbox 118 2195 296 2260; x_wconf 85' lang='lat' dir='ltr'><strong>revolverit.</strong></span> <span class='ocrx_word' id='word_1_187' title='bbox 343 2191 470 2276; x_wconf 81' lang='lat' dir='ltr'><strong>Quodsi</strong></span> <span class='ocrx_word' id='word_1_188' title='bbox 488 2193 526 2256; x_wconf 88' lang='lat' dir='ltr'><strong>ita</strong></span> <span class='ocrx_word' id='word_1_189' title='bbox 542 2205 604 2274; x_wconf 88' lang='lat' dir='ltr'><strong>cst,</strong></span> <span class='ocrx_word' id='word_1_190' title='bbox 628 2203 722 2258; x_wconf 89' lang='lat' dir='ltr'><strong>restat</strong></span> <span class='ocrx_word' id='word_1_191' title='bbox 736 2207 766 2259; x_wconf 90' lang='lat' dir='ltr'><strong>ut</strong></span> <span class='ocrx_word' id='word_1_192' title='bbox 783 2206 841 2258; x_wconf 86' lang='lat' dir='ltr'><strong>tam</strong></span> <span class='ocrx_word' id='word_1_193' title='bbox 857 2196 919 2280; x_wconf 84' lang='lat' dir='ltr'><strong>ipse</strong></span> <span class='ocrx_word' id='word_1_194' title='bbox 937 2195 973 2259; x_wconf 90' lang='lat' dir='ltr'><strong>eh</strong></span> <span class='ocrx_word' id='word_1_195' title='bbox 989 2194 1114 2258; x_wconf 88' lang='lat' dir='ltr'><strong>ecclesia</strong></span> <span class='ocrx_word' id='word_1_196' title='bbox 1133 2193 1276 2260; x_wconf 84' lang='lat' dir='ltr'><strong>catholica</strong></span> 
     </span>
     <span class='ocr_line' id='line_1_21' title="bbox 119 2295 1277 2383; baseline 0 -23"><span class='ocrx_word' id='word_1_197' title='bbox 119 2297 235 2361; x_wconf 86' lang='lat' dir='ltr'><strong>alienus</strong></span> <span class='ocrx_word' id='word_1_198' title='bbox 250 2295 440 2360; x_wconf 81' lang='lat' dir='ltr'><strong>existimetur</strong></span> <span class='ocrx_word' id='word_1_199' title='bbox 460 2317 544 2380; x_wconf 86' lang='lat' dir='ltr'><strong>quam</strong></span> <span class='ocrx_word' id='word_1_200' title='bbox 563 2297 628 2360; x_wconf 90' lang='lat' dir='ltr'><strong>eins</strong></span> <span class='ocrx_word' id='word_1_201' title='bbox 645 2297 795 2377; x_wconf 87' lang='lat' dir='ltr'><strong>haeresis,</strong></span> <span class='ocrx_word' id='word_1_202' title='bbox 819 2319 893 2382; x_wconf 88' lang='lat' dir='ltr'><strong>quae</strong></span> <span class='ocrx_word' id='word_1_203' title='bbox 909 2297 1066 2383; x_wconf 85' lang='lat' dir='ltr'><strong>prophetas</strong></span> <span class='ocrx_word' id='word_1_204' title='bbox 1086 2318 1120 2359; x_wconf 90' lang='lat' dir='ltr'><strong>au</strong></span> <span class='ocrx_word' id='word_1_205' title='bbox 1137 2297 1277 2362; x_wconf 85' lang='lat' dir='ltr'><strong>coelestio</strong></span> 
     </span>
     <span class='ocr_line' id='line_1_22' title="bbox 119 2399 1277 2485; baseline -0.002 -21"><span class='ocrx_word' id='word_1_206' title='bbox 119 2400 171 2464; x_wconf 90' lang='lat' dir='ltr'><strong>illa</strong></span> <span class='ocrx_word' id='word_1_207' title='bbox 191 2399 267 2464; x_wconf 85' lang='lat' dir='ltr'><strong>dona</strong></span> <span class='ocrx_word' id='word_1_208' title='bbox 291 2419 382 2484; x_wconf 86' lang='lat' dir='ltr'><strong>penes</strong></span> <span class='ocrx_word' id='word_1_209' title='bbox 403 2419 436 2462; x_wconf 88' lang='lat' dir='ltr'><strong>sc</strong></span> <span class='ocrx_word' id='word_1_210' title='bbox 461 2419 528 2462; x_wconf 88' lang='lat' dir='ltr'><strong>osse</strong></span> <span class='ocrx_word' id='word_1_211' title='bbox 550 2401 718 2484; x_wconf 84' lang='lat' dir='ltr'><strong>praedicat,</strong></span> <span class='ocrx_word' id='word_1_212' title='bbox 741 2421 814 2485; x_wconf 86' lang='lat' dir='ltr'><strong>quae</strong></span> <span class='ocrx_word' id='word_1_213' title='bbox 835 2421 1017 2485; x_wconf 84' lang='lat' dir='ltr'><strong>nequaquem</strong></span> <span class='ocrx_word' id='word_1_214' title='bbox 1037 2399 1200 2483; x_wconf 83' lang='lat' dir='ltr'><strong>acceperit,</strong></span> <span class='ocrx_word' id='word_1_215' title='bbox 1225 2399 1277 2462; x_wconf 91' lang='lat' dir='ltr'><strong>sed</strong></span> 
     </span>
     <span class='ocr_line' id='line_1_23' title="bbox 121 2499 1278 2588; baseline -0.002 -23"><span class='ocrx_word' id='word_1_216' title='bbox 121 2501 159 2566; x_wconf 85' lang='lat' dir='ltr'><strong>ah</strong></span> <span class='ocrx_word' id='word_1_217' title='bbox 176 2501 214 2564; x_wconf 87' lang='lat' dir='ltr'><strong>iis</strong></span> <span class='ocrx_word' id='word_1_218' title='bbox 233 2501 330 2586; x_wconf 89' lang='lat' dir='ltr'><strong>potius</strong></span> <span class='ocrx_word' id='word_1_219' title='bbox 349 2499 519 2565; x_wconf 81' lang='lat' dir='ltr'><strong>desciverit.</strong></span> <span class='ocrx_word' id='word_1_220' title='bbox 564 2499 675 2586; x_wconf 85' lang='lat' dir='ltr'><strong>Ecquis</strong></span> <span class='ocrx_word' id='word_1_221' title='bbox 698 2503 805 2586; x_wconf 84' lang='lat' dir='ltr'><strong>igitur,</strong></span> <span class='ocrx_word' id='word_1_222' title='bbox 829 2504 855 2566; x_wconf 89' lang='lat' dir='ltr'><strong>si</strong></span> <span class='ocrx_word' id='word_1_223' title='bbox 875 2502 1020 2588; x_wconf 88' lang='lat' dir='ltr'><strong>paululum</strong></span> <span class='ocrx_word' id='word_1_224' title='bbox 1042 2501 1109 2586; x_wconf 85' lang='lat' dir='ltr'><strong>quid</strong></span> <span class='ocrx_word' id='word_1_225' title='bbox 1133 2501 1212 2564; x_wconf 89' lang='lat' dir='ltr'><strong>dicat</strong></span> <span class='ocrx_word' id='word_1_226' title='bbox 1233 2500 1278 2564; x_wconf 92' lang='lat' dir='ltr'><strong>in·</strong></span> 
     </span>
     <span class='ocr_line' id='line_1_24' title="bbox 120 2601 1277 2690; baseline -0.002 -22"><span class='ocrx_word' id='word_1_227' title='bbox 120 2604 254 2688; x_wconf 62' lang='lat' dir='ltr'><strong>alligat,</strong></span> <span class='ocrx_word' id='word_1_228' title='bbox 279 2603 436 2689; x_wconf 88' lang='lat' dir='ltr'><strong>prophetes</strong></span> <span class='ocrx_word' id='word_1_229' title='bbox 457 2603 549 2682; x_wconf 87' lang='lat' dir='ltr'><strong>istos,</strong></span> <span class='ocrx_word' id='word_1_230' title='bbox 573 2625 608 2666; x_wconf 89' lang='lat' dir='ltr'><strong>ac</strong></span> <span class='ocrx_word' id='word_1_231' title='bbox 632 2625 689 2668; x_wconf 91' lang='lat' dir='ltr'><strong>uon</strong></span> <span class='ocrx_word' id='word_1_232' title='bbox 715 2605 816 2690; x_wconf 88' lang='lat' dir='ltr'><strong>planos</strong></span> <span class='ocrx_word' id='word_1_233' title='bbox 840 2615 870 2668; x_wconf 87' lang='lat' dir='ltr'><strong>et</strong></span> <span class='ocrx_word' id='word_1_234' title='bbox 887 2615 1072 2670; x_wconf 87' lang='lat' dir='ltr'><strong>veteratores</strong></span> <span class='ocrx_word' id='word_1_235' title='bbox 1091 2601 1277 2689; x_wconf 90' lang='lat' dir='ltr'><strong>appellandos</strong></span> 
     </span>
     <span class='ocr_line' id='line_1_25' title="bbox 122 2703 1370 2820; baseline -0.002 -50"><span class='ocrx_word' id='word_1_236' title='bbox 122 2707 267 2771; x_wconf 78' lang='lat' dir='ltr'><strong>censeat?</strong></span> <span class='ocrx_word' id='word_1_237' title='bbox 312 2703 449 2770; x_wconf 90' lang='lat' dir='ltr'><strong>Christus</strong></span> <span class='ocrx_word' id='word_1_238' title='bbox 473 2707 550 2770; x_wconf 91' lang='lat' dir='ltr'><strong>enim</strong></span> <span class='ocrx_word' id='word_1_239' title='bbox 574 2727 628 2770; x_wconf 88' lang='lat' dir='ltr'><strong>nos</strong></span> <span class='ocrx_word' id='word_1_240' title='bbox 644 2706 742 2772; x_wconf 89' lang='lat' dir='ltr'><strong>docuit</strong></span> <span class='ocrx_word' id='word_1_241' title='bbox 765 2718 812 2771; x_wconf 83' lang='lat' dir='ltr'><strong>et:</strong></span> <span class='ocrx_word' id='word_1_242' title='bbox 835 2712 989 2790; x_wconf 79' lang='lat' dir='ltr'><strong>Spiritum,</strong></span> <span class='ocrx_word' id='word_1_243' title='bbox 1016 2706 1127 2791; x_wconf 90' lang='lat' dir='ltr'><strong>iuquit,</strong></span> <span class='ocrx_word' id='word_1_244' title='bbox 1145 2709 1370 2820; x_wconf 45' lang='lat' dir='ltr'><strong>percote-{pff</strong></span> 
     </span>
     <span class='ocr_line' id='line_1_26' title="bbox 123 2806 1278 2890; baseline -0.001 -19"><span class='ocrx_word' id='word_1_245' title='bbox 123 2821 182 2871; x_wconf 79' lang='lat' dir='ltr'><strong>tuae</strong></span> <span class='ocrx_word' id='word_1_246' title='bbox 196 2813 306 2872; x_wconf 78' lang='lat' dir='ltr'><strong>mattam</strong></span> <span class='ocrx_word' id='word_1_247' title='bbox 321 2811 360 2871; x_wconf 82' lang='lat' dir='ltr'><strong>od</strong></span> <span class='ocrx_word' id='word_1_248' title='bbox 375 2831 434 2872; x_wconf 80' lang='lat' dir='ltr'><strong>ooo.</strong></span> <span class='ocrx_word' id='word_1_249' title='bbox 471 2806 537 2872; x_wconf 90' lang='lat' dir='ltr'><strong>Nec</strong></span> <span class='ocrx_word' id='word_1_250' title='bbox 555 2829 613 2873; x_wconf 93' lang='lat' dir='ltr'><strong>uon</strong></span> <span class='ocrx_word' id='word_1_251' title='bbox 629 2809 778 2874; x_wconf 89' lang='lat' dir='ltr'><strong>miraculis</strong></span> <span class='ocrx_word' id='word_1_252' title='bbox 797 2810 882 2874; x_wconf 89' lang='lat' dir='ltr'><strong>editis</strong></span> <span class='ocrx_word' id='word_1_253' title='bbox 900 2809 1013 2874; x_wconf 81' lang='lat' dir='ltr'><strong>aiebat:</strong></span> <span class='ocrx_word' id='word_1_254' title='bbox 1038 2809 1092 2871; x_wconf 73' lang='lat' dir='ltr'><strong>tlte</strong></span> <span class='ocrx_word' id='word_1_255' title='bbox 1108 2831 1153 2872; x_wconf 81' lang='lat' dir='ltr'><strong>mo</strong></span> <span class='ocrx_word' id='word_1_256' title='bbox 1164 2811 1278 2890; x_wconf 75' lang='lat' dir='ltr'><strong>glorifi-</strong></span> 
     </span>
     <span class='ocr_line' id='line_1_27' title="bbox 121 2910 1276 2996; baseline -0.001 -21"><span class='ocrx_word' id='word_1_257' title='bbox 121 2913 209 2975; x_wconf 71' lang='lat' dir='ltr'><strong>sotir.</strong></span> <span class='ocrx_word' id='word_1_258' title='bbox 257 2910 345 2995; x_wconf 81' lang='lat' dir='ltr'><strong>Quod</strong></span> <span class='ocrx_word' id='word_1_259' title='bbox 370 2911 457 2974; x_wconf 84' lang='lat' dir='ltr'><strong>etiam</strong></span> <span class='ocrx_word' id='word_1_260' title='bbox 483 2911 580 2996; x_wconf 86' lang='lat' dir='ltr'><strong>reipsa</strong></span> <span class='ocrx_word' id='word_1_261' title='bbox 604 2912 764 2996; x_wconf 80' lang='lat' dir='ltr'><strong>contigisse</strong></span> <span class='ocrx_word' id='word_1_262' title='bbox 787 2913 952 2991; x_wconf 76' lang='lat' dir='ltr'><strong>sentimus,</strong></span> <span class='ocrx_word' id='word_1_263' title='bbox 982 2933 1018 2976; x_wconf 92' lang='lat' dir='ltr'><strong>eo</strong></span> <span class='ocrx_word' id='word_1_264' title='bbox 1041 2913 1117 2996; x_wconf 89' lang='lat' dir='ltr'><strong>quod</strong></span> <span class='ocrx_word' id='word_1_265' title='bbox 1139 2911 1276 2996; x_wconf 86' lang='lat' dir='ltr'><strong>apostoli,</strong></span> 
     </span>
     <span class='ocr_line' id='line_1_28' title="bbox 123 3011 1278 3100; baseline -0.001 -21"><span class='ocrx_word' id='word_1_266' title='bbox 123 3037 188 3079; x_wconf 88' lang='lat' dir='ltr'><strong>cunr</strong></span> <span class='ocrx_word' id='word_1_267' title='bbox 200 3013 382 3100; x_wconf 85' lang='lat' dir='ltr'><strong>paracletum</strong></span> <span class='ocrx_word' id='word_1_268' title='bbox 392 3013 524 3098; x_wconf 84' lang='lat' dir='ltr'><strong>spiritum</strong></span> <span class='ocrx_word' id='word_1_269' title='bbox 536 3015 731 3100; x_wconf 86' lang='lat' dir='ltr'><strong>accepissent,</strong></span> <span class='ocrx_word' id='word_1_270' title='bbox 750 3011 900 3080; x_wconf 86' lang='lat' dir='ltr'><strong>Christum</strong></span> <span class='ocrx_word' id='word_1_271' title='bbox 915 3015 1166 3098; x_wconf 82' lang='lat' dir='ltr'><strong>glorificaverunt.</strong></span> <span class='ocrx_word' id='word_1_272' title='bbox 1190 3011 1278 3078; x_wconf 81' lang='lat' dir='ltr'><strong>Mon·</strong></span> 
     </span>
     <span class='ocr_line' id='line_1_29' title="bbox 123 3115 1279 3202; baseline -0.002 -21"><span class='ocrx_word' id='word_1_273' title='bbox 123 3129 210 3181; x_wconf 81' lang='lat' dir='ltr'><strong>taum</strong></span> <span class='ocrx_word' id='word_1_274' title='bbox 227 3135 302 3178; x_wconf 88' lang='lat' dir='ltr'><strong>vero</strong></span> <span class='ocrx_word' id='word_1_275' title='bbox 319 3137 402 3179; x_wconf 87' lang='lat' dir='ltr'><strong>suam</strong></span> <span class='ocrx_word' id='word_1_276' title='bbox 420 3117 483 3200; x_wconf 88' lang='lat' dir='ltr'><strong>ipse</strong></span> <span class='ocrx_word' id='word_1_277' title='bbox 500 3116 623 3198; x_wconf 82' lang='lat' dir='ltr'><strong>gloriam</strong></span> <span class='ocrx_word' id='word_1_278' title='bbox 641 3116 780 3180; x_wconf 86' lang='lat' dir='ltr'><strong>celebrat.</strong></span> <span class='ocrx_word' id='word_1_279' title='bbox 825 3115 970 3181; x_wconf 88' lang='lat' dir='ltr'><strong>Dominus</strong></span> <span class='ocrx_word' id='word_1_280' title='bbox 985 3128 1097 3202; x_wconf 86' lang='lat' dir='ltr'><strong>petrem</strong></span> <span class='ocrx_word' id='word_1_281' title='bbox 1113 3137 1197 3182; x_wconf 88' lang='lat' dir='ltr'><strong>suum</strong></span> <span class='ocrx_word' id='word_1_282' title='bbox 1216 3117 1279 3200; x_wconf 85' lang='lat' dir='ltr'><strong>glo·</strong></span> 
     </span>
     <span class='ocr_line' id='line_1_30' title="bbox 124 3215 1279 3304; baseline 0 -20"><span class='ocrx_word' id='word_1_283' title='bbox 124 3219 262 3284; x_wconf 81' lang='lat' dir='ltr'><strong>rilicavit.</strong></span> <span class='ocrx_word' id='word_1_284' title='bbox 311 3215 391 3280; x_wconf 86' lang='lat' dir='ltr'><strong>ldem</strong></span> <span class='ocrx_word' id='word_1_285' title='bbox 409 3217 457 3281; x_wconf 92' lang='lat' dir='ltr'><strong>ille</strong></span> <span class='ocrx_word' id='word_1_286' title='bbox 474 3219 606 3302; x_wconf 88' lang='lat' dir='ltr'><strong>spiritum</strong></span> <span class='ocrx_word' id='word_1_287' title='bbox 626 3239 740 3303; x_wconf 89' lang='lat' dir='ltr'><strong>quoque</strong></span> <span class='ocrx_word' id='word_1_288' title='bbox 756 3219 948 3304; x_wconf 81' lang='lat' dir='ltr'><strong>glorificavit,</strong></span> <span class='ocrx_word' id='word_1_289' title='bbox 973 3239 1038 3283; x_wconf 90' lang='lat' dir='ltr'><strong>cnm</strong></span> <span class='ocrx_word' id='word_1_290' title='bbox 1055 3219 1188 3283; x_wconf 84' lang='lat' dir='ltr'><strong>veritatis</strong></span> <span class='ocrx_word' id='word_1_291' title='bbox 1212 3239 1279 3284; x_wconf 87' lang='lat' dir='ltr'><strong>esse</strong></span> 
     </span>
     <span class='ocr_line' id='line_1_31' title="bbox 124 3317 1280 3408; baseline 0.001 -23"><span class='ocrx_word' id='word_1_292' title='bbox 124 3322 258 3408; x_wconf 88' lang='lat' dir='ltr'><strong>spiritum</strong></span> <span class='ocrx_word' id='word_1_293' title='bbox 276 3319 385 3384; x_wconf 90' lang='lat' dir='ltr'><strong>docuit.</strong></span> <span class='ocrx_word' id='word_1_294' title='bbox 430 3317 592 3384; x_wconf 84' lang='lat' dir='ltr'><strong>Montanus</strong></span> <span class='ocrx_word' id='word_1_295' title='bbox 609 3342 697 3384; x_wconf 90' lang='lat' dir='ltr'><strong>unum</strong></span> <span class='ocrx_word' id='word_1_296' title='bbox 714 3341 746 3386; x_wconf 84' lang='lat' dir='ltr'><strong>se</strong></span> <span class='ocrx_word' id='word_1_297' title='bbox 762 3322 923 3406; x_wconf 81' lang='lat' dir='ltr'><strong>glorificat,</strong></span> <span class='ocrx_word' id='word_1_298' title='bbox 945 3343 980 3386; x_wconf 87' lang='lat' dir='ltr'><strong>ec</strong></span> <span class='ocrx_word' id='word_1_299' title='bbox 997 3332 1109 3408; x_wconf 88' lang='lat' dir='ltr'><strong>patrem</strong></span> <span class='ocrx_word' id='word_1_300' title='bbox 1125 3343 1192 3386; x_wconf 87' lang='lat' dir='ltr'><strong>esse</strong></span> <span class='ocrx_word' id='word_1_301' title='bbox 1210 3323 1280 3388; x_wconf 86' lang='lat' dir='ltr'><strong>dicit</strong></span> 
     </span>
     <span class='ocr_line' id='line_1_32' title="bbox 125 3421 1278 3509; baseline 0.001 -21"><span class='ocrx_word' id='word_1_302' title='bbox 125 3424 378 3509; x_wconf 80' lang='lat' dir='ltr'><strong>omnipotentem,</strong></span> <span class='ocrx_word' id='word_1_303' title='bbox 402 3423 450 3506; x_wconf 93' lang='lat' dir='ltr'><strong>qni</strong></span> <span class='ocrx_word' id='word_1_304' title='bbox 468 3421 497 3486; x_wconf 89' lang='lat' dir='ltr'><strong>in</strong></span> <span class='ocrx_word' id='word_1_305' title='bbox 515 3443 583 3488; x_wconf 89' lang='lat' dir='ltr'><strong>sese</strong></span> <span class='ocrx_word' id='word_1_306' title='bbox 606 3423 732 3501; x_wconf 83' lang='lat' dir='ltr'><strong>habitet,</strong></span> <span class='ocrx_word' id='word_1_307' title='bbox 758 3435 787 3488; x_wconf 90' lang='lat' dir='ltr'><strong>ut</strong></span> <span class='ocrx_word' id='word_1_308' title='bbox 809 3424 878 3489; x_wconf 90' lang='lat' dir='ltr'><strong>illud</strong></span> <span class='ocrx_word' id='word_1_309' title='bbox 896 3425 1015 3488; x_wconf 89' lang='lat' dir='ltr'><strong>omnino</strong></span> <span class='ocrx_word' id='word_1_310' title='bbox 1036 3435 1167 3504; x_wconf 89' lang='lat' dir='ltr'><strong>constet,</strong></span> <span class='ocrx_word' id='word_1_311' title='bbox 1192 3427 1278 3489; x_wconf 88' lang='lat' dir='ltr'><strong>talem</strong></span> 
     </span>
     <span class='ocr_line' id='line_1_33' title="bbox 123 3525 1279 3612; baseline -0.001 -22"><span class='ocrx_word' id='word_1_312' title='bbox 123 3549 189 3592; x_wconf 84' lang='lat' dir='ltr'><strong>enm</strong></span> <span class='ocrx_word' id='word_1_313' title='bbox 208 3547 272 3589; x_wconf 90' lang='lat' dir='ltr'><strong>uon</strong></span> <span class='ocrx_word' id='word_1_314' title='bbox 294 3545 361 3590; x_wconf 89' lang='lat' dir='ltr'><strong>esse</strong></span> <span class='ocrx_word' id='word_1_315' title='bbox 383 3525 496 3610; x_wconf 86' lang='lat' dir='ltr'><strong>qualem</strong></span> <span class='ocrx_word' id='word_1_316' title='bbox 519 3546 553 3590; x_wconf 88' lang='lat' dir='ltr'><strong>se</strong></span> <span class='ocrx_word' id='word_1_317' title='bbox 574 3527 667 3591; x_wconf 80' lang='lat' dir='ltr'><strong>videri</strong></span> <span class='ocrx_word' id='word_1_318' title='bbox 686 3526 831 3606; x_wconf 87' lang='lat' dir='ltr'><strong>volucrit,</strong></span> <span class='ocrx_word' id='word_1_319' title='bbox 856 3549 910 3592; x_wconf 91' lang='lat' dir='ltr'><strong>nec</strong></span> <span class='ocrx_word' id='word_1_320' title='bbox 929 3527 966 3591; x_wconf 88' lang='lat' dir='ltr'><strong>ah</strong></span> <span class='ocrx_word' id='word_1_321' title='bbox 985 3527 1106 3592; x_wconf 87' lang='lat' dir='ltr'><strong>coelesti</strong></span> <span class='ocrx_word' id='word_1_322' title='bbox 1125 3527 1173 3592; x_wconf 90' lang='lat' dir='ltr'><strong>illo</strong></span> <span class='ocrx_word' id='word_1_323' title='bbox 1197 3537 1279 3612; x_wconf 81' lang='lat' dir='ltr'><strong>putre</strong></span> 
     </span>
     <span class='ocr_line' id='line_1_34' title="bbox 123 3624 1278 3716; baseline -0.001 -23"><span class='ocrx_word' id='word_1_324' title='bbox 123 3630 267 3706; x_wconf 84' lang='lat' dir='ltr'><strong>missum,</strong></span> <span class='ocrx_word' id='word_1_325' title='bbox 293 3647 348 3692; x_wconf 86' lang='lat' dir='ltr'><strong>nec</strong></span> <span class='ocrx_word' id='word_1_326' title='bbox 365 3648 383 3691; x_wconf 91' lang='lat' dir='ltr'><strong>a</strong></span> <span class='ocrx_word' id='word_1_327' title='bbox 400 3624 520 3693; x_wconf 88' lang='lat' dir='ltr'><strong>Christo</strong></span> <span class='ocrx_word' id='word_1_328' title='bbox 535 3628 687 3714; x_wconf 85' lang='lat' dir='ltr'><strong>quiequam</strong></span> <span class='ocrx_word' id='word_1_329' title='bbox 710 3630 870 3716; x_wconf 87' lang='lat' dir='ltr'><strong>accepisse.</strong></span> <span class='ocrx_word' id='word_1_330' title='bbox 915 3627 994 3694; x_wconf 89' lang='lat' dir='ltr'><strong>Nam</strong></span> <span class='ocrx_word' id='word_1_331' title='bbox 1012 3629 1042 3693; x_wconf 93' lang='lat' dir='ltr'><strong>in</strong></span> <span class='ocrx_word' id='word_1_332' title='bbox 1059 3631 1175 3694; x_wconf 88' lang='lat' dir='ltr'><strong>domino</strong></span> <span class='ocrx_word' id='word_1_333' title='bbox 1199 3650 1278 3692; x_wconf 85' lang='lat' dir='ltr'><strong>corn·</strong></span> 
     </span>
     <span class='ocr_line' id='line_1_35' title="bbox 125 3731 1408 3818; baseline 0.004 -23"><span class='ocrx_word' id='word_1_334' title='bbox 125 3733 235 3818; x_wconf 84' lang='lat' dir='ltr'><strong>placuit</strong></span> <span class='ocrx_word' id='word_1_335' title='bbox 248 3753 356 3792; x_wconf 84' lang='lat' dir='ltr'><strong>omnem</strong></span> <span class='ocrx_word' id='word_1_336' title='bbox 369 3734 568 3812; x_wconf 72' lang='lat' dir='ltr'><strong>plenitudinem</strong></span> <span class='ocrx_word' id='word_1_337' title='bbox 583 3735 739 3795; x_wconf 68' lang='lat' dir='ltr'><strong>diurnitatis</strong></span> <span class='ocrx_word' id='word_1_338' title='bbox 754 3735 883 3796; x_wconf 74' lang='lat' dir='ltr'><strong>doliture</strong></span> <span class='ocrx_word' id='word_1_339' title='bbox 896 3736 1100 3813; x_wconf 64' lang='lat' dir='ltr'><strong>eorporod&#39;terp</strong></span> <span class='ocrx_word' id='word_1_340' title='bbox 1124 3743 1154 3795; x_wconf 93' lang='lat' dir='ltr'><strong>et</strong></span> <span class='ocrx_word' id='word_1_341' title='bbox 1168 3731 1203 3796; x_wconf 92' lang='lat' dir='ltr'><strong>dc</strong></span> <span class='ocrx_word' id='word_1_342' title='bbox 1217 3732 1278 3818; x_wconf 91' lang='lat' dir='ltr'><strong>ple·</strong></span> <span class='ocrx_word' id='word_1_343' title='bbox 1291 3753 1341 3799; x_wconf 80' lang='lat' dir='ltr'><strong>cot.</strong></span> <span class='ocrx_word' id='word_1_344' title='bbox 1353 3755 1375 3813; x_wconf 77' lang='lat' dir='ltr'><strong>a,</strong></span> <span class='ocrx_word' id='word_1_345' title='bbox 1388 3757 1408 3800; x_wconf 85' lang='lat' dir='ltr'><strong>s.</strong></span> 
     </span>
     <span class='ocr_line' id='line_1_36' title="bbox 125 3831 1278 3922; baseline 0.001 -24"><span class='ocrx_word' id='word_1_346' title='bbox 125 3835 258 3898; x_wconf 90' lang='lat' dir='ltr'><strong>nitodine</strong></span> <span class='ocrx_word' id='word_1_347' title='bbox 277 3833 344 3896; x_wconf 86' lang='lat' dir='ltr'><strong>eius</strong></span> <span class='ocrx_word' id='word_1_348' title='bbox 360 3833 517 3918; x_wconf 88' lang='lat' dir='ltr'><strong>prophetae</strong></span> <span class='ocrx_word' id='word_1_349' title='bbox 534 3855 638 3898; x_wconf 87' lang='lat' dir='ltr'><strong>omnes</strong></span> <span class='ocrx_word' id='word_1_350' title='bbox 655 3846 843 3922; x_wconf 87' lang='lat' dir='ltr'><strong>aeceperunt,</strong></span> <span class='ocrx_word' id='word_1_351' title='bbox 867 3845 898 3900; x_wconf 88' lang='lat' dir='ltr'><strong>nt</strong></span> <span class='ocrx_word' id='word_1_352' title='bbox 912 3831 1039 3899; x_wconf 88' lang='lat' dir='ltr'><strong>loannes</strong></span> <span class='ocrx_word' id='word_1_353' title='bbox 1057 3836 1190 3898; x_wconf 83' lang='lat' dir='ltr'><strong>affirmat.</strong></span> <span class='ocrx_word' id='word_1_354' title='bbox 1225 3833 1278 3899; x_wconf 90' lang='lat' dir='ltr'><strong>Vi·</strong></span> 
     </span>
     <span class='ocr_line' id='line_1_37' title="bbox 126 3933 1279 4022; baseline 0.002 -21"><span class='ocrx_word' id='word_1_355' title='bbox 126 3937 176 4001; x_wconf 81' lang='lat' dir='ltr'><strong>des</strong></span> <span class='ocrx_word' id='word_1_356' title='bbox 196 3957 273 4001; x_wconf 88' lang='lat' dir='ltr'><strong>sane</strong></span> <span class='ocrx_word' id='word_1_357' title='bbox 291 3935 532 4020; x_wconf 88' lang='lat' dir='ltr'><strong>quemadmodum</strong></span> <span class='ocrx_word' id='word_1_358' title='bbox 550 3933 699 4001; x_wconf 84' lang='lat' dir='ltr'><strong>Christum</strong></span> <span class='ocrx_word' id='word_1_359' title='bbox 719 3948 837 4002; x_wconf 87' lang='lat' dir='ltr'><strong>veteres</strong></span> <span class='ocrx_word' id='word_1_360' title='bbox 856 3957 959 4000; x_wconf 88' lang='lat' dir='ltr'><strong>omncs</strong></span> <span class='ocrx_word' id='word_1_361' title='bbox 983 3935 1193 4022; x_wconf 84' lang='lat' dir='ltr'><strong>praedicarint,</strong></span> <span class='ocrx_word' id='word_1_362' title='bbox 1218 3948 1279 4003; x_wconf 91' lang='lat' dir='ltr'><strong>tnm</strong></span> 
     </span>
     <span class='ocr_line' id='line_1_38' title="bbox 128 4035 1278 4126; baseline 0 -22"><span class='ocrx_word' id='word_1_363' title='bbox 128 4041 174 4126; x_wconf 81' lang='lat' dir='ltr'><strong>qni</strong></span> <span class='ocrx_word' id='word_1_364' title='bbox 189 4051 295 4126; x_wconf 81' lang='lat' dir='ltr'><strong>postea</strong></span> <span class='ocrx_word' id='word_1_365' title='bbox 315 4037 411 4102; x_wconf 81' lang='lat' dir='ltr'><strong>socrui</strong></span> <span class='ocrx_word' id='word_1_366' title='bbox 427 4048 497 4102; x_wconf 89' lang='lat' dir='ltr'><strong>snnt</strong></span> <span class='ocrx_word' id='word_1_367' title='bbox 512 4035 663 4104; x_wconf 87' lang='lat' dir='ltr'><strong>Christum</strong></span> <span class='ocrx_word' id='word_1_368' title='bbox 685 4040 842 4125; x_wconf 85' lang='lat' dir='ltr'><strong>praeconio</strong></span> <span class='ocrx_word' id='word_1_369' title='bbox 860 4061 916 4104; x_wconf 88' lang='lat' dir='ltr'><strong>sno</strong></span> <span class='ocrx_word' id='word_1_370' title='bbox 939 4049 969 4104; x_wconf 90' lang='lat' dir='ltr'><strong>et</strong></span> <span class='ocrx_word' id='word_1_371' title='bbox 993 4039 1179 4103; x_wconf 78' lang='lat' dir='ltr'><strong>confessione</strong></span> <span class='ocrx_word' id='word_1_372' title='bbox 1201 4042 1278 4104; x_wconf 88' lang='lat' dir='ltr'><strong>oete-</strong></span> 
     </span>
     <span class='ocr_line' id='line_1_39' title="bbox 127 4137 1279 4226; baseline 0.002 -21"><span class='ocrx_word' id='word_1_373' title='bbox 127 4141 249 4206; x_wconf 88' lang='lat' dir='ltr'><strong>hrariut.</strong></span> <span class='ocrx_word' id='word_1_374' title='bbox 293 4141 339 4206; x_wconf 81' lang='lat' dir='ltr'><strong>At</strong></span> <span class='ocrx_word' id='word_1_375' title='bbox 354 4137 517 4204; x_wconf 82' lang='lat' dir='ltr'><strong>Montanus</strong></span> <span class='ocrx_word' id='word_1_376' title='bbox 539 4142 683 4206; x_wconf 89' lang='lat' dir='ltr'><strong>violenter</strong></span> <span class='ocrx_word' id='word_1_377' title='bbox 703 4141 825 4226; x_wconf 88' lang='lat' dir='ltr'><strong>irrupit,</strong></span> <span class='ocrx_word' id='word_1_378' title='bbox 850 4141 1001 4205; x_wconf 84' lang='lat' dir='ltr'><strong>mirificum</strong></span> <span class='ocrx_word' id='word_1_379' title='bbox 1023 4141 1167 4226; x_wconf 88' lang='lat' dir='ltr'><strong>quendam</strong></span> <span class='ocrx_word' id='word_1_380' title='bbox 1187 4141 1279 4207; x_wconf 84' lang='lat' dir='ltr'><strong>homi·</strong></span> 
     </span>
     <span class='ocr_line' id='line_1_40' title="bbox 129 4243 1279 4330; baseline 0.001 -23"><span class='ocrx_word' id='word_1_381' title='bbox 129 4267 191 4308; x_wconf 86' lang='lat' dir='ltr'><strong>nen</strong></span> <span class='ocrx_word' id='word_1_382' title='bbox 206 4266 241 4310; x_wconf 80' lang='lat' dir='ltr'><strong>se</strong></span> <span class='ocrx_word' id='word_1_383' title='bbox 256 4265 324 4309; x_wconf 88' lang='lat' dir='ltr'><strong>esse</strong></span> <span class='ocrx_word' id='word_1_384' title='bbox 341 4243 490 4324; x_wconf 78' lang='lat' dir='ltr'><strong>lectitans,</strong></span> <span class='ocrx_word' id='word_1_385' title='bbox 515 4253 548 4307; x_wconf 92' lang='lat' dir='ltr'><strong>ut</strong></span> <span class='ocrx_word' id='word_1_386' title='bbox 563 4243 609 4310; x_wconf 85' lang='lat' dir='ltr'><strong>rel</strong></span> <span class='ocrx_word' id='word_1_387' title='bbox 626 4244 681 4308; x_wconf 89' lang='lat' dir='ltr'><strong>hoo</strong></span> <span class='ocrx_word' id='word_1_388' title='bbox 695 4243 759 4330; x_wconf 88' lang='lat' dir='ltr'><strong>ipso</strong></span> <span class='ocrx_word' id='word_1_389' title='bbox 776 4265 831 4309; x_wconf 89' lang='lat' dir='ltr'><strong>neo</strong></span> <span class='ocrx_word' id='word_1_390' title='bbox 846 4243 987 4308; x_wconf 88' lang='lat' dir='ltr'><strong>eiusmodi</strong></span> <span class='ocrx_word' id='word_1_391' title='bbox 1003 4264 1082 4324; x_wconf 87' lang='lat' dir='ltr'><strong>esse,</strong></span> <span class='ocrx_word' id='word_1_392' title='bbox 1106 4265 1161 4308; x_wconf 91' lang='lat' dir='ltr'><strong>nec</strong></span> <span class='ocrx_word' id='word_1_393' title='bbox 1177 4246 1214 4308; x_wconf 89' lang='lat' dir='ltr'><strong>ah</strong></span> <span class='ocrx_word' id='word_1_394' title='bbox 1229 4245 1279 4309; x_wconf 91' lang='lat' dir='ltr'><strong>illo</strong></span> 
     </span>
    </p>
   </div>
   <div class='ocr_carea' id='block_1_3' title="bbox 130 4345 1011 4434">
    <p class='ocr_par' dir='ltr' id='par_1_4' title="bbox 130 4345 1011 4434">
     <span class='ocr_line' id='line_1_41' title="bbox 130 4345 1011 4434; baseline 0.002 -24"><span class='ocrx_word' id='word_1_395' title='bbox 130 4349 249 4429; x_wconf 82' lang='lat' dir='ltr'><strong>missus,</strong></span> <span class='ocrx_word' id='word_1_396' title='bbox 274 4369 331 4412; x_wconf 83' lang='lat' dir='ltr'><strong>nee</strong></span> <span class='ocrx_word' id='word_1_397' title='bbox 354 4345 391 4410; x_wconf 87' lang='lat' dir='ltr'><strong>ab</strong></span> <span class='ocrx_word' id='word_1_398' title='bbox 415 4365 451 4409; x_wconf 89' lang='lat' dir='ltr'><strong>eo</strong></span> <span class='ocrx_word' id='word_1_399' title='bbox 474 4345 625 4432; x_wconf 85' lang='lat' dir='ltr'><strong>quicquam</strong></span> <span class='ocrx_word' id='word_1_400' title='bbox 649 4348 798 4434; x_wconf 87' lang='lat' dir='ltr'><strong>accepisse</strong></span> <span class='ocrx_word' id='word_1_401' title='bbox 820 4355 1011 4412; x_wconf 86' lang='lat' dir='ltr'><strong>monstretur.</strong></span> 
     </span>
    </p>
   </div>
   <div class='ocr_carea' id='block_1_4' title="bbox 0 0 1604 4926">
    <p class='ocr_par' dir='ltr' id='par_1_5' title="bbox 0 0 1604 4926">
     <span class='ocr_line' id='line_1_42' title="bbox 0 0 1604 4926; baseline 0 0"><span class='ocrx_word' id='word_1_402' title='bbox 0 0 1604 4926; x_wconf 95' lang='lat' dir='ltr'><strong> </strong></span> 
     </span>
    </p>
   </div>
  </div>
 </body>
</html>
