3176 4930
382 253 519 307 rnuonu
535 255 599 308 ona.
613 255 646 308 n.
662 255 745 307 rom.
758 257 778 306 r.
794 255 894 338 unqu.
908 253 1000 310 nxtv.
1209 245 1271 310 290
1372 280 1377 289 ι

114 397 172 458 ego
184 375 309 450 ambo,
331 386 362 438 et
375 397 432 438 noo
448 387 493 438 eet
511 379 563 458 qui
577 387 662 438 erum
673 379 708 438 de
722 377 850 439 noradus
865 380 950 452 morie,
975 397 1049 462 quoe
1065 397 1083 442 a
1101 376 1157 442 deo
1173 380 1272 464 proie-
1292 400 1294 406 ’

114 487 241 558 roomo,
264 478 331 563 qnid
354 476 431 542 aliud
455 498 510 544 noa
530 478 654 558 donent,
679 477 738 542 nisi
756 478 793 542 ob
815 477 845 542 id
869 499 976 563 eorpus
999 477 1125 544 interdeo'
1148 479 1272 565 primum

115 593 205 667 atque
222 580 314 646 emori
333 590 365 646 ut
386 590 488 666 postea
511 591 650 666 resurgat
666 591 753 666 atque
774 581 955 647 reviviaeotd
996 579 1166 646 Perontitnr
1183 581 1274 666 inpri-

117 684 175 750 mia
190 703 226 748 ao
241 682 436 770 oooiringitur
453 693 484 746 ut
499 683 613 748 uoluunt
635 683 774 772 deinceps
789 685 994 769 integrumque
1010 685 1162 750 formetur.
1206 683 1274 749 Nee

117 797 163 852 eat
181 785 302 873 omnino
318 786 490 870 quiequam,
513 786 590 870 quod
610 784 647 850 ab
671 786 783 871 ingenti
802 787 879 850 iilius
902 787 1029 871 fortique
1051 806 1139 850 manu
1161 807 1216 852 nos
1237 787 1273 850 ad

115 888 267 954 interitum
285 909 322 954 ao
338 888 497 974 perniciem
522 888 788 974 poenitentium,
813 910 872 954 oon
891 888 986 974 ignis,
1011 909 1070 952 ooo
1095 909 1191 966 mors,
1215 911 1273 953 ooo

116 990 277 1069 tenebrae,
302 1011 362 1056 ooo
380 991 488 1068 chaos,
512 1012 570 1055 oon
588 991 749 1076 corruptio.
796 995 866 1072 Quat
882 995 954 1054 eurio
973 1013 1025 1054 nos
1044 993 1203 1072 ommuni,
1229 991 1273 1055 io·
1287 1006 1381 1062 nome,
1393 1007 1426 1052 ao

116 1095 198 1178 quit,
221 1098 377 1159 oeon'tote
392 1095 522 1156 ctreon
549 1114 635 1177 quem
660 1095 750 1178 patria
768 1114 885 1158 manum
903 1115 937 1158 ae
955 1093 1077 1158 verbum
1100 1093 1275 1180 interpreta-

117 1217 203 1262 mure
231 1197 411 1260 monum?
431 1200 588 1276 unguatur?
608 1202 851 1278 autpereeoutr'o?
871 1207 924 1258 aur
937 1199 1050 1278 sames?
1071 1209 1122 1258 aut
1138 1201 1276 1260 nudetur?
1288 1211 1372 1268 roma,
1385 1211 1418 1257 ta

116 1311 172 1362 out
189 1302 373 1380 pennulam?
399 1309 453 1360 aut
466 1301 605 1379 gladius?
650 1303 882 1379 Quemadmodum
899 1304 1036 1380 seruitium
1055 1311 1115 1374 ent,
1141 1303 1276 1378 Quoniam

113 1414 237 1484 propter
255 1414 283 1466 te
302 1403 508 1482 murtffioamur
528 1405 669 1483 qooutte,
694 1407 839 1466 wauton*
852 1423 965 1478 omnus,
989 1407 1066 1466 meur
1080 1424 1144 1464 oues
1160 1407 1277 1464 neoniae-

116 1509 183 1568 πίει
206 1509 258 1567 rod
273 1509 303 1566 r'n
318 1507 363 1567 leis
377 1505 505 1568 omm'dua
520 1525 686 1586 ammomum
702 1528 760 1586 per
777 1527 854 1580 eum,
879 1511 932 1587 qui
944 1507 1125 1568 uoadiderr't.
1174 1502 1276 1568 Veria-

116 1607 195 1672 aime
212 1606 352 1686 omnium
376 1605 687 1692 mutationeque,
711 1606 951 1692 quemadmodum
971 1607 1115 1672 diximus:
1143 1609 1208 1687 Ego
1229 1614 1431 1670 oooveuttett·

116 1715 228 1786 eddon,
253 1723 284 1773 et
295 1731 349 1792 ego
364 1715 457 1774 uiuere
469 1714 599 1793 sartum:
624 1715 783 1792 pernotum
800 1723 830 1773 et
843 1733 897 1792 ego
911 1713 1034 1773 aurudo:
1058 1723 1087 1772 et
1101 1732 1158 1772 noa
1172 1722 1215 1772 eet
1230 1715 1282 1790 qui

117 1824 205 1876 aaut
217 1835 269 1876 ooo
287 1837 325 1878 ae
342 1819 463 1876 emitote
479 1817 541 1888 dei,
566 1835 638 1895 quae
654 1825 698 1876 ost
715 1819 745 1876 in
760 1817 874 1876 Cdrrito
888 1819 969 1889 lero,
995 1815 1031 1877 od
1054 1813 1176 1877 exitium
1198 1813 1279 1875 vide·

116 1917 202 1982 lieet.
248 1913 397 1999 aneirea
415 1899 667 1979 meromon'eumue
682 1921 759 1979 meur
776 1939 840 1980 oues
855 1921 1020 1992 acuminum,
1045 1927 1079 1978 ut
1091 1919 1198 1977 mortui
1212 1931 1431 1996 pronomem

116 2031 184 2082 outo
200 2024 325 2082 orionus
339 2024 400 2082 deo.
437 2016 499 2083 Sed
514 2019 549 2082 do
568 2017 612 2082 hie
628 2018 781 2084 haetenus.
817 2018 907 2084 Nuoo
924 2039 999 2104 quoe
1016 2019 1061 2084 his
1079 2027 1278 2082 oonseotooeo

116 2122 181 2187 nint
205 2122 333 2186 boneio
357 2122 472 2186 modum
496 2122 696 2206 expromenda
718 2127 798 2188 sunt.
1323 2166 1383 2232 cap.

207 2221 244 2289 Si
259 2223 288 2288 id
305 2245 411 2302 omno,
436 2224 511 2308 quod
528 2223 740 2307 genitumst,
765 2245 854 2310 aegre
869 2243 938 2288 aene
955 2223 1044 2288 habet
1063 2223 1119 2304 (ita
1134 2220 1211 2285 enim
1227 2222 1432 2286 uod-xxxvttt.

117 2329 275 2392 versarium
292 2327 424 2410 obiioit),
448 2346 483 2389 ae
503 2338 560 2391 tom
579 2325 610 2389 iu
627 2329 821 2411 generatione
837 2327 901 2413 ipsa
920 2347 1004 2411 qnam
1024 2324 1171 2389 nutrioatu
1189 2334 1220 2387 et
1242 2323 1279 2388 ub
1299 2301 1424 2372 (xm)

119 2429 332 2496 aeeedeotibus
348 2442 489 2515 augetur,
514 2439 544 2493 et
559 2429 594 2492 ab
612 2430 821 2494 decedentibus
839 2429 995 2507 minuitur,
1020 2447 1095 2512 quaa
1114 2436 1211 2490 autem
1228 2427 1281 2489 uti

120 2533 203 2600 nime
226 2533 406 2619 gignuntur,
430 2531 624 2596 saluberrima
642 2543 729 2612 eunt,
754 2551 809 2596 neo
834 2540 989 2617 aegrotent
1013 2550 1156 2614 unquom,
1186 2551 1281 2614 oeque

120 2637 212 2702 uilius
229 2635 273 2699 rei
291 2633 425 2718 indigent
439 2646 490 2700 aut
505 2646 659 2722 appetunt,
687 2655 768 2720 quae.
783 2645 880 2699 autem
898 2632 997 2718 genita
1015 2643 1100 2712 suot,
1125 2643 1156 2696 et
1174 2633 1282 2696 ooitum

122 2751 157 2806 et
170 2739 342 2802 alimentum
359 2749 515 2824 oppetunt,
540 2748 587 2802 eet
604 2749 700 2802 autem
717 2749 855 2824 oppetere
872 2738 948 2801 idem
964 2747 1051 2820 utque
1067 2745 1241 2819 aegrotare,
1265 2755 1284 2799 e

120 2841 274 2908 eontrario
289 2861 361 2906 vero
378 2840 484 2905 annilius
503 2841 635 2926 indigere
651 2851 863 2927 neefappetere
880 2839 956 2902 idem
973 2848 1068 2902 eatae
1082 2859 1184 2902 sonum
1201 2859 1281 2915 esse,

120 2955 281 3030 aegrotant
297 2965 385 3030 porro
400 2962 599 3028 quaecumque
615 2954 682 3007 natu
695 2953 776 3023 eunt,
796 2943 863 3028 quia
878 2941 1099 3026 eoueupiaoont,
1120 2961 1282 3025 quaerero

120 3048 245 3114 minime
262 3057 330 3110 nata
347 3057 433 3124 eunt,
458 3067 516 3109 non
532 3055 706 3130 aegrotant,
730 3045 787 3110 iam
803 3065 876 3110 uero
892 3063 1091 3129 quaeeumqno
1108 3063 1197 3128 aegra
1213 3053 1283 3108 aaut

121 3171 229 3215 eorum
254 3171 328 3234 quae
354 3149 498 3212 aeeedont
521 3148 704 3212 deoeduutve
729 3148 812 3234 eopia
833 3148 880 3213 uel
902 3147 1000 3232 inopia
1023 3145 1174 3226 laborant,
1206 3146 1283 3230 qood

121 3263 222 3318 autem
241 3251 368 3338 potitur,
393 3251 540 3336 eorrumpi
558 3261 645 3335 atque
660 3251 782 3314 interire
799 3269 923 3314 neeesse
941 3259 1004 3328 eat,
1026 3247 1110 3312 euius
1127 3248 1171 3310 rei
1189 3249 1284 3332 gratia

121 3354 270 3442 gignitur,
294 3355 373 3438 atqui
394 3354 481 3418 homo
497 3353 639 3438 gignitur,
664 3373 721 3416 ooo
743 3363 840 3439 potest
858 3353 947 3437 igitur
964 3349 1050 3414 homo
1068 3349 1212 3436 passionis
1229 3371 1284 3414 ex·

122 3477 194 3543 pers
209 3468 240 3521 et
256 3456 430 3521 immortalia
447 3475 527 3520 esse.
575 3454 685 3519 Verum
704 3457 750 3520 vel
767 3457 804 3521 iio
822 3457 893 3541 ipaio
915 3454 1031 3518 illorum
1056 3454 1200 3517 evertitur
1217 3472 1284 3516 ora·

122 3563 181 3626 tio.
216 3557 294 3624 Nam
311 3559 336 3623 ai
355 3559 490 3645 quiequid
509 3559 679 3644 productum
696 3569 746 3622 aut
761 3557 891 3644 genitum
907 3567 951 3620 eet
967 3555 1068 3620 interit
1088 3555 1172 3637 (nihil
1186 3565 1283 3618 eutem

123 3664 236 3744 refert,
260 3663 286 3726 ai
304 3663 346 3726 ita
363 3663 542 3740 dixerimus,
566 3663 701 3747 quonium
726 3661 811 3748 primi
833 3661 926 3724 nostri
950 3668 1087 3742 parentes
1111 3679 1168 3728 noo
1192 3653 1284 3739 geniti

123 3776 213 3845 saut,
238 3765 291 3830 oed
312 3764 476 3850 producti),
501 3787 566 3828 oum
586 3774 617 3828 et
639 3764 737 3849 angeli
760 3775 790 3828 et
806 3763 921 3828 animae
940 3763 1099 3849 productae
1116 3759 1176 3823 nint
1198 3760 1284 3840 (nori-

124 3884 212 3960 ptom
225 3879 272 3934 eat
289 3865 385 3946 enim,
411 3871 555 3951 Qm‘sooa't
569 3871 687 3949 uegetos
699 3889 766 3928 euos
783 3869 931 3951 opu'riroo),
955 3885 995 3929 ex
1013 3864 1127 3927 illorum
1146 3860 1283 3946 opinione
1298 3875 1335 3920 eo.
1346 3875 1425 3932 nmo

125 3993 316 4057 oooaequeos
332 3981 379 4034 est
399 3983 456 4036 tam
475 3971 597 4055 angelon
619 3967 835 4055 quamanimae
857 3967 966 4054 perire.
1013 3968 1056 4030 At
1072 3984 1167 4048 oeque
1189 3963 1286 4047 angeli

127 4095 225 4160 oeque
240 4074 356 4138 animae
370 4073 525 4152 oeeiduut,
548 4082 617 4137 suot
633 4071 711 4136 enim
728 4069 920 4149 immortales,
946 4091 1001 4133 noo
1018 4091 1035 4131 n
1053 4087 1197 4152 quoquam
1216 4067 1286 4130 edo·

127 4177 203 4244 mari
226 4188 365 4263 possunt,
390 4176 631 4262 quemadmodum
652 4173 767 4238 illorum
786 4172 929 4236 eonditori
953 4169 1070 4257 piaouit.
1116 4167 1211 4254 Igitur
1232 4168 1286 4232 im·

127 4279 262 4348 menotio
282 4289 328 4344 eat
351 4279 449 4344 homo.
494 4276 555 4343 Sed
575 4298 630 4342 neo
644 4276 711 4340 iilud
733 4295 910 4361 magnopere
932 4272 1042 4360 probo,
1067 4272 1091 4336 oi
1110 4283 1141 4336 et
1158 4271 1286 4338 funditus

128 4385 185 4450 hoo
207 4383 378 4447 universum
402 4381 561 4468 periturum
586 4401 653 4446 esse
677 4380 825 4457 dieamus,
851 4389 881 4440 et
903 4387 1010 4441 terram
1029 4385 1117 4460 atque
1136 4380 1233 4438 adrem
1257 4385 1287 4438 ot

128 4487 244 4553 eoelum
262 4485 434 4570 quandoque
452 4484 624 4550 desiturum.
672 4479 823 4569 Siquidem
839 4490 919 4545 totus
936 4480 983 4546 hio
1001 4479 1142 4559 mundun,
1166 4489 1198 4542 ut
1219 4498 1286 4561 pur-
