3168 4942
379 209 517 262 rinnau
535 211 598 264 ms.
613 212 645 264 n.
661 211 745 265 ron.
759 212 791 264 n.
808 209 908 264 susa.
920 209 1018 263 cxix.
1212 201 1274 263 647

107 332 140 396 iu
157 330 329 415 generando
345 351 430 414 quam
447 331 476 394 in
493 331 620 396 creando
636 333 672 397 ab
689 331 769 396 omni
787 331 943 396 affectione
959 331 999 394 sit
1014 328 1164 394 immunis.
1193 328 1274 394 Nam

1 463 3 493 t
110 435 189 518 quod
209 435 244 496 ad
265 455 319 496 nos
338 433 461 512 attinet,
487 434 527 497 uti
543 436 689 518 gignendo
713 435 855 520 patimur,
886 454 922 498 eo
940 433 1016 518 qnod
1043 433 1134 494 creati
1158 423 1273 511 snmus,

110 537 154 600 ita
177 546 207 598 et
225 537 353 600 creando
379 557 414 600 ac
435 535 582 600 moliendo
606 537 774 622 fatigamur.
821 534 922 620 Quare
947 536 972 598 si
998 535 1170 617 generando
1193 549 1277 620 pater

110 638 245 704 nonnihit
262 640 389 723 patitur,
413 639 499 702 etiam
521 639 650 702 creando
673 639 824 723 fatigatur.
871 636 999 722 Quinam
1018 656 1090 698 vero
1109 636 1164 700 deo
1186 639 1275 701 trihni

112 742 174 805 uile
191 741 335 804 eiusmodi
356 751 453 826 potest
469 740 586 804 affectio
603 739 668 804 sive
688 741 878 824 defatigatio?
915 739 1140 805 etsiverum
1160 739 1276 823 fatigari

1 894 2 898 ,
112 845 281 907 credamus.
312 845 637 916 marcomanorum,
662 843 928 927 inquitscripturu.
965 841 1100 926 Denique
1117 863 1182 904 eum
1200 843 1418 920 tausiniano

1 1007 3 1015 .
110 946 305 1031 suspiritus,
331 945 450 1030 perinde
469 957 499 1008 et
517 945 651 1030 spiritum
676 946 741 1008 sine
764 945 822 1008 uilo
841 944 925 1008 initio
944 955 996 1009 aut
1020 954 1152 1028 tempore
1173 944 1276 1026 genuit

111 1049 225 1125 titium,
251 1049 335 1112 deum
353 1048 388 1110 de
407 1047 480 1127 deo,
504 1047 601 1124 lumen
619 1047 798 1126 delumine,
822 1047 908 1110 deum
926 1067 1029 1112 verum
1053 1047 1088 1110 de
1108 1047 1163 1112 deo
1187 1065 1272 1124 vero,

110 1151 260 1236 genitum,
285 1171 345 1213 non
366 1162 508 1214 creatum.
949 1163 951 1168 ·

1 1316 2 1328 ,
198 1253 246 1316 Ab
264 1252 319 1316 hac
336 1251 499 1337 scripturae
517 1253 665 1316 sententia
686 1253 722 1316 ad
746 1251 819 1316 aiios
844 1251 1052 1316 transeundum
1079 1251 1166 1316 modo
1189 1249 1275 1316 uobis
1293 1241 1421 1360 XQVH

1 1407 2 1410 ι
110 1367 178 1434 est,
203 1375 275 1439 quas
295 1375 447 1440 perperam
470 1356 649 1439 accipientes
672 1375 817 1440 usurpare
839 1375 873 1417 ac
890 1356 1047 1418 decantare
1064 1354 1178 1432 soient,
1202 1373 1276 1438 quas
1423 1345 1430 1360 ⁸

1 1513 2 1520 ,
110 1458 229 1544 quidem
248 1457 333 1522 initio
356 1458 662 1522 commemoravimus.
709 1459 755 1522 Ao
779 1456 903 1542 primum
926 1456 1051 1542 apostoli
1075 1459 1183 1521 dictum
1205 1455 1276 1519 ittun

111 1573 229 1626 murore
253 1561 423 1646 proterunt,
455 1572 484 1624 et
504 1560 746 1644 interpretatione
764 1580 817 1624 sua
834 1561 1013 1643 depravante
1043 1564 1186 1641 Suscipite
1203 1581 1276 1639 pon-
1289 1579 1361 1625 trent.
1375 1583 1395 1636 s,
1408 1580 1429 1625 ι.

111 1667 217 1747 reficere
242 1676 382 1738 nestrum,
414 1667 466 1744 qui
478 1667 581 1745 fidelos
608 1675 654 1724 est
673 1667 702 1724 ei
720 1668 774 1744 qui
794 1663 867 1743 feeit
885 1667 1017 1742 seipsum.
1066 1659 1126 1726 Sed
1151 1661 1275 1746 primunr

112 1769 269 1852 epistolam
293 1765 392 1843 itiam,
421 1785 495 1850 quac
521 1766 556 1829 ad
576 1763 730 1828 Hebraeos
753 1765 863 1849 scripta
885 1773 949 1843 est,
980 1763 1152 1848 repudiant,
1186 1773 1217 1826 et
1239 1761 1276 1824 ab

109 1869 284 1952 apostolicis
299 1867 418 1952 scriptis
434 1868 582 1932 reiiciunt.
628 1865 750 1951 Exque
769 1878 865 1931 tamen
883 1867 975 1944 iilam,
998 1865 1040 1928 uti
1057 1864 1131 1943 dixi,
1155 1874 1277 1928 senteu-

111 1973 182 2036 tiam
200 1992 252 2055 pro
270 1972 386 2056 priuato
403 1991 458 2032 suo
476 1970 564 2034 animi
587 1968 691 2032 morbo
709 1969 783 2032 male
800 1971 834 2034 ad
853 1968 1018 2032 institutum
1039 1989 1124 2031 suurn
1148 1967 1276 2030 transie-

109 2083 199 2151 runt,
224 2083 253 2136 et
271 2094 310 2136 ex
330 2072 375 2136 his
390 2072 507 2151 verbis,
533 2075 591 2150 Qui
600 2074 703 2152 fidelis
724 2083 771 2134 est
788 2077 818 2134 ei
836 2076 889 2152 qui
899 2073 976 2153 sterit
996 2075 1133 2150 seipsum,
1159 2079 1277 2132 creatu·

110 2197 259 2240 ramesse
279 2176 368 2240 tilium
385 2176 551 2238 adstruunt.
599 2173 711 2237 Verum
729 2173 915 2257 interrogare
933 2172 1000 2236 ilios
1028 2171 1200 2257 prudentior
1222 2171 1277 2234 ati·
1354 2161 1355 2166 ¹

109 2279 179 2362 quis
194 2278 317 2363 poterit,
342 2276 427 2341 etita
449 2295 573 2360 urgere,
597 2287 628 2340 nt
644 2276 713 2360 quid
731 2276 929 2360 respondeant
944 2274 1016 2338 nihil
1034 2273 1171 2338 habeant.
1209 2271 1275 2336 Hoc

111 2381 192 2444 enim
212 2380 311 2465 quaeri
335 2391 449 2466 potest,
474 2379 658 2462 quandonam
677 2377 830 2463 pontifices
849 2397 956 2440 nomeu
976 2376 1045 2440 iliud
1065 2375 1199 2438 dominus
1222 2395 1276 2437 uo·

109 2494 179 2547 ster
201 2483 406 2568 assumpserit.
456 2479 527 2546 Non
560 2482 637 2544 enim
668 2489 735 2543 ante
766 2489 933 2565 susceptam
962 2497 1081 2541 osruem
1113 2475 1278 2540 istiusmodi

111 2585 235 2648 nomina
251 2585 374 2649 sortitus
391 2595 454 2664 est,
479 2595 510 2648 ut
527 2588 600 2666 lupis
617 2592 792 2664 vocaretur,
817 2592 848 2644 et
862 2586 920 2643 orr's
934 2585 973 2642 od
988 2584 1152 2642 coertionem
1167 2581 1274 2653 obluta,

110 2688 198 2764 item,
224 2691 315 2761 homo,
341 2698 371 2750 et
383 2689 471 2768 stiriis
487 2691 617 2759 domines,
643 2689 750 2767 apuria,
775 2706 878 2764 ugnus,
905 2692 935 2745 et
952 2683 978 2744 id
995 2702 1089 2766 genus
1107 2681 1175 2758 aiia,
1200 2687 1416 2763 quacient-tta·

111 2799 183 2876 post
199 2789 431 2852 incarnationem
450 2789 543 2852 eidem
564 2787 703 2851 attributa
723 2797 802 2850 sunt.
839 2783 905 2867 Qua
922 2784 1037 2847 ratione
1056 2783 1189 2866 pontifex
1204 2803 1276 2866 quu-

109 2913 172 2976 que
197 2893 291 2955 dietus
311 2903 374 2970 est,
407 2892 444 2954 nb
465 2891 591 2974 etogium
610 2891 679 2952 iilud
702 2889 778 2972 quod
800 2888 836 2951 de
855 2886 920 2972 ipso
940 2887 970 2949 iu
989 2886 1055 2969 lege
1071 2885 1274 2970 praedicatur:

108 2998 280 3076 Propdetom
299 3018 337 3058 esc
351 2996 501 3078 frutribus
519 2997 621 3055 cestris
642 2993 794 3054 sciscitabit
808 2994 937 3054 dumrims
954 2993 1022 3050 deur
1038 2989 1126 3048 codri.
1174 2983 1275 3066 Quare
1286 2997 1388 3054 ιιοιιιιι,
1397 2995 1430 3042 1⁵.

110 3097 298 3183 prophetam‚
317 3109 347 3160 et
366 3097 549 3181 pontificem,
574 3106 604 3158 et
620 3092 672 3158 Ex
688 3093 760 3177 ipsis
778 3093 963 3169 suscitatum,
988 3099 1055 3174 post
1073 3088 1153 3151 iliam
1169 3086 1198 3150 in
1218 3096 1278 3148 ter-

109 3201 157 3264 ris
179 3199 407 3276 habitationem,
431 3198 578 3282 scriptura
600 3196 756 3260 manifeste
775 3194 916 3258 declarat.
965 3189 1090 3274 Exque
1111 3189 1277 3254 certissime

110 3304 186 3366 iilud
206 3313 299 3386 potest
319 3302 461 3383 intelligi,
487 3299 729 3383 quomadmodum
752 3296 862 3362 invicta
882 3295 927 3358 dei
945 3295 1039 3358 virtus
1059 3315 1093 3356 ac
1107 3291 1278 3377 praeseien-

111 3406 175 3484 tia,
202 3416 232 3469 ut
247 3426 281 3468 os
298 3426 386 3468 omne
409 3404 580 3489 praecindat
596 3402 739 3463 adversus
755 3399 911 3463 veritatem
932 3398 1106 3480 insurgens,
1138 3415 1203 3458 cnm
1228 3394 1278 3456 ad·

110 3507 242 3572 mirabili
270 3509 393 3592 quadam
420 3506 483 3570 tuce
504 3504 688 3591 praedixerit
711 3523 745 3564 ao
768 3500 932 3563 firmaverit
957 3498 1066 3562 omnia.
1115 3494 1166 3562 Sic
1189 3495 1279 3577 igitur

109 3611 167 3674 iiio
186 3610 254 3674 ioco
273 3611 302 3672 in
320 3609 511 3693 sequentibus
529 3607 653 3688 tegitnrr
679 3608 774 3666 Omnis
782 3605 916 3684 pontefice
931 3625 969 3662 eo
990 3601 1148 3662 dominibus
1169 3619 1277 3660 ussum-
1291 3617 1362 3664 naut.
1375 3617 1397 3674 ι,
1412 3617 1431 3662 ι.

105 3725 203 3796 ptus,
233 3735 289 3794 pro
311 3713 469 3774 dromonibus
491 3714 692 3781 constituitur,
725 3718 758 3767 nt
785 3707 893 3790 uffernt
912 3709 984 3765 donn
1013 3715 1042 3765 et
1060 3703 1206 3782 sacrificio
1223 3719 1279 3778 pro

104 3820 251 3897 pereuni,
275 3821 327 3896 qui
342 3817 435 3893 possit
455 3815 593 3892 compoti.-
621 3813 814 3876 necessitatem
835 3812 908 3870 enim
929 3807 1015 3868 tutet
1034 3817 1064 3866 et
1080 3827 1135 3885 pro
1156 3807 1217 3864 suis
1231 3804 1279 3863 de-

111 3922 197 3981 lictis
219 3919 344 4002 efferre.-
368 3919 421 3996 qai
439 3925 532 3976 uutmn
551 3924 698 3994 peecatum
719 3933 775 3974 non
797 3912 897 3983 dubet,
921 3913 1043 3989 seipsum
1064 3909 1167 3968 obtulit
1186 3908 1275 3984 patri.

111 4019 174 4088 Uti
193 4019 264 4082 haec
281 4017 388 4095 rerba,
420 4019 470 4078 Ec
485 4017 660 4087 domandus,
686 4014 721 4076 ad
739 4013 971 4076 incarnationem
989 4009 1147 4096 pertinent.
1196 4005 1279 4070 ilaec

110 4134 233 4200 autem,
256 4123 322 4186 Non
345 4120 569 4192 cohomicidas,
596 4128 637 4195 et,
661 4119 726 4179 Non
744 4117 850 4178 debens
864 4118 1069 4185 necessitatem,
1096 4108 1278 4174 divinitatem

109 4281 162 4330 len.
182 4280 203 4325 et
221 4275 278 4324 editt
295 4276 357 4323 tetri.
637 4275 639 4278 ⁴
749 4264 773 4318 t.
792 4263 858 4322 sarri
875 4269 943 4318 nocet
961 4267 997 4318 ed.
1017 4268 1098 4316 Peton.
1117 4266 1226 4316 Catonius
1243 4275 1280 4317 rt·

149 4344 175 4396 ³.
194 4345 260 4394 Libri
275 4343 346 4405 culpo
363 4334 446 4400 riarde·
713 4339 794 4402 petitu.
