3116 4934
319 239 454 293 rinnau
473 241 715 296 susurroni.
733 243 942 297 uisuntur.
1148 233 1207 297 ιιι

141 361 228 429 Idaeo
243 381 260 426 a
276 360 361 426 nobis
382 361 465 426 relut
479 362 632 448 praefandi
649 363 743 448 gratia
761 363 910 450 proposita
929 374 1015 442 snut,
1039 364 1134 449 quiin
1152 386 1214 429 mn·
1232 373 1356 442 cipvtt.

56 467 168 531 nimum
185 475 353 544 cemmen,
378 465 512 550 quodque
528 465 609 530 vires
629 476 747 544 nostras
760 487 796 530 ao
813 467 978 530 facultatem
995 466 1059 532 sine
1079 468 1136 532 nlla
1160 471 1213 533 du·

56 569 198 634 bitatione
222 578 359 654 superat,
391 567 426 632 ab
447 567 560 652 ingenti
583 579 651 648 tuo,
676 568 816 633 Ambrosi
839 569 885 633 vir
908 569 1112 650 sanctissime,
1141 591 1213 656 erga

57 673 158 736 literas
173 671 272 736 studio
288 670 426 734 concitati
445 668 569 750 luimus,
593 681 624 734 et
640 681 671 734 ut
686 671 716 734 in
731 671 800 735 illud
818 670 1064 736 descenderemus
1080 671 1212 738 humani·

58 785 113 838 tate
137 783 188 838 tna
209 795 243 838 ae
259 771 461 838 moderatione
484 773 624 860 perpulsi.
670 771 914 859 Quandoquidem
931 774 979 839 diu
999 795 1046 838 me
1064 787 1214 862 comperta

57 875 179 964 periculi
193 875 393 960 magnitudine
405 887 590 940 recusantem
605 897 664 940 non
678 877 765 942 modo
781 876 929 963 disputare
946 879 981 941 de
996 877 1090 942 saeris
1105 878 1212 960 literis,

58 982 106 1044 scd
132 989 166 1044 et
188 979 280 1043 multo
304 978 398 1063 magis
416 978 547 1044 scribere
568 1000 603 1044 oe
626 981 752 1066 posteris
771 980 938 1065 relinquere
964 980 1057 1044 modis
1078 981 1215 1045 omuibus

58 1094 144 1167 atque
168 1080 318 1146 illecebris
338 1081 500 1146 demulsisti
523 1081 606 1146 etad
632 1082 687 1147 boo
706 1083 874 1166 quibusdam
893 1083 1055 1148 divinitatis
1077 1105 1216 1169 progres-

58 1183 191 1250 sionibus
208 1183 368 1248 adduxisti.
415 1183 464 1248 Tu
483 1184 572 1269 igitur
588 1186 672 1250 testis
689 1185 759 1248 milti
775 1187 849 1272 apud
867 1186 952 1249 deum
971 1185 1049 1265 eris,
1074 1198 1134 1250 tum
1149 1209 1214 1250 oum

58 1289 91 1350 dc
110 1287 173 1350 rita
195 1307 261 1351 mea
278 1309 313 1350 ae
334 1286 452 1372 seriptis
473 1287 617 1372 inquiret,
642 1309 766 1373 quonam
791 1287 879 1351 animi
901 1288 1026 1352 oonsilio
1045 1289 1084 1352 sit
1106 1289 1174 1352 illud
1197 1309 1215 1354 a

58 1410 103 1454 me
131 1401 314 1477 susceptum.
368 1390 415 1453 Ao
446 1411 653 1476 nonnunquam
684 1391 800 1476 quidem
827 1391 985 1454 ueritatem
1016 1389 1213 1476 assequimur,

59 1514 267 1578 nonnunquam
287 1503 338 1556 ant
354 1491 513 1557 violentius
540 1493 771 1578 perrumpimus,
803 1487 854 1557 aut
876 1493 974 1558 dioere
999 1493 1106 1578 aliquid
1133 1495 1215 1559 vide·

59 1619 134 1660 mur.
187 1592 284 1659 Porro
309 1593 385 1679 quod
412 1593 553 1681 seriptum
580 1609 626 1660 est
654 1595 884 1680 vestigavimus,
920 1595 1045 1660 nonita
1072 1607 1104 1660 ut
1129 1618 1215 1682 prae·

60 1700 138 1764 elare
165 1699 236 1762 illud
264 1696 371 1760 dictum
399 1708 673 1776 contemneremus,
708 1703 776 1761 Cum
795 1703 901 1760 dedeo
922 1701 1011 1774 diceb,
1035 1703 1120 1761 odeo
1141 1703 1216 1762 ricdr'-

59 1808 152 1864 corr‘sr
176 1801 246 1864 item
266 1801 353 1880 illud,
383 1806 426 1863 Ile
444 1805 496 1864 deo
513 1806 597 1864 eldam
620 1823 687 1864 uera
710 1805 805 1864 dicere
825 1823 881 1864 nou
902 1806 1040 1864 mediocre
1056 1805 1216 1884 merendum

59 1919 109 1966 est.
154 1902 357 1988 Quamobrem
372 1925 438 1967 oum
455 1903 526 1966 nibil
543 1904 608 1968 sine
627 1905 684 1968 deo
700 1923 766 1968 esse
789 1905 882 1988 possit
899 1904 1061 1989 egregium,
1080 1926 1216 1991 praeser-

61 2009 171 2092 timque
194 2007 358 2072 divinarum
382 2005 531 2070 literarum
550 2006 763 2090 intelligentia,
789 2006 842 2070 abs
864 2017 893 2070 ιε
914 2007 1001 2072 etiarn
1025 2017 1112 2093 atque
1131 2007 1216 2072 etiam

61 2110 205 2195 petimus,
239 2121 270 2174 ut
293 2119 444 2196 parentem
469 2109 598 2172 omnium
625 2109 710 2172 deum
739 2131 791 2194 per
818 2111 997 2174 salvatorem
1023 2121 1157 2174 nostrum
1184 2131 1218 2174 ao

61 2211 227 2296 pontitioem
248 2211 379 2296 genitum
402 2213 486 2275 deum
511 2211 669 2280 obsecrare
692 2212 785 2294 velis,
810 2211 896 2296 idque
919 2213 954 2276 ab
973 2233 1009 2276 eo
1026 2213 1110 2276 nobis
1127 2213 1219 2298 impe-

62 2326 153 2394 trare,
175 2325 207 2378 ut
222 2313 355 2400 inprimis
374 2323 455 2377 reete
470 2334 614 2398 quaerere
631 2314 788 2400 possimus.
823 2310 1042 2396 Quaerentibus
1058 2315 1135 2378 enim
1152 2336 1219 2400 pro-

63 2416 157 2501 posita
173 2427 221 2480 est
235 2416 411 2501 assequendi
429 2417 595 2502 promissio.
643 2418 689 2480 Ae
711 2415 813 2480 nescio
833 2437 869 2480 an
892 2417 939 2502 qui
965 2417 999 2482 ad
1023 2416 1092 2480 illud
1114 2416 1162 2479 via
1185 2437 1220 2480 ao

62 2520 177 2583 ratione
201 2518 320 2583 minime
344 2519 524 2584 contendunt
546 2520 624 2584 inter
646 2518 765 2604 eosqui
790 2530 934 2603 quaerunt
951 2519 1026 2604 apud
1050 2519 1134 2582 deum
1158 2539 1217 2582 nou

64 2621 240 2686 habeantur.

402 2721 583 2775 HACTENUS
601 2723 759 2774 ottIGttNts
776 2723 894 2776 venun.

148 2825 306 2892 Adversus
325 2834 513 2910 arrogantem
534 2824 610 2889 bunc
633 2825 778 2890 hominem
799 2836 828 2889 et
847 2824 984 2910 opinione
1007 2826 1052 2889 sui
1074 2825 1219 2908 indutum,
1241 2835 1375 2906 cipvttt

64 2949 226 3014 eorumque
249 2948 324 3014 quoe
340 2926 512 3012 investigari
535 2939 700 3013 nequeunt,
725 2938 936 3009 scrutatorem,
961 2929 1008 3014 qui
1025 2929 1124 2994 coelos
1141 2930 1222 3016 ipsos

65 3041 308 3117 praetergressus
330 3041 394 3112 est,
418 3029 525 3116 quique
547 3029 731 3116 ineptissima
754 3031 930 3117 loquacitate
953 3032 1053 3096 orbem
1077 3042 1221 3099 terrarum

64 3133 210 3220 implerit,
234 3133 475 3218 quemadmodum
491 3133 580 3218 longe
593 3132 679 3196 nobis
695 3134 891 3219 praestantior
906 3134 981 3198 alius
995 3134 1025 3198 in
1041 3133 1121 3199 illurn
1136 3147 1224 3202 autea

65 3237 158 3315 dixit,
183 3237 279 3324 prima
298 3236 334 3300 de
358 3234 459 3320 genito
479 3236 534 3298 deo
557 3236 709 3300 tractanda
733 3237 889 3322 disputatio
913 3248 970 3300 est.
1016 3233 1050 3300 ln
1074 3257 1132 3322 quo
1154 3239 1224 3303 illud

68 3339 286 3404 observandum
304 3349 366 3418 est,
391 3337 617 3424 quamplurimas
631 3337 662 3402 in
684 3338 810 3406 bumana
832 3339 1043 3404 consuetudine
1060 3339 1224 3404 similitudi·

68 3463 119 3505 nes
138 3463 247 3506 roonm
265 3451 295 3506 ει
312 3441 517 3527 homonymias
534 3461 619 3520 etseq
642 3441 671 3504 id
687 3442 763 3526 quod
779 3442 930 3522 omnibus,
955 3443 1077 3528 opinor,
1103 3452 1149 3506 est
1163 3463 1224 3506 ma·

68 3543 219 3608 nilestum.
253 3543 302 3606 Ao
317 3541 343 3606 si
361 3543 397 3608 ab
413 3544 472 3608 alio
490 3543 624 3630 quopiam
640 3543 814 3608 vocabulum
830 3544 900 3608 illud
915 3555 1119 3631 usurparetur,
1142 3555 1224 3609 reetc
1310 3538 1315 3547 ’

69 3667 103 3708 ae
126 3647 246 3711 sineere
271 3646 368 3710 auimo
393 3647 610 3731 pronuntiatum
636 3667 702 3710 esse
727 3645 900 3710 existimare
925 3667 1089 3732 possemus.
1134 3643 1224 3710 Nunc

72 3769 134 3812 cunr
151 3749 181 3814 in
199 3749 267 3814 aliis
288 3749 435 3834 plerisque
457 3747 530 3812 loeis
548 3747 799 3834 deprehendamus
821 3749 1002 3834 unigenitum
1026 3751 1111 3814 deum
1133 3769 1152 3812 a
1174 3769 1224 3834 pa-

72 3860 153 3916 terna
168 3851 323 3916 divinitate
339 3861 426 3934 atque
438 3850 601 3914 substantia
616 3851 652 3914 ab
668 3852 770 3916 eodem
785 3863 904 3916 auetore
920 3849 1084 3937 segregari,
1108 3871 1224 3915 necnon

71 3962 100 4015 et
120 3955 253 4038 spiritum
276 3963 428 4032 sanetum,
452 3964 607 4040 propterea
623 3948 758 4036 γενητὸν,
786 3953 842 4018 boc
862 3966 908 4018 est
931 3956 1101 4042 productum
1124 3955 1222 4033 deum,
1308 3989 1315 4001 ·

72 4054 180 4121 ideireo
197 4054 310 4121 dixisse
329 4055 409 4120 illum
430 4067 568 4141 apparet,
592 4055 668 4140 quod
688 4066 819 4120 creatum
841 4066 996 4122 statueret.
1041 4053 1128 4139 Quod
1146 4057 1223 4121 enim

72 4281 197 4344 moluisse
214 4281 260 4330 eidi
275 4281 338 4331 testis
350 4282 395 4342 sil,
412 4280 475 4342 qued
489 4281 515 4330 lar
527 4281 584 4344 lpse
596 4280 634 4330 irr-
702 4277 760 4328 Gur.
770 4278 836 4331 vttt.
853 4303 888 4318 ··-
924 4279 945 4331 l.
962 4279 989 4330 ln
1004 4282 1112 4343 morqlrre
1126 4281 1227 4343 esempll

73 4353 231 4412 ισγεειειιοεε
247 4351 283 4398 lto
297 4361 395 4410 peceare
409 4351 491 4410 poton
667 4349 797 4400 Sebottloru'
817 4351 955 4400 ementem
974 4349 1066 4398 invento
1084 4351 1227 4412 serium

105 4415 129 4468 t.
147 4412 260 4482 αἰτήσῃς
276 4418 329 4466 edit
344 4417 421 4478 princ.
667 4413 851 4483 δεκηειεεφεν,
870 4420 895 4465 ot
910 4419 986 4468 neseio
1002 4417 1073 4470 unde.

106 4486 118 4515 ⁸
135 4479 177 4538 ἀπ’
195 4486 249 4536 eod.
265 4485 362 4547 eredr'p.
701 4485 725 4536 ⁶2.
744 4485 817 4549 Valeo
833 4481 871 4538 cd.

127 4563 439 4624 communicassent
983 4575 1021 4638 16
