3176 4930
362 233 497 298 rinnon
515 235 577 298 nm.
588 213 623 297 n.
638 239 719 298 rom.
734 248 755 298 1.
772 245 870 298 naun.
885 245 978 298 cxiv.
1186 233 1248 300 323

95 365 212 427 modum
231 363 375 428 orationis
390 366 543 429 excedam.
590 365 655 432 Hoc
669 368 725 432 iarn
744 369 821 430 enim
840 367 946 430 intueri
968 367 1100 450 potestis,
1125 367 1247 448 indices,

97 466 170 530 baec
187 467 312 552 apostoli
329 469 438 532 verba:
462 473 526 549 Ego
542 473 664 532 vivebam
681 476 742 532 stae
756 473 818 550 Iege
831 473 993 550 nlr'paoadn,
1019 489 1059 532 ex
1077 469 1198 555 epistola
1215 473 1249 534 ad

95 567 265 650 Romanos,
290 591 471 656 nequaqnam
488 573 523 636 ad
542 593 606 636 cnm
625 573 702 637 vitae
718 573 862 636 rationem
881 593 968 657 posse
986 573 1146 636 cortvrnirc
1164 595 1249 657 qttnnr

95 683 163 736 ante
186 693 292 758 corpus
312 674 409 737 anirnn
433 687 591 738 consecuta
610 675 715 755 suerit,
740 687 770 739 ut
789 696 829 738 ex
847 673 1093 758 corrsequentibus
1116 689 1248 760 apparet.

94 772 228 838 Tametsi
245 777 383 860 egregins
400 777 449 839 itte
471 778 602 841 medicus
620 795 774 841 sacrorum
792 777 950 844 verborum
970 775 1109 840 detractis
1132 777 1251 860 reliquis

94 877 219 962 apostoli
241 889 369 942 mentem
390 880 426 942 ad
444 878 609 964 opinionem
631 901 713 944 suam
731 880 877 944 viotenter
894 881 1058 942 transferre
1081 881 1249 943 contendat.

94 974 128 1042 ln
144 1002 202 1064 quo
219 1003 318 1066 parurn
339 983 469 1061 medice,
492 983 640 1046 imovero
657 983 824 1068 pueriliter,
848 1003 916 1046 sese
931 983 1037 1066 gessit.
1083 979 1158 1046 Cum
1174 983 1252 1045 enim

93 1083 138 1146 sic
159 1093 294 1168 tauquam
312 1105 467 1170 corporum
487 1085 617 1148 membra
635 1087 669 1162 nd
687 1085 833 1171 propriam
850 1087 1071 1150 commissuram
1088 1106 1122 1148 nc
1139 1084 1253 1148 iunctu-

92 1207 157 1248 ram
174 1189 397 1251 accommodare
415 1188 560 1265 debuerit,
584 1197 616 1251 ut
630 1186 747 1270 integra
764 1208 798 1250 ac
814 1189 912 1252 rtativa
931 1186 1063 1272 eorporis
1080 1187 1170 1270 bgurn
1189 1206 1253 1249 scr·

96 1301 200 1366 vetur,
225 1309 241 1352 e
262 1289 411 1353 contrario
427 1288 590 1374 scripturae
608 1291 741 1374 neglecta
759 1288 836 1353 serie
859 1290 990 1353 mutilum
1014 1309 1120 1374 corpus
1143 1289 1251 1369 effecit,

92 1391 216 1476 perinde
234 1413 269 1454 ac
286 1389 396 1477 Scytha
418 1392 524 1455 hostile
546 1412 652 1477 eorpus
675 1392 833 1455 crudeliter
853 1393 1031 1472 conficiens,
1055 1391 1252 1455 membratim·

91 1514 150 1578 quc
178 1495 348 1558 concidens.
400 1492 460 1558 Sed
485 1495 557 1558 baec
580 1495 669 1559 missa
694 1494 846 1558 suciamus.
897 1495 1016 1558 Atenim
1041 1491 1155 1572 dicent,
1189 1491 1253 1558 Cur

92 1597 168 1658 haec
192 1596 228 1659 ab
247 1597 380 1681 apostolo
398 1597 584 1682 pronuntiata
602 1607 687 1674 sunt,
712 1597 736 1659 si
755 1597 838 1658 tund
861 1617 926 1659 eum
949 1599 1064 1660 modum
1090 1597 1197 1659 bubere
1219 1615 1253 1659 se

91 1698 152 1761 ista
176 1698 352 1782 negaveris?
395 1697 575 1785 Respondec
602 1721 654 1784 pro
678 1710 834 1784 praecepto
857 1698 951 1781 legem
978 1699 1056 1761 iltnm
1080 1719 1251 1784 usurpasse.

90 1785 193 1864 Detur
216 1802 293 1864 enirn
317 1802 373 1865 boc
393 1803 522 1888 opinioni
549 1800 672 1887 primum
698 1812 834 1880 vestrae,
859 1813 1045 1886 praecepium
1064 1801 1100 1864 ab
1120 1801 1253 1885 apostolo

91 1903 191 1987 legem
220 1903 371 1988 appellari.
415 1903 485 1968 Non
507 1905 617 1968 idcirco
641 1913 738 1967 tannen
760 1904 893 1989 corporis
917 1913 1056 1988 expertes
1080 1914 1149 1967 ante
1171 1897 1254 1988 prai-

91 2017 210 2091 ceptum
227 2007 336 2092 primos
353 2018 489 2092 parentes
504 2009 596 2070 tuisse
613 2006 727 2086 statuit,
746 2008 798 2069 scd
813 2007 958 2069 immunes
975 2025 991 2068 a
1009 2018 1142 2091 peccato.
1178 2004 1254 2070 Bre-

91 2129 131 2173 ve
150 2109 229 2172 enirn
245 2107 315 2172 illud
339 2120 451 2194 tempus
475 2111 528 2172 tuit
547 2110 623 2194 quod
640 2109 718 2172 inter
737 2109 852 2172 iliorum
870 2109 1049 2172 creationem
1075 2121 1161 2194 atque
1185 2110 1255 2172 editi

91 2211 247 2297 praecepti
265 2221 378 2296 tempus
396 2211 582 2289 intercessit,
608 2211 713 2296 inquo
735 2211 799 2274 sine
825 2222 944 2296 peccato
966 2211 1059 2290 vixit,
1084 2232 1142 2274 non
1166 2222 1255 2274 extra

92 2317 106 2399 ιζ
122 2334 243 2398 corpus,
261 2314 311 2376 sed
325 2335 389 2378 cum
406 2333 542 2399 corporo.
568 2309 675 2377 Statim
690 2313 779 2398 igitur
794 2325 860 2398 post
874 2323 1059 2398 praeceptum
1072 2324 1139 2376 suut
1153 2312 1251 2392 eiecti,

90 2437 130 2480 ao
147 2415 295 2500 perbreve
321 2426 434 2502 tempus
457 2417 610 2480 iuventute
632 2435 684 2478 sun
706 2415 736 2478 in
755 2412 899 2479 Paradiso
914 2417 993 2478 fruiti
1011 2426 1092 2480 snut.
1139 2413 1172 2479 si
1189 2417 1253 2500 quis

90 2529 196 2581 antem
211 2517 318 2580 dictum
338 2518 483 2604 arripiens
498 2517 579 2598 ittud,
606 2522 674 2580 Cura
688 2523 760 2580 carin
775 2522 804 2580 in
820 2539 1052 2595 concessemus,
1072 2531 1254 2600 peccatoram
1268 2531 1335 2580 noro.
1345 2532 1366 2592 t,
1377 2532 1398 2578 o.

85 2641 147 2702 per
157 2623 248 2700 legem
260 2625 408 2701 passiones
422 2621 556 2700 uigebant
567 2625 596 2682 r'n
611 2622 731 2682 artubus
744 2624 860 2694 nostris,
880 2641 1021 2684 accusare
1038 2641 1156 2686 carnem
1174 2621 1254 2686 ilium

90 2735 124 2786 et
143 2721 361 2807 reprehendere
378 2721 551 2802 arbitratur,
577 2745 632 2807 age
649 2724 806 2808 proferatis
824 2743 1023 2808 quaecumque
1042 2724 1070 2786 id
1087 2745 1181 2808 genus
1197 2725 1255 2788 otia

90 2836 165 2888 sunt
182 2825 275 2904 dicta,
301 2827 402 2908 quale,
431 2827 466 2886 m
484 2829 647 2906 iusastmnn
665 2829 737 2906 legis
758 2829 944 2906 compleretur
961 2829 1103 2902 citandis,
1129 2831 1181 2910 qui
1199 2847 1255 2889 non
1270 2839 1336 2886 noo
1351 2841 1372 2899 tt,
1384 2843 1406 2888 t.

90 2929 254 2990 carnaliter
266 2931 430 3002 mordemus,
451 2931 503 2989 sed
514 2931 695 3008 spatiatum,
717 2927 764 2991 vel
777 2929 860 3008 ittun,
876 2931 949 2990 Num
966 2933 1019 3010 qui
1030 2933 1161 2990 carnales
1173 2941 1251 3004 sant,

90 3053 142 3092 res
157 3033 257 3091 eornr's
270 3034 406 3104 sennem,
431 3035 484 3112 prn'
494 3043 585 3092 nutem
598 3033 753 3111 spiritales,
778 3053 825 3093 res
837 3035 972 3112 spiritum
996 3037 1092 3094 earnis
1105 3037 1177 3094 eratin
1190 3055 1254 3095 sen·

88 3153 145 3194 sus
160 3153 237 3194 mors
252 3145 305 3207 est,
329 3137 449 3213 sprm'tus
466 3155 531 3194 uero
550 3137 608 3194 nitu
623 3145 653 3194 et
663 3155 741 3214 pror:
766 3137 866 3215 quippe
880 3138 975 3195 earnis
989 3138 1127 3214 supientia
1142 3139 1256 3198 ritriniru

90 3239 164 3310 deo,·
190 3238 253 3316 legi
266 3239 338 3296 enirn
355 3239 403 3297 dei
419 3258 474 3298 aon
489 3236 640 3310 subicitur,
664 3257 720 3297 non
743 3241 813 3297 enain
834 3247 943 3317 potest:
967 3259 1016 3298 nus
1032 3259 1097 3299 uero
1112 3260 1168 3299 aon
1187 3243 1255 3299 estrb

91 3344 242 3412 circatae,
266 3343 318 3400 sed
330 3342 359 3400 in
374 3342 488 3420 spiritu.
536 3333 699 3401 Dicendum
716 3337 775 3416 itti,
799 3337 878 3402 Num
898 3337 988 3423 igitur
1007 3340 1062 3402 inm
1086 3341 1256 3404 decesserat

91 3441 249 3526 apostotus
266 3441 301 3503 de
319 3439 396 3518 vita,
421 3439 491 3503 etii
510 3440 614 3525 quibus
632 3440 705 3503 baec
722 3441 895 3518 mandabat,
919 3441 944 3504 si
964 3463 1022 3505 non
1040 3443 1158 3505 carnote
1178 3463 1255 3504 nnnc

92 3545 175 3607 ritae
192 3563 286 3626 genus
306 3541 549 3628 reprehenderet,
573 3543 625 3606 sed
642 3563 772 3622 carnem,
796 3555 847 3606 ant
861 3543 890 3606 in
909 3565 998 3606 carne
1017 3543 1109 3608 tuisse
1124 3545 1252 3628 quidem,

92 3645 149 3710 sed
168 3655 255 3708 extra
274 3665 391 3708 carnem
409 3645 647 3709 commendasse
666 3644 757 3708 brace?
793 3641 863 3710 Non
881 3657 927 3710 est
944 3647 1110 3710 dicendum.
1155 3647 1254 3729 Appa-

92 3759 142 3814 ret
167 3748 247 3812 enim
269 3746 300 3810 in
324 3769 414 3811 carue
440 3749 531 3812 tuisse
556 3757 614 3810 tam
635 3747 729 3833 ipsum
751 3769 837 3832 qnam
861 3748 965 3833 quibus
991 3749 1063 3812 baec
1087 3748 1251 3810 mandabat.

94 3851 257 3936 Quomodo
276 3849 384 3933 igitur,
409 3855 477 3912 Cum
493 3856 565 3913 ear'm
585 3871 707 3912 mennas
723 3856 752 3914 rit
769 3873 869 3926 earne,
890 3865 1071 3932 peecatorum
1089 3871 1144 3932 per
1165 3853 1253 3932 legem

90 3959 243 4036 passr'ones
257 3956 390 4034 na'gebunt
400 3959 430 4017 in
446 3955 565 4016 ortubus
576 3959 693 4028 nostres,
715 3953 837 4032 diceret,
857 3955 882 4016 si
898 3974 953 4017 nec
969 3954 1032 4037 ipse
1049 3955 1105 4016 iam
1121 3973 1175 4015 neo
1191 3952 1254 4036 qni·

94 4059 151 4122 bos
173 4057 249 4130 haec
271 4058 427 4122 mandabat
449 4059 586 4122 incarne
605 4056 749 4120 tuissent?
791 4053 894 4140 ltaque
918 4057 954 4119 de
979 4056 1121 4121 dissoluto
1143 4075 1253 4140 genere

96 4295 186 4345 mpure,
205 4283 231 4330 in
245 4281 313 4332 editta
328 4283 408 4343 turta,
433 4285 468 4330 uti
484 4285 555 4332 etium
569 4283 594 4330 tn
609 4281 661 4330 rod.
728 4279 753 4330 5.
771 4275 844 4330 dorni
861 4281 914 4328 eod.
926 4293 969 4329 ma.

95 4351 214 4414 ΜΨ,
232 4351 319 4400 menno
334 4351 474 4412 conspicitur
489 4353 547 4400 rotis
562 4363 663 4412 muare,
726 4343 753 4398 6.
769 4339 920 4427 emancipare
936 4348 987 4398 cod.
1001 4361 1045 4398 mr.
1061 4343 1108 4410 {eri
1122 4349 1212 4410 ubique

96 4433 171 4482 mom
187 4419 281 4480 expleat
297 4431 341 4479 ope
358 4419 410 4468 cod.
423 4419 508 4469 Venett
728 4414 753 4468 t.
781 4417 838 4466 Voce
863 4411 927 4466 attat
952 4417 976 4464 tn
1001 4415 1052 4466 cod.
1075 4417 1157 4468 Veneto
1180 4417 1253 4478 tactp.

132 4485 156 4539 t.
174 4481 200 4553 γ’
216 4473 260 4538 odo
277 4487 329 4536 eod
346 4500 389 4537 nu.
695 4485 735 4547 fot.
753 4481 811 4537 stu.
828 4499 850 4534 r.

975 4565 1052 4636 21*
