3128 4930
361 179 495 230 PANARH
513 181 575 230 Lttt.
590 182 622 230 tt.
641 179 722 232 ΤΟΜ.
737 179 756 228 Ι.
774 179 871 230 fleon.
885 179 937 229 LV.
1165 169 1223 230 135

82 295 163 378 Quod
183 297 219 360 ad
235 295 331 362 Etiam
350 297 471 378 attinet,
496 297 638 362 eiusmodi
655 295 733 362 iltius
750 309 872 364 stemma
889 319 924 360 ac
937 300 1101 384 prosapiam
1118 298 1229 384 reperi·

79 420 145 476 mus,
173 419 258 482 quam
275 399 378 462 ordine
397 399 472 462 horno
487 399 516 462 in
534 401 648 465 modum
667 421 839 484 percenseo.
886 397 953 462 Fuit
972 399 1054 466 Elias
1067 399 1226 466 Thesbiten

80 497 177 564 iudane
201 500 365 568 sacerdotis
394 503 503 580 irater,
534 503 711 588 proindeque
742 523 781 566 cx
809 503 985 568 sacerdotali
1013 503 1121 587 stirpe,
1150 503 1225 568 titios

79 603 269 681 Aehimaami,
295 603 504 668 Acirimanmus
523 603 648 682 Sadosi,
673 601 807 670 Sadocus
826 604 981 681 Achito'tu,
1007 603 1053 667 hic
1069 605 1223 684 Ameriae,

78 705 206 768 Amorion
221 703 359 783 Moriac,
384 703 497 770 Morios
514 703 632 784 Zauae,
656 707 712 770 iste
731 705 842 784 Asiae,
867 705 960 770 Acies
981 704 1133 786 Phineesi,
1155 705 1225 771 Pti-

79 827 176 870 neesos
192 805 350 884 otmari,
375 807 421 870 hio
439 807 569 872 Aarouis
584 810 765 886 sacerdotis,
791 809 892 872 Aaron
910 809 1060 886 Amrami‚
1084 809 1130 872 hic
1148 805 1225 872 Coa-

79 908 126 984 thi,
151 905 285 972 Canthus
303 907 398 988 Levi,
423 910 470 994 qui
489 911 593 974 tertius
613 909 709 974 iacobi
735 911 812 974 iiiios
831 912 895 974 tutu.
941 911 983 974 Αι
1003 907 1126 975 lacobus
1142 908 1224 978 Esau

79 1013 178 1087 trater,
203 1009 299 1075 isaaci
320 1013 413 1090 tilius,
443 1010 563 1076 isaacus
581 1013 752 1076 Abrahami.
798 1015 841 1076 Αι
864 1034 934 1076 vero
961 1012 991 1074 in
1016 1013 1108 1076 sostris
1130 1011 1224 1076 literis

78 1135 124 1174 oon
144 1113 266 1175 omniuo
285 1116 437 1198 perspicue
459 1116 580 1178 istorum
605 1115 734 1198 origines
757 1113 940 1192 indicantum
972 1113 1028 1178 nisi
1051 1116 1126 1178 torte
1148 1115 1223 1198 quod

77 1215 99 1276 in
120 1215 204 1278 libris
220 1213 466 1299 Paralipomenon
489 1217 628 1280 nonnulla
647 1237 722 1300 quiae
744 1217 778 1278 ad
804 1213 897 1280 Etiam
920 1215 1068 1300 pertinent
1090 1237 1222 1300 compre·

77 1317 158 1380 hensa
175 1329 258 1382 suut.
305 1314 390 1400 Quod
412 1330 509 1382 antem
529 1320 564 1382 ad
587 1331 647 1382 tres
672 1340 777 1404 pucros
796 1329 909 1404 spectat
927 1314 1070 1392 Sidrach,
1093 1314 1221 1394 Misech,

77 1430 100 1480 rt
115 1419 295 1503 dbdenago,
319 1420 389 1482 oihit
408 1422 443 1482 de
460 1420 496 1482 iis
514 1441 609 1504 tueque
631 1423 660 1484 in
682 1420 874 1506 apocryphis,
900 1417 1041 1502 usquein
1061 1419 1223 1482 traditioni·

76 1521 120 1584 hos
138 1521 320 1586 invenimus.
367 1519 512 1605 Quidnam
533 1544 604 1606 crgo
625 1523 774 1586 dicemus?
818 1523 864 1584 Au
884 1531 913 1584 et
932 1520 972 1582 itti
991 1531 1051 1582 tros
1071 1521 1151 1605 pueri
1169 1543 1223 1584 nos

77 1625 100 1684 in
114 1644 180 1686 eum
199 1645 332 1688 errorem
351 1625 526 1700 comiciam,
552 1636 583 1688 ut
601 1626 675 1709 quod
694 1627 778 1688 netas
797 1634 843 1686 est
859 1624 895 1685 dc
914 1623 971 1686 iilis
990 1621 1169 1706 cogitemus,
1194 1634 1223 1688 et

77 1745 301 1809 unamquamque
317 1747 378 1790 rem
393 1747 480 1809 supra
497 1748 580 1810 quam
598 1747 648 1810 par
663 1735 753 1790 estet
768 1724 927 1810 impensius
944 1723 1140 1796 admiremur?
1161 1725 1223 1788 Ab·

77 1831 107 1890 sit
125 1838 155 1890 ot
175 1829 202 1890 id
222 1849 348 1912 unquam
368 1829 397 1890 iu
415 1826 542 1890 ausimum
560 1827 743 1892 inducamus.
781 1826 859 1890 Nam
874 1838 904 1890 et
920 1827 1035 1890 termini
1053 1827 1223 1911 praescripti

75 1930 150 1992 nobis
171 1941 253 2006 suot,
278 1941 308 1992 ct
326 1931 511 1994 formamenta
533 1930 638 2016 pnsita,
663 1940 693 1993 et
710 1930 775 1992 fidei
794 1940 952 2007 structura,
976 1940 1006 1992 et
1023 1929 1221 2014 apostotorum

77 2031 262 2110 traditiones,
288 2043 317 2094 et
334 2051 437 2094 sacrae
456 2032 577 2108 literae,
603 2041 632 2093 et
648 2031 785 2096 coelestis
808 2031 957 2096 doctrinae
977 2043 1134 2118 propagata
1156 2053 1222 2098 suo-

75 2135 183 2212 crssio,
217 2157 253 2196 ac
279 2134 402 2217 denique
428 2133 527 2196 diuina
552 2134 663 2198 veritas
687 2155 727 2196 ex
751 2133 828 2196 omni
855 2144 937 2218 parte
963 2133 1072 2197 monita
1098 2145 1162 2212 est,
1193 2146 1222 2198 et

76 2237 239 2300 constituta.
286 2235 415 2300 Proinde
444 2253 529 2298 tremo
554 2256 587 2298 se
612 2235 750 2300 inanitus
775 2234 880 2300 tabulis
906 2236 934 2298 in
961 2255 1092 2300 errorem
1119 2237 1221 2300 abduci

74 2340 206 2420 patiatur.

152 2441 259 2504 Redeo
285 2441 341 2504 iam
362 2440 396 2502 ad
422 2440 450 2502 id
475 2441 550 2524 quod
570 2440 638 2504 mihi
663 2461 888 2525 proposueram,
913 2439 1121 2516 eurinome,
1146 2461 1221 2524 quae
1237 2452 1296 2520 Cap.
1313 2455 1353 2502 tv.

76 2543 105 2602 te
121 2539 342 2606 Melchisedeco
359 2541 539 2627 ineptissime
559 2543 738 2626 confingunt.
784 2539 853 2606 Fuit
870 2542 947 2606 enim
971 2542 1064 2606 iustus
1088 2541 1137 2606 itte
1159 2541 1222 2627 qui-

75 2645 130 2708 dem
147 2667 182 2708 ac
206 2647 251 2708 dei
270 2645 411 2708 sacerdos
433 2655 463 2707 et
482 2666 535 2706 rex
552 2643 671 2721 Salem,
695 2645 857 2728 sedesque
883 2647 912 2708 iu
930 2645 1013 2708 coelo
1034 2645 1105 2722 tou,
1130 2665 1184 2708 neo
1206 2665 1223 2708 e

75 2749 148 2810 corto
166 2748 334 2810 descendit.
379 2751 468 2808 Nemo
483 2751 555 2808 enain
572 2751 699 2808 ascendit
714 2751 743 2808 in
759 2751 876 2820 coeluum,
900 2752 960 2808 πίει·
971 2752 1023 2828 poi
1034 2752 1069 2809 de
1084 2750 1160 2810 coelo
1175 2753 1374 2820 cde-tommano

73 2855 190 2924 scendet,
214 2853 298 2930 filios
315 2849 516 2922 hominus„ait
532 2850 733 2912 seriosissimus
755 2847 985 2932 verissimosque
1005 2849 1075 2912 deus
1097 2849 1174 2912 idem
1194 2843 1230 2912 et'

75 2953 203 3016 uerbum.
255 2949 337 3014 iilum
364 2970 437 3012 vero
462 2947 686 3014 Melchisedecis
714 2949 845 3013 ordinem
873 2973 937 3014 cum
967 2951 1111 3035 scriptura
1138 2971 1223 3016 sacra

75 3057 225 3116 confirmat
253 3075 288 3116 ac
315 3062 435 3116 sanctus
463 3051 582 3136 spiritus
611 3051 761 3136 expressis
787 3053 884 3114 vorbis
910 3054 1034 3131 asserit,
1067 3053 1222 3116 sacerdotii

76 3157 295 3218 translationem
315 3153 459 3233 ostendit,
483 3156 557 3238 quod
584 3153 620 3216 ab
640 3166 742 3218 vetere
763 3175 913 3240 synagoga
935 3156 1049 3238 rituque
1072 3156 1222 3240 egregium

74 3278 99 3316 ae
111 3257 399 3340 praestantissimum
416 3257 445 3320 in
463 3257 568 3334 ritum,
593 3277 687 3340 neque
707 3255 815 3320 castrati
833 3258 1022 3320 successione
1043 3257 1221 3336 devinctum,

75 3373 164 3440 postea
181 3358 317 3422 transiit.
364 3356 481 3422 Etenim
500 3368 619 3426 sanctus
635 3359 683 3421 itte
701 3355 899 3422 Melchisedec
915 3360 1023 3422 nultum
1047 3379 1141 3442 neque
1159 3368 1224 3442 post

74 3483 99 3522 se
114 3482 325 3526 successorem
345 3459 460 3539 habuit,
485 3483 539 3524 nec
562 3451 589 3524 ei
613 3461 808 3524 sacerdotium
828 3473 873 3524 est
890 3461 1079 3544 abrogatum,
1103 3460 1154 3523 sed
1175 3479 1223 3532 sa-

75 3567 168 3628 rerdns
186 3576 253 3628 toto
270 3565 349 3627 vitoe
367 3585 438 3627 suae
455 3574 584 3648 tempore
604 3563 722 3626 mansit.
768 3560 869 3644 Quare
889 3563 982 3626 adhuc
1000 3564 1029 3627 in
1047 3561 1140 3626 saeris
1159 3559 1222 3622 tite·

74 3665 107 3728 ris
126 3670 237 3730 eadem
259 3666 417 3730 sacerdotii
436 3666 576 3750 dignitate
597 3665 777 3743 celebratur,
802 3686 867 3728 oum
886 3687 971 3728 nomn
988 3666 1014 3728 ei
1032 3661 1220 3741 successerit,

74 3780 114 3832 aot
129 3770 212 3834 ittam
231 3767 389 3834 sacerdotii
408 3769 597 3848 functionem,
620 3789 705 3852 quam
721 3789 774 3831 suo
788 3778 919 3852 tempore
938 3777 1041 3830 nactus
1057 3774 1114 3842 cst,
1138 3784 1222 3828 ever·

75 3875 142 3935 terit.
192 3871 312 3936 Eodem
330 3872 414 3956 piane
433 3873 519 3935 modo
539 3855 671 3935 dominus
687 3878 788 3934 noster
804 3891 862 3933 non
883 3872 976 3933 nudus
994 3869 1092 3946 homo,
1116 3867 1222 3930 sedeur

76 3975 120 4038 deo
137 3977 214 4040 deus
237 3974 359 4037 verbum
381 3973 484 4058 deique
505 3973 597 4052 filios,
628 3973 663 4036 ab
687 3973 789 4036 eodem
813 3973 892 4036 nutlo
915 3970 997 4033 initio
1020 3979 1070 4036 aut
1091 3979 1220 4052 tempore

75 4081 200 4156 genitus,
230 4077 280 4160 qui
297 4085 342 4140 est
360 4087 520 4161 compatre
539 4086 697 4160 perpetuo,
721 4073 771 4136 sod
788 4075 873 4138 homo
891 4083 987 4136 temen
1005 4072 1041 4135 de
1056 4069 1153 4136 Maria
1169 4092 1221 4134 oo·

76 4190 126 4240 stra
140 4201 256 4244 caussa
273 4180 366 4241 iaottts
383 4191 440 4257 est,
465 4200 518 4241 nec
536 4199 576 4241 ox
591 4177 668 4240 uirili
686 4177 797 4240 sentino
815 4185 995 4260 procreatus.
1032 4171 1089 4258 Qui
1106 4171 1221 4258 quidem

104 4353 125 4399 ·.·.
141 4343 160 4416 ip*
177 4359 205 4402 ut
221 4352 358 4400 ascerum
372 4355 483 4400 sententio
498 4352 632 4412 portotoot't.
702 4351 726 4400 3.
744 4351 837 4410 Reperio
854 4340 938 4400 αὐτόν.

79 4421 222 4472 &edantur
242 4424 322 4468 amam
339 4421 365 4468 tn
382 4420 446 4468 tttm's
462 4421 574 4470 omntotm
