3168 4926
394 194 532 249 Phlldllll
547 193 612 247 Llll.
624 193 656 246 11.
673 193 756 248 TObl.
770 193 789 246 l.
806 191 906 250 nuth.
920 193 962 246 [Ι.
1216 179 1256 244 'lb

99 325 289 382 munsturet.
336 313 408 380 Non
428 315 505 380 enim
524 325 647 402 repente
665 323 731 401 post
749 313 922 401 baptismum
942 315 977 380 ad
995 311 1136 382 loannem
1155 329 1258 378 acees-

98 419 156 500 sit,
180 421 231 483 sed
249 419 375 506 primum
393 419 423 482 in
441 415 619 498 Galilaeem,
642 419 711 482 iude
727 418 762 482 ad
781 415 954 498 lurdaoem,
985 417 1040 482 hoc
1058 428 1103 482 est
1120 417 1155 480 ad
1171 413 1258 478 loon·

100 541 183 602 nem,
206 522 354 608 perrexit.
400 518 485 602 llnde
501 521 592 600 dixit,
615 526 670 584 lire
684 533 727 584 eat
738 541 817 604 quem
831 522 994 582 dnhc'nobr'r.
1041 519 1088 584 Ad
1104 520 1176 583 haec
1190 539 1257 582 oum

101 625 285 710 evangelium
305 626 344 688 itn
363 634 480 688 narrata
512 627 555 686 lit
569 628 754 688 manen
769 625 918 704 petunt
931 627 1069 698 Ioorrner,
1099 626 1166 705 puoh
1184 625 1253 696 new,

100 728 247 814 aliquanto
269 728 298 792 id
322 737 390 792 ante
413 737 544 814 tempure
567 726 727 812 contigisse
749 725 890 790 declarat.

181 930 258 998 Post
280 933 353 998 haec
375 933 540 998 vocationis
560 929 643 998 Petri
664 943 751 1017 atque
771 931 911 996 Andreae
932 929 1046 996 initium
1068 929 1255 996 describitur.
1274 935 1411 1004 tapxtv.

101 1035 145 1100 Ad
162 1031 316 1100 Christum
335 1035 413 1099 enim
433 1033 568 1100 Andreas
584 1033 672 1113 adiit,
704 1055 779 1098 ortus
797 1057 837 1098 ex
854 1033 995 1099 ambobus
1013 1033 1061 1117 qui
1080 1051 1145 1096 eum
1161 1031 1257 1098 secuti

100 1151 182 1218 sunt,
215 1137 327 1223 quique
343 1135 463 1202 loannis
482 1147 567 1201 erunt
584 1137 717 1223 discipuli
740 1148 771 1201 et
786 1137 879 1202 adhuc
901 1137 930 1201 in
949 1136 1083 1202 Galilaea
1101 1134 1257 1198 manebant

100 1261 132 1304 ae
152 1237 259 1304 loanni
282 1240 398 1304 interim
426 1261 546 1326 operam
570 1239 689 1304 dabant.
735 1238 849 1304 Deinde
871 1251 1021 1326 postquam
1045 1239 1095 1304 ille
1120 1235 1166 1300 dic
1190 1257 1256 1302 cnm

101 1337 219 1406 Christo
237 1353 369 1406 moratus
385 1353 432 1407 est
447 1343 600 1422 Andreas,
624 1364 659 1406 ac
673 1342 731 1406 iam
748 1341 819 1406 hura
835 1342 946 1408 decima
964 1353 1062 1421 esset,
1089 1342 1164 1406 lorte
1179 1339 1256 1403 acci-

101 1445 138 1508 dit
155 1456 188 1508 nt
206 1445 310 1508 eadem
329 1443 378 1508 die
395 1444 425 1508 iu
444 1441 595 1510 Simonem
614 1447 734 1509 lustrem
751 1445 909 1525 incideret,
944 1435 1035 1530 eaque
1053 1441 1164 1508 diceret
1181 1461 1256 1527 quae

99 1549 182 1634 paulo
198 1557 270 1612 anm
287 1547 598 1626 commemoravimus,
621 1552 695 1628 (imin
713 1553 867 1612 invenimus
883 1551 1032 1623 Messalam,
1057 1547 1158 1632 sieque
1175 1545 1256 1610 illum

99 1651 133 1714 ad
146 1647 300 1716 Christum
316 1652 507 1736 perduceret,
531 1661 590 1714 ete.
634 1648 745 1716 Secuta
760 1663 828 1716 sont
842 1651 891 1715 illa
907 1650 1063 1739 deinceps,
1087 1661 1117 1713 ut
1134 1649 1161 1712 ei
1178 1650 1257 1714 dice-

98 1763 160 1833 ret,
187 1759 231 1816 lia
247 1755 392 1816 monet
409 1755 526 1835 cepta.
573 1757 607 1815 In
625 1757 781 1816 moschum
794 1757 899 1828 uoluit,
924 1751 1035 1836 inquil,
1058 1757 1138 1816 eche
1152 1755 1183 1814 r'n
1201 1755 1256 1814 Go-

97 1859 225 1931 lr'laeanr,
256 1869 289 1918 et
306 1860 413 1918 inuenit
426 1857 600 1938 Philippum,
631 1868 661 1918 et
679 1859 751 1918 dun
768 1861 907 1932 er'lesae,
942 1860 1067 1938 Sequere
1084 1877 1136 1918 one.
1182 1857 1260 1916 Erat

95 1971 188 2022 man
202 1963 384 2041 Pdilr'ppuso
401 1961 564 2033 Bethsaa'rln,
589 1961 702 2020 erbr'tote
717 1964 852 2022 Androne
865 1970 896 2022 et
907 1963 995 2022 Petri.
1042 1956 1136 2023 Vides
1155 1977 1255 2042 quem·

95 2062 252 2126 admodum
274 2060 460 2148 cogitandum
483 2061 567 2125 nohis
587 2061 655 2126 illud
675 2061 838 2146 relinquat,
871 2080 909 2128 es
929 2062 1042 2126 duobus
1059 2062 1116 2124 illis
1138 2057 1256 2124 loannis

95 2163 248 2250 discipulis
264 2163 313 2249 qui
332 2159 484 2228 Christum
501 2165 595 2228 secuti
613 2173 698 2244 suunt,
723 2185 846 2249 quorum
863 2165 950 2230 unius
968 2185 1091 2244 moneo,
1116 2163 1256 2227 Andmac

95 2265 221 2346 scilieet,
247 2265 410 2352 expressit,
435 2265 555 2330 alterius
570 2265 671 2345 tacuit,
697 2267 772 2331 hunc
788 2269 881 2353 ipsum
898 2287 964 2334 esse
978 2263 1153 2352 Philippum,
1174 2267 1257 2330 cuius

96 2389 202 2433 numen
221 2379 268 2434 est
286 2369 445 2447 omissum,
470 2367 545 2454 quud
563 2380 593 2433 et
609 2369 755 2456 popularis
772 2370 835 2434 eius
854 2382 952 2448 esset,
978 2379 1008 2433 et
1023 2365 1254 2445 contubernalis,

96 2482 126 2536 et
148 2472 275 2537 eandem
301 2483 393 2536 artem
419 2483 506 2556 etque
532 2471 677 2558 opificium
703 2483 871 2536 exerceret.
916 2469 985 2536 Nisi
1011 2473 1086 2536 lurte
1113 2469 1255 2534 loannem

96 2575 202 2652 mavis,
227 2585 279 2638 ant
295 2571 432 2638 lacobum
448 2573 597 2638 Zebedaei
613 2574 713 2639 lilium.
749 2573 865 2639 Primos
879 2575 955 2640 enim
973 2573 1074 2638 vocari
1088 2573 1154 2638 illus
1170 2594 1257 2659 opor·

99 2679 167 2756 luit,
191 2689 255 2740 tum
273 2677 411 2764 deinceps
427 2673 608 2762 Philippum,
633 2699 689 2762 quo
707 2678 737 2742 io
754 2677 915 2762 euangeliis
929 2677 1035 2742 ordine
1051 2689 1254 2742 numerantur.

98 2775 204 2843 Petrus
222 2780 350 2864 primos,
375 2777 480 2842 deinde
495 2779 645 2858 Andreas,
671 2790 730 2844 tum
747 2777 883 2859 lacobus,
906 2781 974 2844 inde
992 2777 1130 2860 loannes,
1153 2791 1257 2866 postet

100 2877 261 2968 Philippus.
300 2878 360 2946 sec
376 2881 413 2945 de
427 2880 466 2946 iis
484 2882 636 2946 hactenns.
674 2879 810 2968 Longius
825 2883 902 2948 enim
919 2892 998 2969 putet
1012 2881 1069 2947 ista
1084 2882 1255 2968 disputatio.

179 3085 272 3151 Nunc
291 3087 327 3150 ed
346 3086 373 3150 id
396 3087 473 3173 qnod
495 3089 607 3152 eratin
629 3089 801 3173 qrmestione
825 3089 1003 3154 redeundum
1030 3101 1094 3166 est,
1119 3087 1254 3154 nimirum
1274 3104 1334 3174 cap.
1351 3103 1410 3158 xv.

100 3189 314 3254 obseruandum
330 3189 399 3254 illud
416 3211 495 3270 esse,
518 3192 760 3275 quemadmodum
778 3191 819 3256 illi
835 3213 900 3256 cum
916 3190 1035 3256 loannis
1053 3206 1154 3259 essent
1169 3193 1256 3257 disci·

99 3292 167 3378 puli,
193 3293 282 3376 eique
301 3305 444 3358 navarent
463 3313 594 3380 operam,
621 3294 695 3380 apud
713 3291 811 3364 lesum
828 3295 921 3381 prime
940 3295 987 3362 die
1005 3306 1187 3359 manserunt.
1227 3294 1257 3358 Α

99 3417 154 3479 qno
175 3395 320 3480 postridie
343 3395 467 3481 digressi
490 3395 596 3460 iterum
616 3398 652 3460 ad
670 3395 840 3482 piscandum
864 3396 979 3462 reuersi
999 3405 1084 3477 suunt,
1115 3399 1155 3462 nti
1177 3408 1256 3461 cete·

99 3519 196 3562 rorum
214 3497 466 3582 evangelistarum
483 3497 612 3563 narratio
631 3499 773 3564 continet.
820 3499 936 3565 Etenim
961 3500 1009 3565 uhi
1030 3499 1114 3564 lesus
1138 3511 1256 3586 postera

98 3599 160 3664 lnce
183 3599 342 3680 discessit,
372 3601 470 3664 statim
492 3600 663 3684 evarrgclica
687 3602 757 3668 illud
784 3605 904 3669 historie
929 3604 1064 3670 subiicit:
1095 3607 1150 3666 Die
1171 3606 1409 3679 emathiae-m

98 3709 211 3785 repnte
218 3705 323 3786 saetae
336 3716 403 3766 sunt
420 3707 449 3766 rio
466 3707 544 3768 Coun
560 3708 714 3782 Gnlr'loeoe,
739 3719 769 3769 et
782 3721 848 3770 erut
862 3721 953 3772 mater
966 3713 1032 3770 Iesu
1049 3709 1100 3769 ibi.
1135 3709 1256 3768 locotus

98 3819 141 3868 est
160 3817 255 3868 auteur
281 3819 312 3868 et
326 3811 424 3880 lesus,
449 3819 478 3868 et
492 3811 627 3889 michail
642 3813 703 3872 mus
722 3815 761 3872 cd
780 3817 905 3892 nuptuire.
952 3807 1008 3875 Ubi
1031 3831 1070 3872 ex
1093 3808 1256 3874 enucleatis

99 3908 243 3994 utrimque
261 3909 438 3994 minutisque
455 3909 606 3976 verbisne
623 3911 779 3976 sententiis
794 3913 942 3996 colligitur
951 3909 1107 3977 Christum
1118 3912 1191 3975 ulios
1208 3933 1256 3977 se·

99 4033 162 4074 cum
191 4010 353 4076 adduxisse
379 4011 556 4096 discipulos,
589 4015 637 4098 qui
664 4037 728 4080 eum
758 4035 795 4076 cc
821 4025 1035 4081 remanserunt.
1083 4011 1254 4080 Cuiusmodi

101 4115 174 4178 forte
189 4111 360 4178 Nathanadl
382 4113 437 4178 luit
458 4125 488 4178 et
509 4111 678 4203 Philippus,
702 4117 809 4202 aliique
833 4119 976 4195 nonnulli,
1022 4115 1100 4182 Nam
1119 4117 1255 4184 Andreas

99 4237 163 4279 cnm
182 4216 244 4280 suis
265 4227 445 4280 recesserat.
490 4217 549 4302 Qui
567 4241 639 4284 vero
663 4222 737 4307 apud
757 4221 836 4285 illum
859 4231 1047 4301 manserant,
1071 4243 1136 4286 cum
1161 4245 1196 4286 eo
1219 4223 1255 4286 ad

98 4319 213 4406 nuptias
230 4317 346 4384 invitati
366 4329 446 4388 sunt.
491 4317 601 4388 Postea
619 4345 683 4390 cum
707 4325 829 4414 primum
848 4323 917 4390 illud
937 4324 1100 4412 prodigium
1123 4325 1253 4408 iecisset,
