3168 4942
383 229 522 284 romanu
539 229 603 283 tro.
616 230 648 284 tr.
665 229 748 285 rona.
762 229 795 284 ιι.
811 233 913 285 naun.
927 233 1024 286 uxrx.
1223 221 1286 286 655

1 385 3 414 t
121 361 211 435 atque
231 371 332 414 aurern
352 351 556 430 admoverint,
588 362 648 415 tum
673 349 855 416 vociferator
876 354 926 417 ille
948 355 1023 438 qnod
1049 354 1149 417 dicere
1176 353 1287 417 consti·

122 462 222 516 tuerat
244 453 411 517 distinctius
436 453 619 538 eloquitur..
648 451 694 518 lta
720 475 793 538 ergo
819 452 947 519 loannes
972 477 1035 520 uox
1061 458 1204 540 quaedam
1233 456 1286 518 luit

122 557 332 640 praeparandis
351 555 498 619 bominum
517 555 649 620 auribus.
681 553 752 620 Non
770 559 848 620 eninr
865 577 964 620 sermo
981 559 1043 642 ipse
1062 559 1126 636 luit,
1151 560 1201 621 sed
1220 569 1287 643 post

120 658 204 722 illum
220 679 318 722 sermo
334 660 450 721 tandem
470 658 605 735 aduenit,
631 657 715 724 cuius
735 660 829 742 gratia
847 664 1054 744 praeparatrix
1078 660 1127 724 illa
1150 683 1211 724 vox
1233 683 1284 724 un-

122 769 300 824 toeesserat.
347 757 430 825 Unde
446 760 533 822 etiam
551 760 591 823 ita
608 760 753 844 loquitur:
787 765 850 823 Vos·
870 765 1020 824 clamantis
1036 767 1065 824 rir
1083 767 1212 824 desmto:
1232 785 1286 844 pu-

122 875 189 924 rete
205 868 265 924 rebe
281 867 397 924 domari.
445 858 560 947 Quippe
580 883 639 926 s'ox
658 874 831 948 praeparat,
856 865 990 929 dominus
1012 877 1109 929 autom
1131 885 1286 950 praepara-

122 975 171 1029 tas
189 965 245 1028 iona
263 964 328 1027 rias
344 964 519 1047 ingreditur.
567 961 700 1049 Itemque
722 986 784 1029 vox
807 985 895 1030 aures
914 967 949 1028 ad
971 966 1147 1030 audiendiam
1167 989 1286 1052 compo·

122 1067 186 1144 uit3
210 1087 284 1150 quac
301 1065 350 1130 ubi
366 1087 476 1131 vacuas
493 1087 526 1130 se
544 1067 751 1151 praebuerint,
776 1077 835 1130 tunr
857 1087 957 1132 sermo
972 1069 1150 1132 audientium
1167 1069 1287 1132 auribus
1353 1149 1355 1158 .

121 1168 301 1232 immittitur.
346 1167 430 1232 Nibil
451 1178 497 1232 cst
523 1170 612 1253 igitur
630 1173 706 1254 quod
729 1169 822 1232 Arius
844 1171 967 1254 eiusque
992 1173 1123 1235 lautores
1147 1171 1288 1257 arripiant

120 1291 166 1335 ex
182 1272 237 1334 boc
256 1272 334 1350 loeo,
359 1290 424 1334 cum
440 1271 539 1334 divina
553 1271 663 1336 veritas
680 1271 808 1336 bdelium
826 1274 941 1336 animos
959 1284 1100 1358 perpetuo
1119 1274 1284 1353 collustret,

120 1395 164 1437 ne
185 1375 221 1438 ab
243 1395 278 1438 ee
301 1374 396 1437 salute
419 1373 576 1438 deflectant
597 1393 672 1457 quae
699 1392 752 1460 per
775 1375 896 1439 uerbum
919 1376 966 1438 dei
995 1375 1086 1439 lilium
1114 1397 1219 1442 reuera
1242 1377 1287 1440 in·

119 1486 255 1540 creatum
278 1498 312 1539 ac
333 1477 464 1561 genitum
487 1475 647 1540 obtinetur.

211 1575 270 1642 lam
288 1599 360 1643 vero
377 1578 602 1663 progredientes
626 1599 733 1663 porro,
765 1590 795 1642 ct
818 1579 854 1643 ad
878 1598 913 1641 ea
930 1601 1005 1665 qnae
1024 1593 1187 1666 sequuntur
1202 1582 1284 1646 deiu-
1329 1594 1390 1660 cap.

120 1700 194 1764 ceps
218 1693 424 1760 transeuntes,
449 1680 520 1744 nilril
539 1701 642 1744 eorum
669 1683 936 1766 praetermittemus
960 1704 1035 1767 qrrae
1060 1686 1096 1748 ad
1121 1685 1286 1750 dissolven·
1322 1663 1406 1712 xm·

1 1849 6 1859 .
121 1785 191 1848 alum
209 1783 291 1846 initio
309 1784 531 1869 proposuimus,
556 1785 609 1846 seul
625 1785 838 1867 uorrsequentin
863 1785 966 1847 ordine
990 1797 1191 1870 pertexenius.
1237 1783 1288 1850 Ex

1 1974 2 1980 ἵ
120 1887 183 1950 alio
199 1887 295 1971 itaque
314 1889 380 1950 loco
396 1885 546 1972 opinionis
570 1905 642 1949 surae
666 1887 901 1970 comprobandae
925 1901 1129 1970 argumentum
1153 1889 1285 1968 eliciunt,

121 2011 165 2052 ex
188 2011 242 2067 en,
274 1991 409 2074 iuquam,
435 1989 510 2073 quod
528 1985 636 2051 Petras
655 1987 789 2052 irridetis
813 1991 1012 2074 apostolorum
1033 1992 1147 2054 dixisse
1166 1993 1285 2075 legitur,

1 2163 2 2166 Ἴ
119 2093 307 2176 Manifestum
330 2096 370 2153 rit
390 2093 468 2152 uobis
490 2096 579 2152 omnir
594 2095 692 2153 domur
709 2096 812 2167 lsrael,
837 2099 968 2174 quonr'ram
984 2097 1060 2156 bunc
1076 2100 1180 2170 lerum,
1205 2118 1284 2177 quem
1299 2115 1414 2168 secata

119 2199 328 2276 martimum,
361 2206 391 2256 et
410 2197 566 2267 domairrrm,
599 2206 627 2255 et
649 2199 793 2256 chrestum
822 2195 912 2275 iprum
936 2200 1006 2257 deus
1030 2199 1111 2279 fecit.
1170 2194 1285 2279 Quibus

120 2298 153 2360 in
185 2297 283 2361 verbis
313 2295 527 2360 observandum
558 2297 628 2359 illud
657 2308 779 2359 monent
800 2300 876 2381 qnod
900 2300 1005 2380 serebas
1032 2300 1196 2378 scribantur
1231 2321 1286 2362 neo

121 2401 160 2463 ad
184 2401 274 2484 ipsam
295 2399 473 2462 seutentiam
490 2399 660 2477 attendunt,
693 2419 768 2482 quoe
786 2399 912 2483 seipsum
930 2400 1071 2463 declarat.
1118 2405 1216 2476 Hune,
1244 2401 1288 2465 in·

122 2501 205 2586 quit,
237 2506 346 2576 lerum,
372 2511 404 2564 ιιι
421 2513 600 2586 assumptam
618 2522 635 2564 a
654 2503 771 2564 domino
792 2514 925 2566 aratorum
952 2501 1078 2565 bominis
1093 2504 1286 2568 demonstret.

124 2602 207 2668 Nam
224 2604 458 2681 exbisuerbis,
490 2607 575 2667 Hunc
593 2609 684 2665 lerum
702 2625 782 2685 quem
800 2608 1004 2686 crucffim'str'r,
1037 2607 1220 2689 perspicuum
1243 2617 1289 2670 est

123 2708 162 2770 de
183 2727 272 2771 carae
289 2706 339 2772 illa
356 2728 425 2770 esse
444 2727 611 2770 sermonem
635 2727 721 2791 quam
739 2707 786 2770 isti
803 2709 1024 2771 crucifixerant.
1058 2705 1217 2792 Propterea
1238 2710 1290 2773 do·

61 2887 70 2898 ,
123 2809 221 2873 minus
246 2810 275 2872 in
302 2809 475 2894 evarrgello‚
507 2813 716 2883 Naucratem,
742 2808 802 2887 ait,
825 2815 963 2891 quaeritis
979 2832 1022 2871 me
1038 2813 1214 2891 rirterstcerm
1238 2815 1443 2886 dolomate.

120 2917 241 2986 mairem,
274 2917 326 2994 qur'
343 2917 488 2974 uerr'tatem
507 2915 619 2974 Iocutus
638 2935 700 2974 sum
722 2913 816 2985 uobis,
849 2934 931 2993 quum
952 2917 1052 2974 audibi
1072 2925 1193 2994 epatre
1214 2936 1283 2976 meo.

120 3011 232 3097 Neque
251 3024 349 3078 tamen
375 3014 411 3078 ab
437 3015 563 3078 bumana
587 3015 636 3078 illa
657 3025 761 3078 natura
784 3013 965 3078 divinitatem
985 3014 1143 3078 abstraxit.
1188 3013 1288 3100 Siqui-

120 3117 191 3180 dcrn
211 3115 283 3180 baec
301 3116 337 3180 ab
356 3117 404 3179 illa
420 3116 594 3180 imminente
610 3117 748 3202 passione
768 3128 904 3202 separata
924 3138 981 3180 non
1000 3117 1071 3195 luit,
1104 3136 1159 3178 nee
1177 3116 1207 3180 in
1226 3117 1288 3202 ipsa

119 3221 240 3282 demoni
259 3220 399 3305 passione
419 3220 521 3284 eadem
538 3229 586 3282 est
608 3241 624 3282 a
643 3220 734 3283 verbo
759 3220 810 3284 illa
831 3219 982 3284 derelicta.
1030 3217 1091 3284 Sed
1109 3239 1204 3302 neque
1220 3239 1288 3283 rer·

118 3322 192 3386 bum
211 3321 357 3406 passionis
382 3323 478 3385 omnis
506 3342 615 3404 expers
641 3333 728 3385 antea
750 3343 868 3407 passum
892 3331 956 3400 est,
989 3320 1121 3405 quamvis
1145 3321 1173 3384 in
1199 3343 1288 3385 carne

119 3425 255 3510 patiente
276 3426 432 3490 resideret.
479 3422 599 3487 Etenim
619 3445 677 3487 una
702 3425 849 3488 eleatem
868 3425 1025 3510 appellatio
1050 3436 1109 3488 tarn
1132 3425 1178 3488 dei
1203 3445 1287 3508 quarn

121 3527 253 3590 bominis
270 3538 394 3590 naturae
411 3547 495 3604 vere,
520 3537 549 3590 et
566 3527 683 3610 proprie
701 3527 853 3605 convertit,
878 3549 913 3590 ac
932 3538 989 3592 tarn
1006 3537 1143 3611 suscepta
1163 3526 1288 3590 borninis

118 3650 141 3693 a
159 3629 252 3692 verbo
271 3641 375 3694 natura
395 3651 480 3714 quom
500 3630 634 3693 dominus
653 3629 683 3692 in
699 3641 849 3713 assumpta
866 3649 956 3692 carne
972 3629 1137 3692 subsistens
1150 3624 1289 3692 Christus

119 3732 243 3818 dicitur.
292 3730 403 3796 Verum
420 3753 525 3815 passus
544 3733 573 3795 in
595 3752 686 3796 carne
711 3731 746 3794 ad
765 3751 831 3794 enm
851 3731 967 3794 modum
983 3730 1090 3795 dicitur
1106 3751 1163 3814 quo
1179 3727 1288 3796 Petrus

118 3835 242 3900 loeutus
264 3844 328 3913 est,
364 3839 477 3897 Cdra’rm
504 3857 589 3916 passo
615 3857 670 3914 pro
699 3835 780 3896 rrubr’r
801 3839 832 3896 r'n
853 3855 955 3909 curae,
990 3853 1048 3917 qrro
1069 3833 1228 3898 immunem
1251 3833 1442 3904 obtensum.

118 3937 206 4002 omni
225 3936 353 4022 patiendi
375 3937 544 4001 conditione
564 3936 748 4000 divinitatem
768 3935 927 4019 significet.
974 3934 1066 4015 Item,
1097 3939 1232 3998 Mortuus
1253 3939 1283 3998 a'rr
1309 3948 1414 3995 tatum

117 4061 229 4113 corne,
253 4041 413 4120 uimylcotus
434 4051 526 4100 autem
547 4044 662 4120 aprbr‘lu.
709 4037 809 4123 Ergo,
833 4043 1045 4114 Herodorum,
1070 4057 1150 4120 quern
1171 4041 1287 4120 crucufi-
1301 4055 1349 4098 tet.
1361 4049 1383 4108 ι,
1396 4052 1429 4098 ιι

116 4147 227 4216 mini,
252 4141 319 4205 ideo
337 4140 423 4220 dixit,
449 4161 486 4204 ne
503 4163 521 4206 a
539 4139 686 4227 passionis
705 4154 736 4205 et
754 4141 914 4205 creationis
934 4151 1059 4227 experte
1077 4142 1168 4205 verbo
1186 4143 1287 4206 relicto

159 4295 186 4347 2,
205 4291 267 4348 αὐτό
286 4299 338 4346 wa,
354 4297 452 4359 Rtedrp.
476 4257 558 4360 45³5
576 4299 625 4347 eod.
644 4297 692 4347 lm·
723 4265 800 4325 princ.
835 4257 949 4327 ἐλάλησα
965 4264 1001 4312 ιιι.
1019 4265 1099 4313 Percu.

149 4359 188 4382 ,ι
255 4368 278 4378 ..
759 4329 782 4382 -l.
801 4331 887 4384 cedrea
910 4331 978 4381 codd.
1000 4346 1056 4381 mas.
1071 4336 1181 4394 uterque,
1207 4337 1229 4382 ιι
1252 4333 1289 4382 ed.

119 4381 206 4424 “W
222 4367 286 4416 ’ω’
722 4403 798 4464 princ.
833 4397 907 4451 τοῦτο
922 4400 958 4449 ιιι
977 4401 1068 4462 Ριιιιυ.,
1086 4403 1127 4462 qui
1142 4401 1249 4452 emmdot
1263 4403 1289 4450 ιιι

157 4467 183 4520 3.
202 4463 331 4533 λελάληκα
346 4467 415 4519 codd.
430 4481 486 4519 msa.
522 4463 637 4532 ἐλάληιιιι
652 4467 689 4518 ed.
723 4471 800 4532 mora.
820 4465 915 4520 τοῦτον.
