3168 4942
326 241 388 306 644
756 252 878 306 amen
895 253 1065 306 εειειιιαιι

329 369 472 434 έσκέπασε
495 365 566 442 τοῦς
593 365 679 444 υίοάς
693 365 824 455 Ἰσραήλ,
853 368 912 437 κάν
934 396 965 437 τε
985 370 1104 450 στῦλος,
1136 369 1186 436 διά
1206 369 1239 436 τά
1264 367 1418 450 φωτεινόν
1438 375 1486 435 τοῦ

328 468 425 557 πυράς
441 469 460 536 ὃ
478 467 622 551 ἐφώτισεν
639 473 672 535 ἐν
685 478 721 562 τῇ
742 471 859 563 ἐρήμῳ,
881 471 940 538 κάν
957 499 986 538 τε
1003 471 1108 556 μάννα,
1132 470 1234 556 ἐπειδή
1250 469 1424 557 ἠρνήσαντο
1439 472 1488 536 ατί-

328 571 381 640 τῦν
399 571 489 660 άρτον
506 571 703 658 ἐπουράνιον,
732 572 790 640 κάν
805 601 836 641 τε
855 572 960 662 άρτος,
991 575 1094 659 έπειιλή
1118 574 1155 641 δι’
1173 573 1268 640 αὐτοῦ
1285 573 1486 659 ίσγυροποιοῦ-

329 686 426 758 μεθα,
456 675 512 742 κάν
536 705 566 745 τε
587 675 724 764 άγγελος,
756 677 858 762 ἐπειδή
877 677 1005 764 μεγάλης
1029 684 1142 762 βουλῆς
1163 675 1296 764 ἀγγελος·
1329 673 1490 758 ῦμῶνυμον

327 779 383 866 γάρ
398 783 458 845 ἐστι
475 779 508 846 τά
524 788 580 848 τοῦ
596 780 721 866 ἀγγέλου
740 778 844 863 ὄνομα.
887 779 1022 858 Ἐθέξατο
1038 779 1093 868 γάρ
1111 777 1236 865 ήῬαάβ
1250 777 1324 856 τοῦς
1340 774 1488 864 ἀγγέλους,

327 885 379 948 καλ
396 881 452 949 οῦκ
470 879 546 967 ήσαν
565 881 680 970 άγγελοι
703 886 734 949 οί
755 881 982 967 ἀπεσταλμένοι,
1013 881 1069 948 ἀλλ’
1090 882 1112 966 ἢ
1132 887 1164 948 oc
1184 881 1410 969 άναγγιίλαντες
1429 882 1489 966 ιτερλ

326 993 381 1052 τοῦ
396 985 500 1052 τόπου.
549 985 636 1052 Οῦτω
656 986 709 1052 καλ
728 982 745 1051 o‘
764 985 943 1072 μονογενής,
966 985 1069 1068 ἐπειδή
1087 983 1238 1072 ἀνήγγειλε
1251 984 1285 1050 τά
1305 986 1428 1066 θέλημα
1443 990 1488 1048 τοῦ

328 1087 442 1174 πατράς
455 1099 520 1166 τοῖς
535 1085 726 1174 ἀνθρώποις,
749 1087 877 1175 μεγάλης
892 1093 1004 1172 βουλῆς
1018 1087 1154 1176 ἀγγελος,
1178 1090 1211 1153 ἐν
1223 1094 1266 1176 τῷ
1282 1085 1392 1169 κόομι
1408 1084 1489 1171 άιαγ·

326 1193 436 1277 γίλλων
458 1189 513 1274 τήν
532 1191 660 1279 μεγάλην
682 1189 803 1274 βουλήν.
849 1193 911 1256 Καὶ
933 1196 1034 1271 λίθος,
1065 1189 1121 1257 οῦκ
1145 1187 1332 1273 ἀναίσθητος
1356 1185 1376 1254 ὅ
1399 1193 1489 1264 λίθος,

328 1293 401 1359 ἀλλά
416 1301 672 1380 καταχρηστικῶς,
695 1293 744 1358 διά
760 1293 795 1359 τά
813 1293 992 1380 πρόςιιομμα
1009 1296 1158 1380 γεγονέναι
1173 1293 1351 1371 Ἰουδαίοις,
1376 1289 1450 1374 ήμῖν
1463 1291 1491 1356 λλ
1575 1347 1576 1352 ,

326 1399 467 1480 θεμέλιον
484 1401 637 1482 σωτηρίας.
683 1398 744 1461 Καὶ
761 1394 977 1483 ἀκρογωνιαῖος
992 1401 1094 1476 λίθος,
1123 1393 1173 1462 διά
1188 1394 1224 1460 τά
1241 1397 1422 1480 ἐπισφίγξαι
1442 1419 1492 1458 σιτ·

326 1499 412 1565 λαιάν
425 1500 477 1564 καί
492 1501 561 1564 νέαν
575 1497 744 1582 διαθήκην,
766 1497 929 1585 περιτομήν
945 1525 976 1565 τε
991 1501 1043 1565 καλ
1059 1497 1261 1585 ἀκροβυστίαν
1278 1500 1322 1572 είς
1337 1501 1413 1580 μίαν
1427 1499 1493 1562 ἕνα·

326 1624 381 1668 σιν.
425 1599 533 1684 Ἀμνῦς
549 1603 597 1682 δέ,
620 1600 670 1668 διά
686 1600 720 1667 τά
743 1599 872 1682 ἀκακον,
895 1604 946 1668 καί
965 1600 998 1668 τά
1018 1599 1056 1667 δι’
1072 1601 1166 1666 αὐτοῦ
1183 1599 1238 1684 τήν
1261 1597 1413 1684 ἀμαρτίαν
1436 1597 1492 1664 ἀκά

204 1741 254 1785 pag.
268 1728 313 1772 ιον,
328 1711 387 1770 τῶν
403 1702 576 1791 άνθρυίιιων
593 1703 766 1786 ἠφανίσθαι
782 1708 815 1771 ἐν
832 1714 873 1795 τῷ
889 1702 980 1770 αὐτῶν
998 1712 1039 1793 τῷ
1057 1705 1147 1791 πατρλ
1164 1703 1404 1789 προςενηνέχθαι
1421 1701 1492 1786 κρά

326 1813 419 1892 βατον
445 1811 487 1884 είς
509 1805 645 1894 σφαγήν,
676 1806 781 1891 ἐπειδή
796 1799 888 1891 ήλθεν
911 1806 986 1892 ῦπλρ
1008 1804 1095 1890 ήμῶν
1113 1815 1225 1871 παθεῖν
1243 1802 1262 1870 o'
1279 1803 1426 1887 ἀπαθής,
1449 1809 1494 1869 ἵνα

326 1907 412 1993 ήμεῑς
431 1918 593 1993 σωθῶμεν,
616 1913 667 1976 καλ
686 1913 716 1975 εί
727 1937 755 1976 τι
771 1913 850 1977 ἐστιν
865 1913 965 1996 ἕτερον
979 1920 1046 1986 ταῖς
1062 1907 1167 1986 αῦταῖς
1185 1906 1306 1994 χρήσεσι
1327 1905 1494 1988 συμβαλλά

326 2037 415 2096 μενον
441 2015 483 2088 είς
510 2017 658 2098 σωτηρίαν
686 2015 760 2078 υίῶν
786 2020 847 2079 τῶν
873 2011 1062 2100 ἀνθρῶπων,
1091 2017 1336 2097 καταχρηστικῶς
1357 2007 1424 2075 &aa
1446 2015 1495 2092 τῆς

326 2119 414 2190 θείας
436 2123 554 2202 γραφῆς
576 2119 619 2192 είς
639 2112 732 2181 αῦτάν
754 2113 941 2202 ἀναφέρεται.

188 2414 256 2482 3‘9·
274 2413 320 2473 W·
417 2426 452 2488 Τί
466 2415 522 2488 οῦν
537 2421 570 2488 τά
587 2426 694 2506 κτίσμα
711 2419 902 2506 ω’φελήσειευς
924 2420 946 2505 ἢ
962 2425 1054 2487 ποίαν
1066 2427 1171 2505 χρῆσιν
1190 2429 1314 2486 ποιεῖται
1338 2419 1420 2504 πρῶς
1441 2418 1495 2502 τήν

327 2523 413 2610 ήμῶν
431 2529 593 2611 σωτηρίαν,
617 2527 669 2590 καί
692 2524 769 2612 πράς
789 2525 843 2608 τήν
866 2533 920 2592 τοῦ
942 2533 1019 2591 θεοῦ
1040 2523 1132 2610 λόγου
1151 2527 1298 2608 ἐνσαρκον
1316 2526 1494 2608 δοξολαγλαι

326 2630 377 2693 καί
388 2633 498 2693 τελείαν
513 2625 658 2710 θεάτητας
681 2633 709 2693 τί
727 2627 837 2708 ἀφελεῖ
848 2625 928 2712 ήμῦς
941 2627 974 2695 τά
991 2629 1084 2714 λέγειν
1097 2624 1189 2692 αῦτῦν
1204 2630 1324 2707 κτίσμας
1341 2629 1371 2688 τί
1383 2629 1494 2707 κτίσμα

325 2739 390 2806 ταῖς
405 2736 532 2797 κτίσεσιν
551 2728 715 2818 ἐργάζεταις
738 2735 766 2796 τί
779 2735 886 2814 κτίσμα
903 2731 1015 2813 ἀφελεῖ
1028 2729 1081 2806 τάς
1096 2733 1217 2806 κτίσειςς
1245 2735 1311 2804 πῶς
1325 2727 1361 2792 δέ
1376 2729 1493 2793 ἔκτισεν

326 2831 344 2898 ό
360 2831 436 2897 θεῶν
451 2832 526 2898 θεὸν
542 2837 584 2910 είς
601 2832 802 2919 προςκάνησιν
818 2832 937 2913 ῦιδοῦς,
961 2830 1052 2898 ὁπότε
1068 2834 1160 2918 λέγει,
1183 2829 1243 2914 Μή
1257 2829 1389 2920 ποιήσῃς
1407 2852 1493 2894 σειν·

326 2942 368 3026 τῷ
384 2943 444 3000 πᾶν
461 2932 598 3018 ὁμοίωμα
615 2935 687 3018 μήτε
702 2937 752 3001 ἐπὶ
764 2941 833 3022 γῆς,
857 2935 929 3020 μήτε
947 2938 979 3002 ἐν
992 2932 1128 3024 οῦρανηῦ,
1155 2935 1207 2998 καί
1227 2930 1269 3016 μή
1296 2929 1493 3016 ιτιροςκννή-

326 3060 383 3128 σης
399 3035 495 3127 αάτρῦς
526 3045 592 3114 πῶς
608 3030 663 3103 οῦν
679 3041 790 3104 έκτισεν
813 3040 911 3128 ἐαυτῷ
932 3035 1016 3118 υίάν,
1037 3040 1090 3102 καλ
1106 3038 1225 3114 ἐπέταξε
1240 3043 1495 3120 προςκυνεῖσθαιῑ

326 3139 452 3222 μάλιστα
469 3148 523 3205 τοῦ
539 3139 706 3206 ἀποστόλου
720 3141 856 3226 λέγοντος
865 3192 874 3221 ,
905 3143 966 3206 Καί
985 3138 1161 3226 ἐλάτρευσαν
1178 3145 1216 3229 τῇ
1232 3142 1324 3203 κτίσει
1341 3136 1431 3220 παρά
1446 3136 1498 3203 τάν

326 3247 481 3321 κτίσαντα,
503 3244 555 3306 καί
572 3241 800 3329 ἐμωράνθησαν.
846 3243 966 3328 Μωρῦν
981 3241 1038 3330 γάρ
1054 3241 1087 3309 τά
1110 3245 1204 3307 κτίσιν
1220 3248 1397 3326 θεολογεῖν,
1422 3238 1497 3306 α’θε-

326 3352 387 3408 τεῖν
409 3344 441 3408 δὲ
460 3342 582 3428 πρῶτην
598 3343 720 3429 ἐντολήν
742 3343 797 3428 τήν
819 3347 977 3432 λέγουσαν,
1010 3343 1128 3430 Κῦριον
1152 3342 1204 3409 τάν
1225 3341 1300 3408 θεόν
1320 3364 1380 3408 σου
1404 3369 1498 3428 προς

325 3444 479 3529 κυνήσεις,
510 3448 560 3511 καλ
578 3446 662 3536 αὐτῷ
680 3445 764 3537 μόνιμ
788 3445 963 3534 λατρεύσεις.
1008 3445 1105 3530 Διῦή
1128 3443 1198 3532 άγία
1215 3451 1270 3512 τοῦ
1293 3452 1374 3510 θεοῦ
1389 3447 1497 3526 ἐκκλη-

326 3553 375 3614 σία
392 3546 430 3614 οῦ
444 3552 552 3631 κτίσμα
570 3558 746 3634 προςκυνεῖ,
776 3548 848 3615 ἀλλά
870 3548 940 3616 υίῦν
957 3548 1114 3636 γεννητῶν,
1143 3549 1257 3634 πατέρα
1277 3549 1310 3612 έν
1325 3549 1402 3636 υίρῖ,
1429 3545 1500 3612 υίάτ

326 3653 359 3717 ἐν
379 3654 485 3738 πατρί,
516 3650 572 3718 σῦν
596 3650 670 3741 άγίρο
699 3650 853 3736 πνεύματι.
901 3651 1003 3732 Ἀλλά,
1034 3655 1114 3732 Ναλ,
1144 3655 1227 3735 φησί.
1268 3647 1346 3714 Ἐάν
1373 3649 1434 3735 γάρ
1457 3649 1500 3730 μή

326 3757 400 3819 είπω
424 3753 471 3820 ὅτι
495 3759 618 3840 κτίσμα,
651 3757 761 3837 φησὶν,
791 3753 947 3820 ἐλάττωσιν
970 3755 1129 3841 προςφίρω
1157 3761 1198 3842 τῷ
1223 3755 1321 3837 πατρί.
1372 3750 1415 3816 Τι’
1440 3751 1499 3836 γάρ

325 3855 445 3922 κτιστῦν
459 3856 516 3922 οῦκ
537 3861 653 3924 ἐλαττοῖ
673 3855 725 3924 τάν
745 3862 891 3923 κτίσαντα.
941 3856 981 3923 Τά
999 3859 1032 3922 ιλέ
1046 3857 1256 3944 γεγεννημένον
1275 3857 1310 3921 ἐκ
1327 3851 1456 3934 φάσεως
1480 3851 1502 3934 ἢ

327 3957 469 4042 συστολὴν
485 3959 644 4046 ἐργάζεται,
666 3958 688 4043 ή
704 3958 886 4043 πλατυσμάν,
908 3958 929 4042 ή
948 3965 1083 4041 μείωσιν,
1106 3957 1252 4042 ήτομήν,
1273 3953 1295 4039 ή
1312 3981 1342 4021 τι
1358 3963 1420 4022 τῶν
1435 3981 1501 4021 τοι·

327 4057 424 4126 οῦταυ
438 4069 550 4127 παθῶν
563 4060 726 4148 προςάπτει
741 4070 784 4150 τῷ
802 4059 995 4149 γεγεννηκότι.
1031 4059 1132 4145 Πολλή
1150 4061 1182 4126 δὲ
1199 4063 1297 4146 μωρία
1313 4066 1377 4124 τῶν
1392 4065 1498 4125 τοιαῦ-

326 4187 362 4225 τα
377 4166 583 4250 λογιζομένων,
612 4161 654 4240 ῶς
670 4160 724 4246 ἀφ’
743 4167 859 4231 ἑαυτῶν
872 4163 906 4231 τά
924 4173 1012 4231 θεῖον
1035 4161 1175 4244 εἰκάζειν,
1196 4164 1247 4228 καλ
1265 4161 1304 4226 τά
1322 4165 1366 4237 τίς
1383 4157 1500 4235 dmi:

326 4260 415 4345 πάθη
432 4273 474 4354 τῷ
489 4274 553 4354 θεῷ
571 4265 750 4352 προςάπτειν
764 4269 966 4351 βουλομένων,
987 4274 1042 4333 τοῦ
1055 4273 1134 4333 θεοῦ
1150 4265 1296 4340 ἀπαθοῦς
1310 4261 1401 4341 ὄντος
1413 4288 1496 4328 κατ·-

361 4415 420 4464 Cn.
438 4418 563 4496 KXXVL
587 4447 622 4461 ·-
665 4422 686 4473 ί.
712 4421 890 4490 αραςκυυήαης
923 4423 1192 4492 κυνήσειςεθσλίλθτλ

326 4483 483 4546 commta.
509 4484 794 4555 προςκυνήσιςοοσ.ίιιι
817 4510 889 4558 προς-
