3154 4930
315 233 377 296 522
741 247 865 302 smmi
880 249 1053 301 ΕΡῙΡΗΑΝΙΙ

313 369 524 444 αετυφλῦσθαι
539 367 608 452 περὶ
622 363 676 448 τήν
700 369 904 452 φιλαργυρίαν.
949 365 1034 448 Αῦτη
1048 365 1107 452 γάρ
1123 369 1198 432 *καί
1213 365 1266 434 νῦν
1282 364 1402 434 Ἰοῦδαν
1416 365 1475 433 ἐτό-

316 473 442 547 φλοισεν,
465 466 540 550 αῦτη
558 469 608 532 ιιαλ
626 465 698 544 τοῦς
716 469 783 551 περί
799 463 937 533 Ινίνανίαν
954 466 1135 548 ἀπέκτεινεν,
1158 467 1233 552 αῦτη
1252 467 1385 545 πολλοῦς
1403 467 1478 552 ήφό-

314 589 401 633 νισεν.
449 561 549 646 Οῦτός
564 572 641 636 ἐστιν
661 566 680 635 ό
697 566 771 646 θεός
791 575 846 635 τοῦ
862 571 971 645 αλοῖνος
985 568 1108 635 τοῦτον·
1137 570 1173 636 δν
1188 568 1384 656 αἱρησόμενοι
1407 569 1478 636 θοόν

315 673 347 735 ολ
370 669 526 756 ἀνθρωποι
551 669 728 756 ἐπελάβοντο
751 677 804 754 τῆς
829 669 906 758 πρός
929 669 1021 738 αῦτδν
1044 679 1147 754 τιμῆς,
1180 675 1230 737 ιιαλ
1252 671 1480 758 κατεφρόνησαν

316 779 371 837 τοῦ
387 778 510 858 κυρίου,
534 770 575 850 οῦς
587 775 677 858 λέγει,
705 779 765 838 Τοῦ
781 773 834 854 μὲν
851 771 918 850 ἐνδς
936 769 1105 852 ἀνθέξεται,
1135 781 1188 840 τοῦ
1207 775 1240 840 δέ
1264 776 1367 859 ἑτέρον
1390 801 1478 838 ιιαια-
1570 773 1571 782 ’

187 905 238 950 ηις,
253 895 298 938 εει.
317 873 474 959 φρονήσει·
506 872 543 940 οῦ
566 873 699 940 δύνασθε
723 882 787 964 θεῷ
809 873 961 941 δουλεύειν
988 877 1039 940 παλ
1062 881 1196 966 μαμωνᾷ.
1242 877 1304 940 Καὶ
1327 873 1406 966 δρᾷς
1427 879 1480 959 ρη-

313 983 372 1052 αοῦς
389 978 438 1042 καλ
455 985 561 1058 σαφοῦς
573 975 606 1041 τό
624 984 744 1062 πρᾶγμα
759 976 993 1061 ἑρμηνευόμενον
999 1006 1009 1055 ,·
1032 977 1134 1055 οῦδελς
1147 977 1204 1065 γάρ
1220 981 1264 1044 ἐνι
1279 979 1379 1064 ἔτερος
1395 975 1482 1056 θεός,

315 1075 371 1144 οῦκ
386 1081 417 1144 ἐν
436 1077 570 1167 οῦρανῷ,
593 1077 649 1145 οῦκ
664 1081 696 1144 ἐν
716 1085 753 1169 τῇ
775 1087 827 1168 γῇ,
849 1076 906 1144 οῦν
925 1082 957 1145 ἐν
977 1087 1051 1144 πᾶσι
1072 1084 1208 1164 χωρίοις,
1229 1076 1303 1145 ἀλλά
1320 1076 1363 1155 είς
1377 1078 1483 1163 πατήρ

315 1183 347 1258 ἐξ
369 1172 407 1246 οῦ
428 1178 464 1244 τά
486 1179 601 1260 πάντας
621 1183 670 1246 ιιαλ
691 1178 735 1258 είς
755 1181 861 1266 αῦριος
880 1179 995 1264 Ἰησοῦς
1013 1179 1159 1267 Χριστός,
1189 1180 1228 1248 δι’
1250 1174 1288 1248 οῦ
1309 1179 1346 1247 πά
1367 1180 1483 1260 πάντα,

312 1285 363 1348 ιιαλ
382 1285 418 1348 δν
440 1289 557 1365 πνεῦμα
578 1281 612 1348 τδ
634 1282 735 1368 ἀγιον,
766 1284 798 1349 ἐν
819 1275 844 1370 ᾧ
867 1281 902 1347 τά
923 1282 1023 1348 πάντα
1044 1282 1089 1348 ἀεί
1113 1275 1190 1350 οῦσα
1213 1281 1232 1366 ή
1253 1281 1351 1370 τριάς,
1379 1291 1441 1365 ph
1462 1281 1485 1366 ή

312 1383 435 1468 θεότης,
468 1385 518 1450 καί
540 1385 686 1468 μηδέποτε
712 1383 893 1470 προςθήιιην
919 1383 1127 1469 λαμβάνουσα,
1159 1384 1228 1452 οῦιε
1250 1384 1411 1472 ἀφαίρεσιν
1435 1389 1485 1452 ἐν

312 1488 462 1570 δεχομένη.

386 1587 494 1672 ’Ίοιμεν
516 1591 547 1655 δέ
569 1587 615 1670 ἐφ’
637 1590 721 1674 ἐιερα
741 1587 846 1668 πόλιν,
867 1591 918 1654 ιιαλ
937 1588 974 1654 τά
989 1594 1095 1656 δίκτυα
1116 1589 1224 1656 τοῦτον
1240 1597 1296 1656 τοῦ
1310 1587 1413 1672 θηρός
1429 1593 1486 1656 ιιαλ

313 1693 426 1776 ἐχθροῦ
449 1693 499 1756 ιιαί
521 1693 679 1774 ἐκδιαητοῦ
700 1689 953 1773 διασπασοίμεθα,
977 1690 1140 1778 ἀγαπητοί,
1164 1694 1212 1758 ἐπί
1231 1691 1287 1776 τήν
1300 1689 1487 1778 φράσιναής
1570 1705 1571 1746 ἐ

311 1791 453 1876 ἀληθείας
472 1791 507 1859 τά
525 1791 576 1858 ὑπ’
599 1791 692 1858 αῦεοῦ
715 1791 960 1876 ξενολεκτοῦμενα
982 1796 1122 1880 φέροντες
1141 1803 1205 1870 τοῖς
1226 1795 1424 1878 βουλομένοις
1446 1786 1486 1860 τό

310 1902 363 1978 τῆς
384 1895 527 1979 ἀληθείας
548 1903 750 1978 καταμαθεῖν,
773 1897 822 1960 καί
841 1893 1063 1981 ἀποτρέπεσθαι
1077 1895 1130 1962 τόν
1144 1903 1219 1962 νοῦν
1238 1895 1298 1962 ἀπδ
1314 1899 1487 1962 ιιαιιοδιδα-

310 2003 432 2074 σιιαλίας
456 1997 553 2080 πόσης
580 1999 727 2082 αἱρέσεως.
769 1995 1017 2081 ’ὓοιλαμβάνεται
1043 1997 1099 2085 γάρ
1120 2005 1174 2064 τοῦ
1196 1997 1292 2081 νόμον
1313 1996 1406 2063 πόλιν
1429 2001 1487 2064 οιαὶ

310 2105 370 2164 τοῖν
385 2107 560 2185 προφητῶν,
583 2098 691 2186 ἐχθρός
706 2097 749 2166 οδν
761 2108 816 2182 τῆς
830 2096 976 2182 ἀληθείας
990 2101 1042 2166 καί
1057 2107 1112 2166 τοῦ
1125 2097 1213 2186 ἀγίου
1228 2099 1408 2182 πνεῦματος,
1427 2113 1487 2167 τοῦ

311 2204 343 2268 ἐν
358 2199 441 2289 νδμςο
467 2203 518 2266 ιιαλ
537 2204 569 2266 ἐν
589 2200 760 2288 προφήταις
781 2201 986 2285 λελαληιιότος,
1017 2207 1069 2267 ιιαί
1090 2224 1181 2285 φησι,
1215 2200 1326 2284 ιφήσει
1346 2201 1487 2284 χολᾶσας

310 2309 457 2390 γλῶσσαν,
489 2301 531 2379 οῦς
548 2305 598 2368 καί
622 2301 683 2382 ἀεί,
706 2303 781 2368 κατά
797 2310 852 2368 τοῦ
869 2311 946 2369 θεοῦ
960 2311 1015 2370 τοῦ
1036 2303 1218 2388 ποιήσαντος
1233 2301 1270 2368 τά
1292 2302 1407 2383 πάνια,
1432 2313 1486 2368 λσ-

308 2404 452 2489 λήσαντός
477 2430 510 2470 τε
536 2408 568 2471 ἐν
596 2404 679 2494 νόμῳ
702 2407 752 2470 καί
775 2408 806 2471 ἐν
827 2406 1014 2490 προφήταις,
1045 2405 1159 2492 πατρός
1184 2405 1272 2482 ὄντος
1293 2413 1346 2472 τοῦ
1367 2411 1485 2492 ανρίοο

308 2606 497 2692 δνομάζεται,
520 2615 570 2676 καί
590 2632 680 2692 φησι,
708 2607 755 2686 Ἐξ
770 2609 864 2676 αῦτοῦ
881 2613 1046 2694 ἐπιθυμία,
1069 2613 1119 2676 ιιαλ
1134 2614 1165 2688 ἐξ
1183 2611 1278 2676 αὐτοῦ
1296 2608 1402 2690 φόνοι,
1428 2613 1482 2676 παλ

309 2709 346 2776 τό
361 2707 435 2776 ἀλλα
458 2712 571 2776 πάνσα·
600 2711 810 2797 παρενελεῦετο
832 2711 887 2798 γάρ
912 2715 963 2778 ααλ
991 2711 1092 2796 ίμάτια
1114 2709 1293 2798 ἀφαρπάξαι
1305 2718 1366 2776 νῦν
1382 2715 1482 2798 Αἰγο-

309 2819 417 2891 πτίοιν,
440 2818 551 2889 θυσίας
572 2815 604 2878 δὲ
628 2811 709 2903 αῦτρῦ
726 2815 966 2899 προςφέρεοθαι,
988 2817 1039 2880 καί
1055 2812 1092 2878 τά
1108 2811 1181 2880 ἀλλα
1194 2813 1292 2880 πόντοι
1308 2811 1366 2879 ῦσα
1386 2819 1481 2900 πειρί-

308 2939 351 2998 χει
367 2913 475 2997 νόμος·
498 2913 639 2995 φονεύειν
655 2915 687 2980 δέ
707 2914 759 2980 τόν
777 2914 961 2996 φονεύοντα,
986 2914 1027 2993 οῦς
1041 2917 1145 3000 μηνίει
1160 2915 1321 3000 ἀρνεῖσθαι
1341 2921 1384 3006 τῷ
1395 2916 1480 3003 πρό-

309 3043 350 3106 τρι
373 3015 476 3106 φόνῳ,
505 3013 578 3082 ἀλλά
606 3019 657 3082 καί
679 3016 817 3100 δεῦτερον
835 3017 1024 3103 ἐργάζεσθαι,
1056 3023 1152 3105 δῆθεν
1169 3021 1360 3094 ἐκδικοῦντος
1382 3017 1481 3085 αῦεοῦ

309 3117 362 3184 τάν
376 3125 495 3204 πριῦτον
509 3117 622 3199 φόνον,
645 3118 797 3202 ἐμβάλλειν
819 3144 849 3184 τε
865 3123 1029 3202 ἐπιθυμίας
1050 3123 1093 3196 είς
1113 3119 1166 3198 τάς
1187 3125 1324 3196 διανοίας
1343 3128 1405 3187 νῦν
1429 3119 1482 3186 ἀν-

308 3221 453 3304 θρώπων,
480 3223 549 3286 ’καὶ
566 3221 736 3306 γλιχομένας
751 3227 912 3306 γνναιιιοῦν,
934 3224 985 3287 ιιαλ
1001 3229 1059 3288 νῦν
1072 3221 1167 3289 ἀλλον
1179 3221 1374 3309 πραγμάτων.
1401 3219 1481 3307 Ἐχε-

308 3320 416 3404 θῦμοος
431 3323 479 3402 δέ,
502 3326 594 3406 φησί,
617 3323 701 3409 ὀλίγα
717 3325 785 3408 περί
800 3331 855 3389 τοῦ
871 3329 1004 3410 Χριστοῦ
1018 3323 1257 3410 προεφήτευσεν,
1281 3328 1333 3390 ἵνα
1349 3323 1402 3390 διά
1415 3332 1482 3392 πᾶν

308 3422 415 3510 ἀλίγον
437 3423 635 3514 πιστοποιήση
659 3423 911 3510 πιθανολογήοας.
959 3427 1019 3491 Kal
1043 3433 1138 3493 ταῦτα
1161 3419 1199 3510 ήν
1222 3424 1259 3491 τά
1281 3425 1402 3512 ῥήματα
1423 3434 1480 3494 τοῦ

308 3533 456 3611 τολμηροῦ
474 3525 588 3609 Μόνη,
611 3526 631 3591 ἀ
654 3526 730 3592 ιιαεά
752 3534 805 3592 τοῦ
823 3531 903 3594 ίδίου
926 3528 1074 3595 δεσπότου
1090 3526 1330 3616 ἀθυρογλόττοις
1348 3530 1480 3615 φθέγγε-

307 3657 363 3695 ται.
409 3629 606 3710 Καεανοήοας
623 3631 657 3694 δέ
672 3656 717 3706 τις
732 3633 792 3694 ίδοι
808 3631 901 3712 μηδὲν
915 3633 1015 3718 ἕτερον
1031 3633 1064 3697 ἐν
1077 3629 1172 3720 τοῦεφ
1195 3628 1393 3712 φαινόμενον,
1414 3629 1474 3698 W
1567 3631 1568 3700 λ

308 3731 562 3816 ἢφρενιτιῶνεος
586 3733 666 3817 ἔργα.
708 3729 761 3806 Ὡς
786 3730 842 3816 γάρ
866 3729 887 3797 δ
907 3731 961 3816 τήν
985 3741 1120 3818 φρενῖτιν
1145 3735 1220 3817 ίγοιν
1234 3731 1384 3818 μάηαιραν
1404 3731 1480 3798 καθ’

307 3835 416 3900 ἑαυτοῦ
433 3831 594 3912 όπλίζεται,
625 3835 677 3898 καί
692 3832 742 3898 διά
759 3832 813 3916 τήν
836 3836 999 3918 ἐπιληψίαν
1024 3833 1077 3912 τάς
1094 3837 1203 3902 ἐαυτοῦ
1226 3833 1342 3921 σάριιας
1361 3837 1480 3918 tim-v

307 3941 415 4019 νομίζει
435 3934 563 4022 ἐχθροῦς
578 3933 769 4019 ἀμύνασθαι,
791 3938 842 4002 ιιαλ
860 3934 917 4002 οῦιι
931 3934 1023 4017 οἶδεν,
1045 3937 1125 4004 οῦεο
1139 3939 1192 4003 καί
1207 3929 1299 4013 οῦτος
1318 3935 1390 4002 καθ’
1408 3939 1479 4004 ἐσο-

306 4045 362 4103 τοῦ
383 4039 573 4117 διοπλίζεται,
596 4035 637 4120 μή
658 4043 738 4103 νοῶν
759 4037 813 4114 εάς
833 4040 922 4116 λέξεις
944 4038 981 4115 ἀς
1001 4037 1072 4105 καθ’
1094 4041 1204 4106 ἑαυτοῦ
1223 4040 1387 4119 ἐφίλαιααα
1433 4041 1481 4104 El

309 4136 364 4224 γάρ
381 4143 411 4217 ἐξ
422 4138 522 4206 ἀῦτοῦ
543 4136 564 4223 ή
586 4141 748 4221 ἐπιθυμία,
771 4145 823 4206 ιιαί
840 4144 1005 4225 ἐπιθυμίας
1021 4145 1144 4228 ἐνεργεῖ,
1166 4149 1233 4219 ποῦς
1247 4139 1313 4208 ἀνι)
1326 4143 1378 4208 ιιαλ
1393 4137 1477 4206 αόαι

341 4391 365 4445 4.
384 4394 428 4446 καὶ
444 4411 490 4445 σοι.
508 4401 545 4448 ed.
564 4401 644 4450 Ρεισν.
665 4399 745 4450 σολον.
762 4401 867 4461 repetita„

341 4462 402 4513 Gn.
417 4463 511 4514 Lxxl.
526 4493 560 4504 -
594 4467 617 4517 1.
634 4461 712 4532 φύσει
728 4481 775 4518 σοι.
785 4469 823 4518 ισ.
839 4469 921 4519 Ριίσυ.
