3154 4930
366 223 503 276 PeNtntt
521 225 585 278 ΗΒ.
601 227 632 278 tt.
650 224 733 278 ΤΟΜ.
749 227 781 278 ll.
798 226 901 279 HAEll.
915 227 1009 280 LXVI.
1206 221 1269 282 517

95 365 193 409 sermo
213 347 384 424 superadde,
417 355 446 406 et
470 357 622 424 cognoscet
649 348 741 407 duee?
783 349 870 427 Impri'
894 369 960 410 cern
988 350 1209 429 obfirmabuntur
1238 357 1268 414 rir

96 449 170 508 illan

162 543 256 610 Plane
272 546 350 610 euim
366 566 431 610 eum
448 545 545 632 impiis
563 545 594 612 iu
610 547 717 612 divinis
738 570 772 612 an
789 548 967 613 coelestibus
984 551 1111 616 oraculis
1129 553 1261 618 imbecil-
1298 551 1362 616 Gap.

95 648 134 712 lis
152 659 240 732 atque
254 648 360 733 impius
378 648 508 714 redditus
527 669 596 714 esse
611 661 803 714 memoratur.
839 649 919 714 Nam
936 652 1069 716 salvator
1085 655 1172 738 paulo
1192 666 1260 720 ante
1278 617 1399 672 vattt.

94 751 233 828 dixerat,
258 753 389 812 l'r'ttebom
405 753 541 814 Solonem
558 757 643 832 quusi
654 755 767 834 fulgur·
782 757 817 814 de
838 757 1090 830 reclamantem·
1115 759 1171 819 boc
1188 778 1260 822 veru
1272 774 1328 823 noe.
1339 777 1372 833 to,
1386 779 1421 823 re.

95 852 185 932 loeo,
215 857 350 934 Prrlrreps
369 857 470 915 mundi
483 857 567 915 dur'ur
584 859 713 918 cribretur
719 857 818 936 foras.
866 850 954 936 Quod
972 855 997 918 si
1016 856 1051 918 dc
1070 853 1184 920 Saum
1209 859 1267 922 iem

95 955 182 1038 lapso
208 953 397 1038 loqueretur,
429 954 496 1038 quid
522 954 601 1018 illum
625 956 723 1018 denuo
747 956 936 1040 praecipitari
961 957 1085 1022 attinet?
1127 957 1211 1042 Ergo
1234 960 1265 1024 iu

95 1057 238 1140 abyssum
262 1055 456 1120 deiicierrdum
486 1057 577 1120 luisse
603 1056 729 1120 dixeris.
777 1054 917 1122 Ceterum
940 1057 1056 1122 ubinam
1086 1060 1265 1124 exaltandus

94 1168 164 1221 erat
180 1157 333 1222 domiuus?
376 1156 411 1222 Si
428 1179 467 1222 ex
488 1159 598 1244 abysso
615 1159 646 1222 in
663 1158 788 1223 sublime
806 1159 860 1222 luit
879 1159 1073 1240 attollendus,
1098 1161 1203 1225 similis
1220 1162 1264 1225 lo·

95 1281 152 1325 cus
171 1281 235 1322 cum
256 1259 342 1323 simili
362 1271 547 1344 comparatus
570 1262 694 1325 eandem
719 1261 885 1326 sententiae
901 1261 962 1325 vim
980 1261 1077 1325 efficit.
1123 1261 1265 1347 Quando·

94 1381 165 1426 uam
182 1361 260 1425 euim
283 1373 329 1424 est
345 1362 491 1426 exaltatus
513 1360 542 1425 io
563 1363 663 1426 terra?
707 1360 809 1444 Quare
825 1364 861 1426 de
878 1363 976 1426 crucis
991 1363 1189 1443 exaltatione,
1214 1365 1265 1428 de·

93 1485 155 1548 que
173 1484 226 1528 sua
242 1463 272 1526 in
287 1464 401 1528 coelum
420 1464 636 1528 conscensione
655 1463 845 1550 loquebatur,
878 1473 910 1528 ut
926 1464 962 1526 ad
987 1483 1021 1528 ee
1043 1465 1139 1550 ipsum
1162 1485 1265 1530 omnes

91 1566 270 1630 attraheret.
317 1562 470 1647 Quaenam
491 1566 596 1630 deinde
620 1566 698 1629 ratio
722 1575 784 1644 est,
817 1586 869 1628 eur
894 1587 952 1628 ocu
980 1566 1009 1630 in
1035 1568 1119 1630 coelo
1143 1588 1266 1632 manens

93 1669 165 1732 inde
183 1668 348 1752 pertraxit,
373 1669 425 1732 sed
445 1668 480 1730 ad
499 1680 607 1731 terram
624 1687 716 1752 usque
732 1666 902 1730 descendit?
946 1663 1112 1754 Oportebat
1128 1666 1265 1733 nimirum

94 1769 202 1834 venire
220 1771 333 1856 ipsum,
358 1782 446 1854 atque
467 1769 593 1834 bominis
610 1771 731 1853 liguram
756 1768 926 1852 suscipere,
950 1778 982 1832 ut
998 1769 1130 1854 inprimis
1154 1793 1208 1834 vas
1231 1771 1266 1833 il-

92 1873 143 1936 lud
161 1883 312 1950 sanetum,
336 1873 411 1958 quod
430 1873 466 1936 de
485 1869 583 1934 Maria
599 1870 715 1953 virgine
732 1869 873 1954 sumpsit,
897 1881 1031 1934 sanctum
1049 1871 1188 1936 videlieet
1208 1873 1265 1937 sibi

92 1994 205 2059 eorpus
221 1975 380 2058 effingens,
405 1995 439 2036 ac
457 1974 529 2036 deus
553 1972 675 2035 verbum
701 1971 838 2049 eenole,
863 1971 958 2055 deque
973 1984 1097 2056 paterno
1122 1972 1190 2037 sinu
1213 1975 1264 2038 de·

92 2077 262 2154 scandens,
287 2096 370 2138 strum
388 2074 458 2137 illud
476 2093 584 2158 eorpus
601 2074 767 2152 attolleret,
792 2085 851 2136 tum
869 2073 917 2139 ubi
936 2083 1018 2138 esset
1033 2074 1098 2158 ipse
1117 2074 1262 2155 sublatus,

92 2177 195 2242 suiad
218 2197 286 2240 sese
310 2175 422 2238 similes
447 2175 621 2238 attraheret.
668 2172 729 2239 Sed
753 2175 887 2258 quisnam
914 2185 960 2238 est
984 2175 1070 2240 buius
1095 2176 1145 2241 ille
1167 2183 1267 2240 mundi

92 2284 255 2360 Prrirceps?
298 2275 435 2362 inprimis
455 2297 519 2338 curn
541 2277 598 2354 ait,
633 2281 719 2338 Tutus
736 2281 856 2338 mundns
874 2282 904 2340 r'n
925 2280 1050 2356 malagna
1069 2283 1181 2358 pnsr‘tcs
1202 2277 1412 2377 scalptffiffiil·

93 2401 157 2444 uon
183 2379 315 2457 coelum,
346 2399 405 2440 nou
431 2387 557 2457 terram,
591 2399 650 2442 uno
675 2378 787 2455 solem,
820 2389 870 2442 aut
893 2379 992 2442 lunam
1017 2379 1170 2464 intelligit,
1201 2383 1345 2444 ucobffl·

93 2482 226 2565 stirpes,
250 2499 348 2556 more,
372 2491 507 2558 montes,
537 2487 654 2559 obrem,
680 2479 791 2557 urbes,
817 2489 939 2556 ventos,
971 2479 1086 2560 sidera,
1111 2481 1260 2560 volucres,

92 2603 199 2646 rerum
218 2582 344 2666 denique
369 2581 553 2644 conditarum
575 2581 702 2660 nullum,
736 2582 788 2644 sed
810 2580 959 2646 bominum
977 2583 1102 2646 mundus
1124 2583 1262 2668 superbia

88 2684 201 2750 rnentis
218 2693 282 2761 est,
305 2693 336 2745 et
356 2684 449 2746 lactus
464 2683 622 2761 audaciae,
646 2693 677 2746 et
694 2682 763 2746 elati
779 2683 868 2746 animi
886 2684 915 2746 iu
931 2683 1096 2748 bominibus
1119 2705 1262 2768 arrogan-

88 2787 146 2850 tia.
195 2781 288 2868 Igitur
304 2783 402 2848 mundi
421 2781 563 2869 Princeps
579 2784 628 2848 ille
648 2785 785 2848 deorsum
804 2784 943 2870 superbia
963 2807 1016 2850 sua
1039 2785 1155 2849 cecidit.
1203 2785 1415 2893 legggffl

85 2892 185 2960 earm,
209 2885 320 2970 inquit,
341 2890 467 2966 glcn‘cm
491 2888 527 2946 ab
552 2891 669 2948 aberrem
693 2891 813 2968 eupr’lrb:
844 2910 897 2968 ego
919 2910 984 2950 nere
1000 2911 1056 2950 non
1071 2910 1177 2968 quaero
1191 2892 1257 2968 glo-

85 2994 165 3052 riam
181 3010 278 3051 merra.
325 2988 374 3050 Αιι
393 3009 451 3054 uon
467 2988 604 3072 snperbia
622 2987 754 3053 excitor
776 2985 846 3050 Nou
863 2986 1007 3074 Princeps
1025 2989 1123 3054 mundi
1142 2991 1260 3054 contro·

86 3102 158 3156 etrus
178 3101 241 3170 est,
267 3113 332 3156 cnut
349 3101 378 3154 et
395 3089 532 3177 Herodes
549 3101 731 3155 mortuorum
748 3110 782 3152 ae
797 3089 932 3155 rivorum
951 3091 1077 3155 iudicem
1096 3091 1261 3154 dominum·

85 3215 148 3278 que
166 3193 328 3258 custodiret
345 3214 381 3256 ac
405 3191 512 3256 iudicio
531 3192 711 3256 subiiceretl
744 3213 809 3256 eum
830 3194 1014 3278 praesideret
1029 3190 1160 3258 Pilatus'l
1193 3212 1259 3256 cum

85 3296 213 3362 satelles
229 3296 335 3360 malam
355 3295 512 3359 caederet?
542 3291 629 3358 ludas
644 3295 802 3378 proderet?
825 3291 955 3380 Caiphas
972 3295 1134 3359 iudicaret?
1158 3291 1278 3360 ludaei.

84 3399 187 3484 sputis
210 3398 424 3482 aspergerent?
453 3396 561 3459 milites
582 3393 710 3479 denique
732 3407 817 3480 eaput
844 3397 908 3461 eius
932 3397 1061 3482 colaphis
1085 3396 1256 3475 tunderent,

83 3503 140 3586 qui
159 3501 224 3564 solo
241 3511 313 3563 uutu
327 3499 441 3563 coelum
456 3509 623 3582 terramque
642 3507 838 3582 contorquere
853 3502 973 3582 posset?
1005 3497 1089 3562 Haec
1103 3499 1193 3582 igitur
1208 3519 1258 3562 su·

84 3603 204 3689 perbis,
230 3603 302 3666 haee
317 3601 450 3681 atrdecia,
470 3601 543 3664 baec
558 3599 666 3663 muodo
683 3598 864 3664 addictorum
883 3599 1031 3664 bominum
1047 3600 1143 3684 gloria
1159 3582 1349 3690 mnndr'ffi'lffi

83 3710 142 3769 ille
159 3709 295 3784 Praeceps
319 3703 436 3788 estqui
463 3703 492 3766 io
519 3714 628 3765 terram
653 3701 806 3787 prolapsus
830 3711 888 3765 est.
935 3699 1054 3765 Etenim
1075 3701 1123 3785 qui
1148 3701 1179 3763 in
1202 3701 1258 3763 boc

83 3807 200 3872 muodo
223 3807 364 3870 bonorum
382 3816 412 3869 et
426 3804 600 3889 dignitatum
623 3803 763 3888 gradibus
785 3804 982 3883 antecellunt,
1005 3803 1046 3867 ita
1064 3802 1258 3888 principatum

82 3909 241 3986 obtinent,
267 3919 298 3972 ut
315 3907 500 3992 arrogantia,
524 3905 696 3983 insolentia,
719 3906 814 3990 gloria
834 3906 1029 3990 superbiaque
1047 3926 1115 3970 sese
1136 3905 1256 3969 nimium

81 4012 234 4088 efferant,
258 4029 334 4093 quae
352 4010 466 4095 quidem
487 4029 505 4072 a
526 4009 675 4073 salvatore
698 4018 800 4072 oestro
822 4007 977 4071 abluerunt
995 4008 1103 4072 emnia.
1149 4013 1252 4070 Libum
1266 4013 1329 4059 8⁶⁸¹·
1342 4013 1376 4070 fl,
1389 4012 1410 4058 ³·

81 4117 164 4176 enain
183 4115 329 4192 fumigans
350 4135 406 4174 non
428 4116 592 4192 eutrirguct,
617 4123 648 4172 et
666 4114 805 4172 calumum
826 4113 979 4171 connitum
1001 4132 1057 4172 nnn
1079 4111 1252 4192 ecnsmnget.

122 4244 149 4299 4.
166 4243 286 4310 ἀλαζονία
310 4249 362 4298 ced.
384 4261 427 4298 ms.
443 4253 555 4310 mergur,
580 4251 601 4298 el
618 4247 656 4298 ed.
723 4243 747 4298 6.
767 4243 810 4312 μὲι
826 4259 872 4296 nort
890 4245 1142 4308 remuneremur.

76 4321 165 4383 princ.
723 4313 747 4367 t.
764 4317 791 4366 lu
805 4315 856 4366 cod.
865 4313 964 4376 ltbrdlc.
976 4314 1019 4364 boe
1029 4309 1101 4368 otiolo
1117 4316 1254 4366 collocutum

122 4387 148 4436 5.
165 4379 185 4450 ri
207 4379 365 4450 ὑπερηφανία
395 4398 446 4447 epo.
488 4385 561 4446 tuum
591 4387 656 4436 estut
690 4388 722 4438 erl
739 4387 792 4434 onte
810 4376 922 4447 εὕρηται.

77 4449 267 4524 ὕπερηφαιῑᾳ,
284 4455 365 4504 duem
382 4467 441 4504 reru
455 4454 505 4506 rtur
521 4455 629 4504 articulo.
723 4449 747 4504 ἃ
764 4445 934 4518 τιθρασμένοι
950 4451 1002 4504 eod·
1017 4449 1117 4514 bledla.
