3116 4934
337 263 475 318 rnnanrr
491 265 556 317 arn.
568 261 600 316 tr.
616 263 699 316 ron.
714 265 734 314 ι.
750 261 852 314 naun.
863 261 958 323 nxrn.
1162 249 1221 312 221

76 393 117 462 et,
139 387 208 465 Ego
220 407 281 447 ιιιιιι
298 389 351 467 qni
364 407 443 448 suun:
477 405 514 450 ne
531 383 596 470 quis
615 383 704 448 lilinur
721 402 757 446 au
773 381 1063 468 spir-trumentum
1086 379 1223 465 abneget,

76 485 108 550 ob
122 488 172 566 iul,
194 491 289 562 Pater,
314 487 420 572 iuquit,
443 507 521 550 meus
535 491 627 550 ιιιιιιόι1
639 509 682 548 ne
696 497 755 548 est.-
781 494 828 565 et,
854 489 893 548 Ut
904 495 1077 566 eognoreont
1093 496 1120 548 te
1133 478 1377 588 solumlgffiffi

75 611 164 652 muno
180 594 273 666 deum,
297 601 328 652 et
342 611 421 674 quem
438 595 543 653 ιιιίιίιιι·
552 594 644 652 lerum
661 592 814 650 Onniton.
860 585 931 652 Non
949 588 1025 672 quotl
1043 587 1119 652 filius
1133 609 1223 652 verus

76 692 141 756 leus
157 692 277 758 ruiniure
294 693 351 773 sit,
374 694 426 758 seul
448 707 480 757 ut
496 693 617 756 eandem
635 691 665 754 iu
683 690 823 754 unitatem
841 689 980 754 trinitatis
1004 710 1110 753 nomen
1133 690 1226 754 eonii·

75 795 143 876 siat,
168 803 200 860 et
214 817 232 860 a
248 796 369 862 tleorunr
386 796 571 860 multitudine
586 795 623 860 ud
641 815 727 858 uuam
747 791 928 858 divinitatem
944 793 1092 857 bominum
1111 792 1225 858 animos

75 909 235 962 eonvertat.

152 998 285 1085 Quodsi
309 1021 412 1066 errore
434 1001 533 1086 lapsus
557 999 662 1086 aliquis
680 999 846 1076 existimet,
870 1017 959 1062 ιιιιιιιιι
978 999 1071 1062 solum
1093 997 1149 1063 diui
1172 1019 1224 1064 vo·
1242 993 1378 1064 enpvtrt.

73 1121 130 1166 rum
156 1105 262 1183 teum,
287 1102 422 1168 nimirum
446 1114 577 1188 patroru3
601 1103 689 1166 bliuur
709 1121 782 1166 uero
804 1121 872 1165 esse
888 1101 1021 1186 quidem,
1046 1121 1104 1164 non
1128 1111 1224 1165 tannen

74 1223 191 1287 ιιιιιιιι,
215 1206 272 1270 aliu
294 1205 370 1270 buno
387 1204 502 1270 ratione
519 1205 684 1284 convincit,
709 1205 775 1268 dunt
792 1204 832 1268 ita
846 1203 992 1288 loquitur:
1016 1209 1081 1286 Ego
1097 1225 1162 1266 rum·
1174 1208 1226 1266 lue
1234 1193 1376 1305 {2⁸35}ss

73 1329 149 1384 uero,
176 1331 249 1390 qaue
261 1312 404 1372 r'llurntitut
415 1331 520 1372 omnem
537 1311 673 1370 homoinem
689 1311 842 1369 uenientem
858 1309 888 1368 t'n
903 1310 978 1368 luno
993 1311 1134 1370 mundum.
1175 1303 1222 1369 De

74 1419 149 1494 patre
167 1431 242 1475 uero
258 1413 298 1475 ita
311 1412 456 1496 loquitur:
481 1416 557 1473 Deus
574 1413 628 1472 luo
643 1421 696 1472 est.
742 1407 809 1472 Neo
827 1407 919 1486 dixit,
943 1412 1010 1470 Ltus
1029 1426 1114 1484 veru,-
1138 1418 1170 1472 ut
1185 1429 1224 1472 ex

72 1514 197 1597 eoquod
215 1523 246 1577 et
261 1519 348 1577 Deum
365 1535 475 1590 oerurn,
500 1525 531 1578 et
550 1519 649 1576 Verum
665 1517 755 1575 luoem
773 1511 941 1597 appellauit,
967 1523 1024 1576 tam
1042 1511 1133 1598 patris
1152 1510 1226 1576 diri·

72 1615 188 1680 nitatem
208 1616 278 1695 tilio,
303 1638 388 1702 quam
403 1616 453 1681 filii
470 1616 544 1700 patri
563 1615 715 1700 aequalem
732 1615 974 1699 intelligeremus.
1020 1615 1118 1700 Atque
1135 1635 1174 1678 ex
1190 1633 1225 1678 eo

72 1719 142 1802 quod
163 1729 195 1782 et
214 1729 297 1803 pater
313 1719 383 1798 lux,
407 1729 438 1782 et
452 1719 523 1782 deus
542 1718 705 1804 appellatur
722 1716 816 1795 illius,
841 1735 936 1800 oeque
956 1717 1003 1779 bio
1019 1715 1093 1782 Veri
1117 1737 1224 1781 nomen

71 1819 213 1885 pileolum
229 1821 285 1901 sit,
309 1821 385 1906 quotl
407 1821 522 1907 quidem
538 1839 664 1884 neeesse
679 1841 739 1884 non
756 1827 831 1898 erat,
856 1819 984 1903 eoquod
1001 1819 1081 1883 nulla
1099 1821 1175 1883 ioret
1189 1820 1224 1883 tle

71 1941 102 1985 ea
117 1944 152 1988 re
170 1922 326 1988 dubitatio.
372 1921 429 1989 llis
448 1923 526 1988 enim
544 1923 683 2002 vocibus,
707 1927 764 1984 Dei
779 1942 815 1986 eo
831 1927 934 1996 Lucu,
959 1923 1091 2006 perlecta
1108 1922 1226 1986 eadem·

70 2045 122 2108 que
139 2027 341 2110 germanitas,
365 2037 400 2091 nt
418 2026 459 2091 ita
480 2025 591 2105 dicam,
615 2024 705 2112 putris
726 2047 791 2090 oum
813 2025 891 2104 lilio,
916 2035 947 2088 et
964 2023 1014 2088 ulit
1040 2045 1104 2088 oum
1128 2035 1222 2112 patre,

69 2126 221 2214 perspioue
236 2129 415 2194 declaratur.
461 2127 571 2214 Sioque
586 2127 682 2193 omnis
698 2139 766 2192 tuae
784 2126 920 2191 falsitatis
934 2126 1051 2190 insania
1061 2127 1223 2200 refellitur.

68 2226 159 2296 Pater
172 2229 314 2316 siquidem
333 2242 417 2318 pater
436 2243 497 2310 est,
522 2242 552 2296 et
569 2231 644 2295 lilius
662 2231 754 2309 filius,
778 2241 809 2294 et
825 2229 945 2316 spiritus
963 2239 1083 2294 sanetus
1105 2229 1226 2314 spiritus

70 2343 207 2412 sanutus,
232 2353 325 2418 euque
340 2335 405 2420 ipsu
424 2333 558 2414 trinitas,
583 2334 677 2398 deitas
693 2353 769 2411 noa,
794 2353 853 2396 una
867 2332 978 2416 gloria,
1003 2351 1117 2416 unaque
1133 2331 1225 2395 doun-

70 2437 161 2501 natio.
207 2431 265 2502 Cui
281 2435 394 2521 gloria,
419 2436 530 2517 bonor,
553 2435 722 2523 imperium,
747 2435 822 2522 patri
842 2435 871 2498 io
891 2433 968 2514 lilio,
992 2433 1052 2497 lilio
1073 2434 1103 2497 in
1127 2444 1222 2519 patre,

69 2558 131 2602 eum
154 2549 260 2604 noeto
282 2537 386 2624 spirito
409 2537 439 2602 iu
462 2539 562 2604 secula
583 2537 767 2618 seonloruur,
793 2537 901 2601 Aureo.

150 2639 215 2706 Setl
231 2653 386 2728 postquam
407 2640 543 2706 haeresin
567 2641 654 2706 istam
672 2641 754 2705 velut
777 2639 882 2726 lyben,
907 2649 959 2704 aut
975 2637 1135 2718 molarum,
1160 2639 1225 2704 sire

68 2745 197 2830 elopem,
222 2753 274 2808 aut
291 2745 368 2808 uliud
387 2743 530 2830 quoddam
550 2743 766 2808 atrocissimum
783 2743 930 2828 serpentis
951 2761 1062 2827 genus,
1087 2743 1162 2827 quotl
1181 2752 1225 2806 ta·

68 2866 132 2910 nen
149 2846 224 2912 nibil
243 2866 298 2911 uos
314 2846 461 2912 morsibus
476 2847 539 2912 suis
554 2847 673 2912 laedere
689 2845 801 2930 potuit,
822 2845 1028 2926 discussimus,
1052 2865 1088 2910 oe
1104 2856 1225 2910 sanotae

69 2949 206 3014 trinitatis
229 2970 285 3036 ope
306 2971 340 3014 ao
358 2950 467 3015 virtute
489 2949 695 3034 protrivimus,
719 2949 754 3012 atl
774 2948 902 3032 reliquas
922 2947 1056 3013 oratione
1079 2958 1223 3034 promotu,

68 3052 192 3116 euutleur
215 3053 297 3138 prius
319 3052 437 3139 inopiae
457 3063 577 3116 nostrae
596 3051 796 3116 aeternitatis
815 3050 978 3115 adiutorem
997 3051 1083 3114 deum
1104 3051 1225 3117 innoee-

68 3175 148 3234 urus,
174 3154 260 3219 ouius
277 3155 425 3240 praesidio
442 3155 511 3219 lreti
533 3175 608 3239 quae
625 3154 662 3218 ab
684 3173 858 3238 unaquaque
881 3153 995 3218 haeresi
1018 3153 1154 3218 (linuntur
1175 3163 1226 3217 aut

67 3255 139 3321 lunt
160 3257 249 3322 simul
271 3279 336 3322 nutu
359 3277 461 3322 eorum
484 3256 684 3322 oonlutatione
706 3275 872 3342 proponere
894 3257 1051 3341 possimus.
1216 3273 1218 3278 ’
1281 3234 1296 3272 ⁸

289 3481 590 3559 ADVERSUS
618 3478 1009 3559 onluuntnttus

67 3603 218 3701 priores,
245 3603 302 3698 qui
320 3609 353 3677 et
366 3603 474 3679 nocui
490 3603 722 3694 nominantur,
749 3625 831 3696 quoe
848 3608 900 3676 est
916 3599 1063 3678 haeresis
1080 3597 1223 3692 XLIIL,

534 3723 606 3800 sire
630 3720 762 3798 thtt.

151 3871 295 3940 Nonnulli
311 3887 397 3954 sunt,
421 3895 494 3960 quos
509 3871 669 3961 Origeoios
686 3875 850 3960 appellant,
874 3895 949 3960 quae
973 3873 1120 3938 bominum
1142 3881 1223 3936 seete
1241 3867 1302 3939 ⁰⁸9·
1318 3871 1337 3923 ¹·

67 3995 126 4039 non
149 3979 359 4063 usquequaque
382 3977 567 4058 dilluotlitur,
598 3977 734 4063 proximo
758 3988 855 4042 tamen
879 3977 945 4042 loeo
968 3985 1034 4065 post
1054 3974 1224 4060 superiores

65 4079 133 4142 illas
150 4077 222 4144 baeu
242 4079 374 4144 baeresis
391 4079 531 4144 oooorrit.
577 4078 637 4146 Setl
653 4099 778 4165 quanam
795 4081 830 4144 tle
847 4099 952 4143 oaussa
964 4075 1099 4163 Origenii
1116 4099 1225 4142 vooeu-

67 4182 286 4262 tur,'noutlunt
305 4183 391 4268 plane
407 4182 552 4270 comperi5
577 4191 741 4246 utrumnam
761 4182 797 4246 ab
812 4179 945 4268 Origene
963 4181 1152 4260 Adamantio,
1176 4182 1224 4266 qui

66 4295 265 4369 cognomento
283 4285 459 4372 Syntaotes,
484 4285 540 4350 boo
561 4295 606 4350 est
623 4282 827 4365 Lucubrator,
853 4295 898 4349 est
921 4285 1032 4366 dietus,
1056 4305 1093 4348 an
1114 4283 1150 4348 ab
1173 4284 1226 4348 ali·

67 4407 125 4472 quo
141 4387 252 4466 altero,
276 4389 370 4473 quod,
394 4397 426 4452 ut
444 4386 524 4468 (lixi,
548 4387 664 4474 penitus
681 4387 805 4474 ignoro,
830 4409 885 4453 uec
902 4387 980 4453 alind
997 4399 1114 4476 praeter
1130 4387 1225 4473 ipsum

101 4522 164 4574 Cur.
181 4527 200 4577 l.
218 4553 252 4564 -
287 4525 311 4578 1.
330 4527 405 4592 Vulpo
421 4519 502 4580 niort·
