3154 4930
347 236 484 290 renuunt
499 235 563 290 ute.
575 239 606 288 rr.
622 237 703 290 root.
719 239 750 290 rr.
769 235 973 291 tremuntur.
1108 263 1109 266 =
1177 227 1239 292 453

97 355 152 424 Sed
166 377 220 422 uec
233 357 358 422 mundus
373 357 436 444 ipse
452 357 487 420 sd
503 358 588 420 dcnnr
602 357 741 442 pertinet,
763 378 865 422 nomm
879 377 919 422 ex
933 358 1073 422 meteriuc
1090 359 1165 424 muts
1180 361 1240 424 iur-

94 472 183 526 mntns
203 469 267 540 cstr
291 461 328 524 ob
347 460 375 523 id
392 459 530 524 universo
546 471 682 545 percunt.
728 457 816 542 Quod
830 471 926 524 nutem
946 461 1040 544 prirno
1060 481 1100 526 cx
1123 461 1239 528 bomine

93 561 240 648 Principes
265 573 442 648 rapuerunt,
472 562 549 626 istud
577 563 671 648 ipsum
697 583 771 626 onus
795 562 935 646 estquod
960 563 1118 648 imponitur
1138 564 1237 645 tunso,

94 667 221 750 quodque
239 665 361 750 singolis
378 665 480 730 diebus
499 687 516 728 u
534 666 631 728 mundi
647 665 822 748 contagione
840 675 990 750 purgatur.
1027 665 1135 730 Animo
1150 687 1236 746 vcro,

94 789 163 853 quse
181 768 313 832 veritatis
329 789 438 853 expers
455 787 495 832 cx
512 767 567 830 buc
584 768 644 830 vito
663 767 804 846 discedit,
827 767 1018 832 daemonibus
1041 768 1182 848 truditur,
1207 779 1240 833 ut

92 891 152 934 curn
168 869 301 954 gebenna
320 881 406 954 utque
422 869 566 934 incendiis
585 871 733 933 edoment.
779 867 893 934 Deinde
910 869 951 934 ite
967 870 1108 954 castigata
1123 870 1153 932 iu
1172 891 1238 933 cor-

90 993 158 1056 pora
175 973 328 1037 edomandi
345 993 460 1036 rursum
477 973 572 1057 gratis
586 972 809 1054 transmittitur3
834 974 910 1036 uude
926 972 1076 1056 ingentem
1093 972 1237 1056 inignem

89 1075 123 1137 nd
145 1074 229 1138 finem
251 1096 345 1159 usquc
367 1073 501 1140 mittitur.

170 1174 215 1240 De
240 1177 389 1262 propbctis
406 1177 518 1242 nostris
539 1177 579 1240 ito
602 1175 735 1240 disserit=
768 1173 929 1261 impietatis
953 1175 1018 1242 sire
1042 1176 1237 1263 improbitatis
1273 1186 1334 1253 Cap.

88 1279 269 1343 tenebrarum
286 1300 352 1344 csse
367 1279 512 1366 spiritum,
533 1279 581 1363 qui
598 1279 731 1342 escendit
747 1279 783 1342 ub
797 1278 898 1359 initio;
922 1289 953 1342 et
969 1280 1005 1344 ob
1021 1278 1049 1343 id
1063 1280 1237 1346 uberrontcs
1261 1255 1350 1308 xxx·

87 1381 156 1446 nibil
177 1382 265 1445 incuti
290 1392 375 1462 sunt,
405 1383 480 1466 qnod
502 1382 617 1446 illorum
639 1379 781 1466 Princeps
806 1391 980 1446 occaecatus
1008 1383 1106 1446 unirno
1135 1382 1234 1448 inerit.

86 1483 216 1568 Quorum
234 1484 282 1570 qni
298 1485 483 1550 sermonibus
501 1484 657 1562 auscultet,
680 1484 710 1548 in
727 1484 934 1569 sempiternum
953 1483 1040 1570 perit,
1065 1485 1100 1549 ud
1120 1486 1235 1568 glebam

84 1585 227 1670 illigatus,
253 1609 306 1672 pro
329 1607 366 1651 co
388 1588 465 1672 quod
482 1584 629 1651 Paracleti
650 1586 803 1650 scientium
824 1585 941 1650 minime
966 1587 1076 1650 didicit.
1124 1584 1236 1670 Quine-

84 1690 152 1754 tiam
170 1689 241 1754 sotis
256 1690 285 1753 id
301 1689 403 1753 eiectis
419 1691 498 1769 sois,
524 1689 573 1773 qui
593 1689 765 1774 conplures
787 1711 871 1774 quum
888 1699 999 1773 septem
1021 1690 1155 1767 fuerunt,
1180 1691 1236 1754 boc

82 1792 248 1856 munrlntnm
266 1791 360 1856 dedit=
386 1789 442 1858 Ubi
458 1792 553 1856 cibum
572 1791 771 1876 sumpseritis,
796 1802 897 1871 orote,
921 1804 952 1856 et
967 1793 1061 1856 oleum
1080 1793 1235 1856 multorum

81 1895 268 1960 invocatione
289 1896 437 1960 nominum
455 1905 658 1960 consecratum
684 1895 714 1956 iu
737 1904 824 1979 capnt
848 1895 1026 1979 inspergite,
1056 1905 1088 1959 ut
1109 1895 1183 1958 baec
1204 1895 1235 1958 in

81 1997 165 2062 robis
181 1999 252 2062 tides
270 1998 490 2062 corroboretur.
536 1993 583 2060 De
599 1996 704 2080 quibus
721 1997 886 2061 nominibus
904 1997 973 2060 nibil
991 2008 1037 2061 est
1056 1998 1123 2062 mibi
1144 1997 1235 2082 sigui-

79 2099 214 2178 bcctum3
238 2101 294 2164 soti
313 2101 390 2164 enirn
413 2099 454 2163 illi
473 2111 585 2184 septem
610 2100 654 2163 bis
672 2110 803 2164 utuntur.
848 2096 1009 2167 Praetereo
1028 2120 1143 2164 socrum
1165 2101 1234 2165 ittut

78 2223 114 2266 oc
132 2204 330 2268 venerantum
348 2203 421 2288 apud
441 2223 495 2266 nos
512 2200 643 2266 Subnntb
662 2221 767 2267 nomen
784 2201 876 2286 ipsum
900 2222 967 2266 csse
987 2202 1087 2268 dicunt
1109 2203 1234 2268 bominis

79 2315 232 2382 usturam,
257 2305 480 2389 cupiditatisque
503 2317 625 2390 putrem.
672 2301 859 2389 Quapropter
882 2305 1100 2388 [simpliciores]
1124 2305 1234 2391 cupidi·

78 2417 170 2472 tatem
193 2408 335 2488 odorent,
361 2418 391 2470 et
412 2427 479 2472 esse
502 2428 609 2471 numcu
632 2408 822 2471 arbitrentur.

164 2507 211 2573 De
229 2510 334 2574 Adurni
358 2509 508 2574 creatione
525 2511 565 2574 itu
583 2510 688 2574 sentite
719 2507 796 2572 Eum
816 2508 864 2594 qui
885 2508 925 2572 itu
947 2509 1061 2574 locotus
1085 2518 1147 2574 est:
1178 2515 1384 2590 Vocouutt

72 2618 153 2687 uite,
177 2617 323 2696 suciamus
346 2617 481 2676 homoinem
503 2617 542 2675 ud
560 2617 708 2694 siuugr‘uern
730 2623 855 2676 nuruum
873 2625 904 2674 ct
917 2616 1142 2688 nbtirtumirrm,
1168 2613 1232 2678 sive

74 2716 113 2779 ad
137 2735 201 2779 esur
220 2737 305 2799 quum
324 2716 448 2780 vidimus
472 2717 612 2795 formum,
636 2713 802 2800 Principem
819 2735 889 2778 esse
912 2715 959 2800 qui
977 2715 1099 2800 reliquis
1116 2713 1232 2780 Princi-

74 2818 163 2903 pibus
186 2818 311 2898 dixcrit,
335 2818 466 2898 Adeste,
490 2820 556 2881 dote
575 2818 645 2881 mibi
667 2839 707 2882 ex
729 2817 777 2881 ius
799 2818 863 2882 luce
888 2825 972 2901 quum
997 2819 1179 2904 occepimus,
1203 2833 1232 2882 ct

71 2924 216 3000 suciamus
234 2925 370 2998 bcmrircrn
388 2922 423 2984 ad
443 2929 594 2999 nostrum,
618 2921 666 3004 qui
681 2916 834 3004 Principes
853 2940 970 2999 sumus,
994 2921 1136 3004 effigiem,
1161 2943 1232 3007 quu-

72 3024 133 3088 tem
150 3023 339 3108 asperrimum
363 3025 411 3108 qui
432 3023 547 3108 quidem
567 3023 677 3108 primus
699 3022 785 3086 bomo
804 3032 860 3086 cst.
906 3019 951 3086 lta
974 3023 1120 3087 bominem
1144 3025 1232 3089 fubri-

71 3145 174 3188 usssc.
221 3123 333 3191 Eodem
349 3137 378 3190 et
393 3125 488 3190 Erum
503 3126 616 3189 rstionc
635 3125 818 3204 condidisse,
842 3125 926 3208 eique
948 3125 983 3188 dc
1002 3146 1056 3190 sun
1073 3127 1230 3212 cupiditate

70 3229 108 3291 nd
131 3227 276 3293 Adurnnm
293 3228 492 3314 decipiendum
511 3227 734 3313 impertiissem.
779 3227 826 3291 Ab
850 3227 888 3290 iis
910 3227 1060 3311 igiturex
1083 3227 1229 3315 Principis

69 3331 192 3415 opificio
214 3332 337 3395 mundns
359 3332 416 3395 iste
439 3331 598 3396 fabricatus
621 3340 677 3394 ost.

162 3434 210 3497 Ad
229 3435 300 3497 boec
317 3435 400 3497 deum
419 3434 490 3498 nibil
507 3433 614 3496 bsbcrc
635 3453 700 3497 cum
720 3433 775 3496 hnc
797 3433 904 3496 mundo
920 3453 1090 3513 commune,
1114 3455 1170 3498 nec
1193 3455 1229 3499 co
1245 3445 1342 3568 Xchpil

63 3589 104 3638 cd.
123 3589 208 3638 Pctcu.
249 3589 289 3639 Sic
311 3581 637 3653 monumentorum
669 3585 794 3656 pliciores.
817 3589 967 3650 ctzucuput
981 3586 1229 3650 antoninorum.

62 3653 112 3708 τὸν
139 3655 228 3722 βῶλον.
276 3659 327 3707 t'uc,
350 3657 429 3724 βῶλον
454 3657 500 3706 Vct
522 3657 637 3719 interpres
670 3657 881 3707 duutbcrnctr'smus
896 3657 1004 3706 Haeresis
1018 3658 1120 3706 btcm'cb.
1137 3671 1177 3718 up.
1195 3659 1230 3706 du

61 3728 140 3776 omtt
158 3741 271 3776 messum.
670 3726 787 3788 coaptum
804 3727 878 3776 Gloss.
902 3725 936 3774 cd
957 3725 1126 3786 Souroutos.
1148 3730 1169 3774 ct
1183 3725 1229 3787 Iul.

101 3793 130 3844 5.
149 3787 229 3844 endroit
244 3795 346 3844 codnts.
360 3795 461 3855 umque.
487 3787 564 3844 edroi
579 3793 636 3842 editt
670 3795 752 3844 Graec.
772 3791 848 3856 pto.
868 3790 921 3844 Καὶ
940 3785 1012 3858 ἡμᾶς
1032 3787 1091 3850 mdc
1107 3789 1229 3857 Χριστια-
1290 3849 1299 3856 ,

61 3863 134 3911 tr'brn'.
170 3863 230 3910 Actu
244 3863 350 3911 Arctum·
363 3862 446 3910 bubent
462 3860 520 3909 ruis.
667 3858 724 3920 uode
737 3859 797 3921 τοὺς
810 3857 846 3926 μή
856 3857 1072 3942 παραδεχομένους
1085 3855 1132 3919 τὰς
1144 3856 1229 3912 τοιαύ-

99 3927 129 3980 6.
149 3931 346 3980 scurronum:
372 3927 405 3978 orl
421 3927 633 3979 coniunctionem
667 3943 713 3988 τας
729 3927 879 3995 μυῦολογῑας
895 3931 1032 3988 unicornu<
1046 3921 1204 3992 Ἃπλαρίους.

60 3996 140 4047 fidei.
175 3995 253 4046 Huius
278 3997 341 4064 (cod
361 3999 437 4048 casn.
455 3997 563 4064 Horum)
582 4013 633 4047 no-
700 3996 724 4046 9.
743 3993 1107 4058 c‘dcrtttbromrmcstrcriptm
1116 3999 1226 4047 omnium

57 4065 139 4116 mine
157 4070 209 4116 cett.
667 4065 714 4114 vet.
728 4067 843 4126 turnum
858 4065 926 4132 quod
943 4073 988 4114 est.
1226 4117 1230 4126 ι

99 4131 128 4185 7.
148 4137 209 4184 Actu
224 4135 345 4184 trebrtui:
372 4128 437 4198 duis.
472 4136 550 4196 Quurc
566 4133 633 4196 opud
701 4123 829 4191 tombis<
850 4133 1227 4186 circumueniendum

55 4204 233 4265 Epipbuntum
250 4215 340 4264 quoquc
354 4195 412 4267 παρ’
428 4198 485 4267 dptu
503 4202 546 4268 (uf.
561 4215 634 4262 supra
664 4203 734 4261 repet.
762 4203 807 4250 Vct.
817 4202 929 4262 interpres
943 4203 998 4264 teptt
1011 4198 1056 4252 καὶ
1071 4195 1153 4258 ciro<
1162 4200 1227 4255 ἔκτι·

55 4276 151 4322 annot.
165 4269 201 4336 l.)
218 4271 384 4319 ratitumdum
398 4273 485 4320 censuit
494 4271 634 4332 luccpntus.
670 4283 722 4320 cut.
755 4271 831 4320 trouu
845 4272 906 4320 cutm
920 4277 946 4318 et
960 4268 996 4319 irs
1011 4267 1138 4320 hominem
1154 4288 1226 4323 creu-

96 4341 126 4389 8.
155 4331 274 4402 ἅπλᾶριοι
297 4340 347 4388 cod
368 4339 465 4402 bbcdr'p.
505 4332 635 4402 Ἀπλάριοι
668 4345 765 4386 verunt.

53 4411 171 4472 quinum
188 4411 262 4456 emunt
277 4419 301 4456 sc
314 4409 402 4456 nesure
416 4409 484 4456 uum
504 4407 582 4468 fossos
603 4409 637 4468 ort
704 4405 743 4458 tr.
759 4422 806 4473 per
819 4404 882 4455 haec
895 4407 978 4457 bcbtut
993 4408 1052 4459 Actu
1067 4409 1180 4460 truserat

52 4477 194 4526 Pctnoius
211 4471 635 4536 suusrcnemmmrpruouonim-
