3128 4930
376 278 512 330 nuusnu
529 278 591 330 nne.
607 279 639 328 ιι.
655 277 737 332 nou.
751 277 773 331 ι.
789 275 889 329 nunu.
900 275 942 328 ιι.
1174 263 1232 326 ιιι

86 409 142 458 eent
157 397 220 471 tube,
247 400 364 476 Quando
382 400 524 461 drbtilebut
537 402 814 479 crocomagma,
838 397 1021 480 dispergebat
1026 397 1111 476 filios
1126 398 1230 456 Adurn.

87 503 235 562 consuunt
260 505 393 564 twrnrbos
413 504 601 582 populorum,
631 505 712 562 iusto
737 521 882 562 merum
905 501 1069 578 aligerorum
1095 501 1149 560 ulei.
1195 501 1235 560 Ει

83 604 133 682 suit
143 625 218 684 pure
237 607 347 665 domeni
359 607 481 684 populus
496 609 556 664 eius
575 606 676 678 lacot,-
702 603 850 684 suniculus
871 603 1036 664 hereditatis
1051 605 1111 662 eriis
1129 603 1230 664 Israel.

86 701 173 786 Igitur
188 727 256 769 con
271 707 383 790 angelis
402 707 536 770 nationes
552 705 700 770 subiectae
716 705 792 782 sint,
817 705 922 769 merito
939 703 1029 780 dixit,
1055 699 1146 771 Solve
1165 723 1235 787 qua·

86 818 144 870 tuor
160 807 304 892 angelos,
329 809 377 893 qui
396 809 500 872 sedent
517 808 547 872 in
566 805 732 893 Euphrate,
756 806 853 890 ibique
871 805 1053 881 detinentur,
1077 815 1108 870 ut
1130 815 1235 889 gentes

85 908 161 972 bellis
186 909 267 973 inter
290 931 358 974 sese
383 911 581 988 committent,
614 929 707 994 usque
729 909 765 972 ed
791 920 904 992 tempus
932 907 1088 992 patientiae
1112 907 1232 987 domini,

84 1011 170 1074 lonec
195 1033 249 1096 per
270 1012 337 1076 illos
360 1024 479 1077 sanctos
503 1011 733 1077 suos-vindicari
756 1011 867 1074 iubeat.
912 1007 1030 1074 Etenim
1053 1009 1149 1094 angeli
1172 1007 1234 1088 isti,

85 1113 182 1196 quibus
200 1115 256 1178 boc
272 1113 393 1200 spiritus
412 1116 511 1194 edicit,
536 1115 749 1179 coercebantur
766 1113 897 1191 interino,
920 1133 975 1176 occ
989 1113 1114 1176 invaden
1132 1111 1234 1176 ditem·

84 1237 129 1299 pos
144 1227 192 1280 est
211 1217 270 1280 illis
288 1205 481 1296 concessum3
506 1239 579 1301 quos
598 1219 724 1281 nondam
741 1215 788 1278 dei
805 1215 916 1278 iustitia
932 1215 1083 1296 solvebat,
1107 1225 1139 1278 ut
1155 1224 1235 1278 cete-

84 1338 128 1381 rce
144 1329 254 1403 gentes
269 1319 304 1382 ad
321 1320 553 1404 persequendam
568 1330 736 1384 sanctorum
754 1316 888 1381 iniuriam
904 1318 1102 1381 solverentur.
1144 1315 1233 1382 libem

84 1429 174 1484 tumen
192 1421 283 1486 soluti
301 1421 425 1506 densique
444 1433 550 1486 terram
570 1423 696 1499 obeunt,
722 1431 753 1484 ut
767 1417 895 1484 loannes
913 1441 947 1484 ac
968 1421 1127 1505 prophetae
1143 1418 1234 1484 ceteri

84 1523 231 1586 vaticinati
256 1534 337 1586 sunt.
382 1524 490 1607 Angeli
513 1524 591 1589 enim
616 1524 681 1588 dum
706 1533 945 1601 removentur,
969 1534 1073 1607 gentes
1094 1523 1174 1607 ipsae
1198 1523 1234 1584 acl
1287 1531 1291 1542 “

84 1625 277 1688 ulciscentium
295 1636 493 1690 commovent.
540 1625 601 1690 lam
622 1648 674 1690 cnr
693 1625 801 1689 loricas
820 1625 877 1688 illis
894 1626 995 1708 igneas
1012 1635 1041 1688 et
1060 1625 1233 1710 sulphureas

83 1736 109 1788 et
130 1725 336 1811 hyacinthinos
361 1727 487 1806 tribuat,
516 1728 624 1792 nemini
642 1727 757 1792 (lobium
783 1739 845 1805 est,
876 1737 1030 1812 propterea
1055 1729 1131 1811 quod
1154 1727 1233 1791 bisce

82 1827 227 1892 eoloribns
248 1832 378 1913 gentium
396 1831 509 1894 illerum
526 1842 627 1894 vestes
649 1832 775 1894 iniectae
797 1839 876 1893 sunt.
921 1827 998 1894 Nem
1018 1832 1094 1914 quotl
1116 1831 1151 1894 atl
1174 1830 1234 1894 sul·

82 1928 205 2012 pbureas
222 1931 343 2009 attinet,
369 1931 493 1996 melinus
508 1930 565 1996 istc
582 1933 665 1997 color
682 1931 744 2010 est,
768 1953 784 1996 a
803 1952 861 2016 quo
879 1941 908 1994 et
924 1931 1009 1996 latone
1029 1933 1167 2016 quaedam
1184 1953 1234 2016 np-

82 2031 235 2115 pellautur.
281 2031 392 2118 lgoeae
410 2054 500 2119 porro
522 2047 622 2099 vestes
646 2033 969 2113 concinnentium,
993 2036 1233 2118 quemadmodem

82 2133 312 2220 bpaeintbiarum
331 2136 474 2200 vocabulo
496 2137 633 2202 callaicae
650 2137 752 2217 lanae,
776 2138 831 2202 boe
850 2148 896 2200 est
917 2136 1119 2220 ferrugineas,
1143 2137 1234 2220 sigui·

81 2237 215 2301 beautron.

164 2342 207 2404 At
225 2339 267 2404 illi
292 2361 357 2403 cum
379 2341 473 2405 salicti
497 2340 616 2427 spiritus
639 2352 777 2426 expertes
799 2341 875 2417 sint,
905 2340 1034 2404 eiusdem
1059 2341 1088 2404 vi
1111 2340 1231 2426 spiritns
1251 2329 1357 2450 fflv

81 2461 154 2524 quae
174 2441 238 2504 eius
256 2453 326 2506 suot
344 2444 460 2508 nescire
479 2445 614 2508 facillime
631 2445 808 2508 iudicantur.
854 2441 913 2527 Qui
936 2465 1000 2506 cum
1024 2444 1123 2506 divino
1141 2442 1232 2506 verbo
1358 2434 1365 2449 ’

81 2553 281 2608 consentanea
304 2544 383 2628 loqui
408 2546 500 2610 videri
519 2547 638 2624 volunt,
663 2546 802 2610 coelestin
827 2545 876 2610 illa
898 2546 927 2608 io
950 2546 1103 2610 ecclesiam
1128 2545 1234 2610 collate

82 2645 172 2722 dona,
196 2645 334 2710 vaticinia
354 2646 483 2726 scilicet,
508 2648 661 2731 ignorant,
685 2669 759 2733 qnae
778 2669 848 2710 vere
868 2667 902 2712 ac
920 2657 1091 2712 constanter
1108 2667 1160 2732 per
1181 2667 1233 2716 ees

83 2746 231 2827 homines,
263 2749 311 2832 qui
335 2771 370 2813 ea
396 2771 470 2834 quae
496 2751 626 2814 dicerent
648 2749 864 2834 intelligerent,
894 2771 929 2812 ac
954 2749 1036 2812 llrma
1062 2761 1092 2812 et
1113 2750 1233 2814 robusto

82 2861 176 2914 mente
196 2851 319 2935 praebiti
335 2861 436 2930 eraut,
461 2852 580 2937 spiritns
595 2865 714 2917 sarculus
729 2853 877 2937 exposuit.
896 2925 899 2932 ¹
924 2852 1036 2936 Quales
1054 2851 1148 2914 suncti
1167 2873 1233 2936 pro·

82 2951 182 3036 pbetse
198 2965 229 3016 et
244 2954 368 3038 apostoli
389 2955 516 3019 luerunt.
563 2954 695 3039 Quorum
712 2975 729 3018 e
746 2975 868 3050 nortpero
884 2954 912 3018 b.
936 2953 1061 3019 toanoes
1078 2975 1129 3038 per
1142 2975 1232 3018 evan·

81 3053 185 3138 pelium
210 3075 295 3118 suum
319 3067 407 3139 atque
430 3058 570 3142 epistolas
595 3068 626 3122 et
649 3057 847 3142 Apocalypsin
875 3056 949 3120 idem
976 3057 1105 3120 coeleste
1128 3077 1232 3120 murone

80 3155 231 3241 impertiit.
276 3153 418 3222 Ceterum
434 3159 464 3222 in
480 3159 546 3223 illos
560 3160 680 3244 quadrat
696 3161 767 3224 baec
784 3156 895 3224 Christi
911 3159 1075 3224 senterniae
1100 3163 1158 3238 Qui
1169 3162 1383 3232 blo-mucan.

81 3263 267 3340 spbemooerit
285 3265 315 3322 in
330 3266 460 3342 spaletum
479 3275 625 3335 sunctum,
650 3267 780 3344 sineque
795 3268 825 3324 in
843 3267 1004 3343 praesenti,
1028 3268 1162 3342 erepuerit
1176 3264 1231 3345 su-

82 3373 141 3424 nno
156 3367 256 3426 seeum
274 3375 420 3444 peremunt
440 3368 555 3427 renr‘tn'.
597 3361 674 3428 Nam
690 3364 730 3429 illi
747 3363 982 3450 expressissimis
1001 3363 1122 3450 spiritus
1136 3365 1230 3428 suncti

81 3463 176 3530 verbis
199 3475 302 3550 aperte
324 3476 499 3553 repugnant.

160 3567 264 3650 Atque
288 3568 359 3632 boec
382 3571 526 3634 adversus
550 3567 628 3632 illam
654 3569 789 3632 haeresin
814 3569 890 3632 bunc
914 3567 943 3632 iu
970 3568 1084 3632 modurn
1111 3569 1230 3653 copiose

80 3667 223 3753 disputata
237 3670 370 3734 sufficere
387 3671 544 3734 oredimus.
580 3667 675 3753 Quam
693 3671 773 3734 velot
786 3670 1020 3756 scolopendram,
1045 3669 1092 3754 qui
1109 3679 1139 3732 et
1153 3669 1229 3734 iulus

80 3769 182 3834 dieitur
200 3773 363 3857 (serpentis
379 3771 407 3834 id
423 3795 518 3857 gertus
533 3783 580 3836 est
596 3773 729 3858 multipes
748 3773 934 3850 imbecillum,
959 3771 1040 3836 cuius
1057 3771 1138 3835 viros
1154 3771 1228 3836 beuti

80 3891 214 3954 magnum
229 3873 317 3937 all'ert
335 3873 482 3952 dolorem,
506 3876 557 3939 sed
575 3886 605 3940 et
624 3876 728 3958 pedes,
754 3887 785 3940 ut
800 3876 906 3940 dictum
926 3885 989 3951 est,
1015 3875 1112 3959 plures
1130 3873 1228 3952 babet,

80 3981 113 4034 et
132 3975 286 4060 oblongum
309 3979 370 4058 est)
393 3997 457 4040 cum
476 3977 574 4041 divina
590 3978 698 4040 virtute
724 3999 758 4040 ao
778 3976 902 4041 veritate
929 3975 1168 4060 protulerimus,
1193 3979 1228 4040 ad

80 4075 222 4160 reliquas,
247 4077 411 4157 carissimi,
435 4101 499 4144 cum
523 4081 624 4146 eadem
647 4078 695 4144 tet
716 4099 771 4164 ope
793 4075 1026 4163 progrediamur.

117 4243 140 4296 2
158 4247 345 4316 μαροιικιιιω
363 4249 447 4300 moeno
465 4250 528 4300 mut.
