3128 4930
321 217 384 284 128
743 231 1055 286 οινοτιουιεσιυυ

317 345 441 415 Ἡσαΐου
458 347 521 427 δτι,
548 345 609 431 Ίίὴν
622 345 725 434 γενεάν
741 346 834 416 αῦτοῦ
848 353 893 426 τίς
908 347 1092 438 διηγήσεταιι
1112 347 1159 416 δτι
1172 351 1284 436 αδρεται
1298 351 1333 416 έιι
1349 355 1405 434 τῆς
1422 357 1477 437 γῆς

319 449 341 535 ἡ
356 450 415 534 (mi
429 447 531 516 αῦτοῦ.
573 447 672 530 Ἀλλά,
695 453 803 535 φησίν,
825 447 910 518 εἷπον
925 457 958 518 οί
969 449 1144 532 άπόστολοι,
1162 450 1283 538 Ἀνδρα
1305 450 1476 539 άποδεδιιγ

320 556 410 637 μένον
427 556 470 630 είς
488 549 567 636 ν’μῦς
582 557 713 636 σημείοις
732 557 786 620 παλ
803 556 919 640 τέρασι,
941 556 993 622 καί
1009 552 1067 620 οόιι
1084 551 1185 634 εἶπον,
1210 553 1286 620 Θεόν
1306 552 1473 641 άποδεδειγ-

320 657 419 739 μένον.
462 653 585 746 Ἐλέγγγ
609 657 641 722 δὲ
657 655 760 736 πάλιν,
785 656 927 738 Θεόδοτε,
956 655 1002 724 ότι
1022 656 1110 724 πάλιν
1130 661 1162 724 οἱ
1184 655 1295 724 ἀὐτοὶ
1318 655 1478 724 άπόστολοι

319 761 351 824 έν
375 754 477 834 αόταῑς
497 757 647 843 Πράξεσιν
661 761 796 843 ἔφησαν,
819 756 896 837 όςό
917 758 1062 844 μακάριος
1078 757 1236 841 Στέφανός
1251 783 1358 844 φησιν,
1381 757 1476 840 Ἰδοῦ,

320 858 381 947 όρῦ
395 859 447 928 τόν
462 858 592 946 ον’ρανόν
607 857 808 952 άνειμγμένον,
831 861 947 929 παλτόν
967 859 1036 928 υέδν
1055 867 1109 930 τοῦ
1127 860 1294 948 άνθράπου
1312 863 1423 928 έστῦτα
1446 864 1478 928 έν

322 967 402 1053 δεξιᾷ
424 970 477 1030 τοῦ
498 970 583 1029 θεοῦ.

162 1071 169 1078 ’
185 1073 254 1142 Κεφ·
271 1065 304 1134 ε’·
408 1066 504 1132 Πάλιν
517 1067 550 1131 δὲ
567 1071 777 1151 προφασίζεται
792 1069 885 1155 λέγων
901 1066 963 1148 ὅτι,
984 1065 1074 1152 Ἔφη
1088 1070 1157 1153 περλ
1171 1064 1298 1134 αῦτοῦό
1315 1065 1479 1144 άπόστολος

320 1167 382 1250 ὅτι,
405 1173 540 1251 Μεσίτης
555 1177 632 1235 θεοῦ
650 1172 699 1236 καί
719 1169 891 1256 άνθροόποιν
907 1169 1035 1256 Χριστός
1050 1168 1181 1253 Ἰησοῦς·
1203 1171 1254 1236 ταί
1271 1167 1327 1236 οῦιι
1343 1166 1406 1236 οέδε
1421 1169 1479 1236 τιά-

319 1280 366 1340 λιν
382 1279 448 1349 ποῦς
464 1269 536 1338 καθ’
553 1273 660 1338 ἑαυτοῦ
675 1274 824 1359 ἐπεγείρει.
865 1271 900 1338 ‘0
918 1271 973 1359 γάρ
989 1270 1097 1354 είποῦν,
1119 1277 1254 1356 Μεσίττγς
1268 1279 1345 1339 θεοῦ
1361 1274 1410 1338 ταί
1427 1270 1476 1337 άν·

319 1373 456 1460 θράποιν
468 1372 597 1461 Χριστός
607 1371 731 1457 Ἰησοῦς,
748 1372 840 1452 αῦτός
856 1375 1016 1459 έσαφήνισε
1030 1378 1132 1462 λέγων,
1153 1377 1393 1462 Προορισθέντος
1410 1377 1479 1442 υέοῦ

320 1484 398 1544 θεοῦ
413 1479 445 1543 έν
462 1474 603 1561 δυνάμει,
625 1474 700 1543 ιιαιά
716 1486 833 1560 πνεῦμα
848 1475 1029 1565 άγιοοσόνης,
1051 1481 1083 1556 έξ
1100 1475 1285 1554 άναοτάστοις
1299 1481 1410 1562 νεαριῦν
1423 1473 1477 1560 '121-

322 1584 378 1646 σοῦ
401 1586 534 1666 Χριστοῦ
558 1586 613 1646 τοῦ
639 1585 747 1666 τυρίον
771 1577 869 1664 ἡμῶν·
898 1583 949 1649 ταί
977 1580 1080 1660 πάλιν,
1108 1579 1270 1664 Γενόμενος
1293 1577 1353 1645 ῦπό
1375 1577 1478 1662 νόμον.

328 1680 450 1750 Τοῦτον
472 1683 504 1748 δὲ
523 1681 702 1767 ποιούμενος
721 1690 781 1750 τῦν
793 1687 897 1762 λέξειον
913 1682 968 1768 τήν
989 1682 1154 1764 άσφάλειάν
1174 1705 1281 1766 φησιν,
1304 1685 1402 1767 Εἴπερ
1422 1683 1479 1746 είτλ

321 1783 472 1871 λεγόμενοι
488 1788 556 1852 θεοὶ
572 1788 691 1866 πολλοὶ,
713 1787 765 1852 καὶ
782 1785 882 1872 ιιόριοι
890 1788 1013 1866 πολλοί,
1035 1783 1107 1870 ἡμῖν
1122 1786 1154 1852 δέ
1170 1781 1212 1864 εἷς
1228 1783 1315 1865 θεός,
1337 1787 1368 1862 ἐξ
1385 1776 1423 1852 οὗ
1442 1783 1479 1850 τά

322 1887 435 1967 πάντα,
458 1890 509 1954 καὶ
524 1885 567 1964 εἷς
582 1892 686 1974 πόριος
700 1885 820 1973 Ἰησοῦς
837 1887 982 1975 Χριστός,
1004 1885 1042 1955 δι’
1063 1881 1102 1956 οῦ
1119 1887 1155 1954 τά
1173 1887 1276 1954 πάντα
1321 1889 1364 1952 Et
1384 1889 1417 1953 δὲ
1440 1885 1478 1954 δι’

323 1982 360 2056 οὗ
377 1989 414 2056 τοί
430 1989 542 2072 πόντοι,
563 1995 615 2057 ααλ
633 1988 718 2074 ἡμεῖς
740 1995 783 2069 είς
808 1989 916 2072 αότόν,
938 1989 995 2058 οῦκ
1019 1988 1077 2074 άρα
1095 1989 1185 2074 ψιλός
1203 1989 1367 2074 άνθροιπος
1389 1993 1437 2072 εἴη
1459 1986 1479 2056 ό

324 2091 485 2179 μονογενὴς
501 2091 561 2159 α’πό
578 2100 701 2180 Μαρίας
717 2095 767 2160 τιαλ
783 2099 883 2181 δεῦρο,
905 2092 973 2161 οὔτε
987 2091 1047 2160 α’πό
1062 2095 1227 2179 σπέρματος
1243 2089 1360 2180 άνδρός.
1396 2089 1480 2158 Ἐπεί

324 2201 390 2271 ποῦς
404 2192 442 2261 δι’
459 2192 553 2262 αῦτοῦ
567 2194 603 2262 τά
618 2196 715 2264 πάντα
731 2195 860 2280 ἠδύνατο
876 2194 967 2278 εἶναι,
990 2194 1048 2282 πρό
1068 2193 1161 2262 αάτοῦ
1177 2195 1319 2282 γενόμενα
1334 2191 1411 2260 αατά
1427 2192 1480 2262 τόν

323 2299 496 2386 σου,λο’γον,
519 2301 547 2364 εί
559 2297 648 2382 ψιλός
662 2292 702 2383 ἦν
718 2298 894 2385 άνθροιποςς
917 2298 939 2383 ἢ
955 2306 1020 2378 ποῦς
1037 2303 1083 2382 τίη
1099 2295 1136 2364 δι’
1151 2297 1243 2366 αὐτοῦ
1255 2296 1292 2365 τά
1307 2296 1406 2364 πάντα
1419 2296 1478 2384 πρό

322 2398 416 2469 αὐτοῦ
432 2403 652 2489 ἐπιγνωσθέντα
669 2404 721 2470 καλ
733 2402 890 2489 γενόμενας
914 2405 977 2470 Καὶ
991 2405 1025 2470 έιι
1039 2400 1226 2486 πανταχόθεν
1241 2403 1356 2480 ἐξέπεσε
1370 2399 1478 2468 τοῦτου

321 2500 502 2593 ἡληριοδία.

200 2839 252 2887 ρος.
265 2827 310 2873 τευ.
407 2807 464 2876 Ἐν
478 2807 559 2900 αῦτρῑ
575 2813 607 2879 δὲ
622 2816 661 2902 τῷ
678 2811 806 2901 διαλόγῳ
823 2811 886 2896 ῦμα
900 2812 954 2898 τήν
969 2838 1000 2880 τε
1016 2815 1085 2899 περί
1102 2810 1196 2879 αότοῦ
1217 2819 1325 2899 γνῶσιν
1346 2811 1480 2888 είπόντες

322 2915 374 2979 ιιαλ
389 2909 444 2995 τὴν
463 2910 633 3000 άνατροπήν
648 2912 720 2982 καθ’
736 2913 862 3000 ἑκάστην
875 2918 966 2998 λέξιν,
988 2913 1238 3001 ῦπερβησόμεθα,
1260 2913 1336 2982 κατά
1352 2913 1386 2982 τό
1405 2918 1480 2992 έθος

322 3022 377 3098 τῆς
393 3012 590 3096 άτολουθίας,
613 3015 708 3105 οἳςπιρ
725 3045 754 3084 τι
768 3019 858 3104 μέρος
874 3019 998 3104 ἑρπετοῦ
1012 3021 1054 3086 έτι
1068 3023 1271 3104 σταρίζοντος,
1293 3025 1399 3108 τῇτῆς
1413 3015 1479 3100 άλη-

323 3123 410 3195 θείας
425 3120 519 3184 ίλπίδι
536 3122 587 3185 παλ
604 3126 697 3187 πίστει
714 3120 906 3200 πεπαιτότες,
928 3125 979 3188 ταί
998 3119 1149 3198 άυελόντις
1165 3119 1218 3198 τάς
1234 3123 1301 3204 έξῆς
1318 3119 1480 3205 διαστατό-

323 3241 437 3305 συμεν,
458 3224 511 3288 ιταλ
527 3226 753 3309 περιβλέπεσθαι
771 3221 824 3302 τάς
841 3223 1081 3309 θηριοῦεειάτας
1098 3226 1224 3312 αἱρέσεις
1239 3221 1422 3308 σπεόσωμπ.

540 3679 678 3750 ΚΑΤΑ
713 3678 1267 3766 ΜΕΔΧΙΣΕΔΕΚΙΑΝΩΝ,

765 3793 821 3888 λε’,
847 3791 869 3890 ἠ
896 3797 956 3870 καί
981 3793 1033 3870 νό.

188 3959 255 4028 Κεφ.
273 3959 307 4013 α’.
408 3940 694 4029 Μελχισεδιιιιανοός
709 3941 796 4010 πάλιν
810 3945 904 4030 ἕτεροι
918 3942 1043 4020 έαυτοῦς
1059 3948 1215 4023 καλοῦσιν,
1237 3939 1481 4020 άποσιτασθέντες

323 4042 396 4127 τάχα
415 4044 475 4114 άπδ
495 4055 556 4114 τῦν
574 4050 779 4116 Θεοδοτιανοῦν
799 4048 996 4130 καλουμένων.
1042 4039 1134 4114 Οὗτοι
1154 4044 1207 4113 τόν
1226 4047 1407 4130 Μελχισεδδτ
1425 4045 1481 4112 τόν

324 4148 356 4212 έν
371 4155 436 4225 ταῖς
451 4159 580 4235 γραφαῖς
594 4153 751 4237 λεγόμενον
766 4149 938 4230 δοξάζουσι,
960 4149 1086 4236 μεγάλην
1101 4148 1167 4216 τινά
1183 4147 1311 4232 δόναμιν
1331 4155 1342 4196 ¹
1356 4146 1479 4235 ἡγούμε-

323 4273 387 4329 νοι,
415 4247 491 4318 εἶναι
518 4254 551 4320 δὲ
576 4251 667 4323 αάτδν
690 4252 753 4321 άνοο
777 4255 809 4320 έν
829 4251 1080 4337 άτατονομάοτοις
1100 4250 1221 4332 τόποις,
1251 4251 1383 4330 ’παθοίς
1403 4247 1481 4318 τέττα

356 4405 383 4457 2
405 4401 479 4460 αῦταλ
501 4411 771 4464 memineramus.
804 4405 882 4466 αὐτοῦ
951 4411 1010 4464 Cn.
1028 4413 1098 4462 1.-
1126 4411 1148 4462 1.
1167 4404 1303 4476 η’γοιίμινοι
1319 4413 1428 4463 mim
1442 4415 1481 4461 ατε

321 4475 406 4526 hbent
421 4478 476 4528 λε’δτί
493 4481 543 4527 λοιπ
558 4481 639 4540 νοντ’ρίί
655 4495 729 4544 quom
745 4481 809 4532 τδέλλ.
917 4483 943 4532 λιι
958 4481 1012 4532 edit„
1029 4482 1111 4532 Ρείαν.
