3186 4928
393 264 530 318 renunn
545 263 609 318 nra.
623 265 656 318 n.
673 263 756 318 ren.
770 265 792 319 1.
808 264 909 318 nunu.
919 263 1012 317 nxrr.
1221 256 1283 320 357

125 385 200 450 aibii
215 383 367 471 probabile
381 396 462 455 tuam
476 385 547 450 iiiud
565 387 643 450 iuret
657 385 857 463 mundanum,
880 396 911 449 et
930 385 959 448 in
975 406 1107 452 errarem
1125 399 1226 474 pceaet
1238 389 1283 452 in-

126 489 249 554 dnecre.
293 485 355 552 iem
372 507 446 554 vero
462 499 530 574 post
545 487 640 553 Erana
657 487 689 551 in
706 489 801 560 luccen
816 487 922 552 editam
940 509 1007 553 erse
1023 491 1172 558 conicetur
1195 511 1284 576 appa·

126 602 185 656 ret.
231 589 296 656 Eva
321 611 409 677 porro
433 592 577 655 undenam
604 602 651 654 cut
675 591 732 654 nisi
756 611 943 676 excerpere
967 591 1112 656 formata?
1152 591 1187 657 ld
1209 615 1282 658 vero

126 693 314 758 mnuiieeturn
339 704 400 758 estc
432 699 553 756 lmmmit
566 699 665 771 enum,
680 693 738 772 ait,
761 715 888 775 cuperem
905 699 933 755 in
949 699 1060 770 Adam,
1091 708 1120 758 et
1139 700 1279 772 dormivit,
1297 709 1355 756 non
1368 711 1435 766 nn.

125 810 157 859 et
168 803 278 879 accepit
293 819 376 859 unum
391 801 427 858 de
440 801 526 860 eueni
541 801 612 858 eius.
661 791 754 860 Casta
770 817 843 859 vero
858 806 1023 881 praeberes
1040 795 1111 861 nihil
1125 797 1201 862 otini
1219 811 1281 879 est3

125 905 209 962 carne
223 903 285 964 icco
299 901 598 981 curncmuedrfleum't.
635 895 710 964 Cum
726 899 816 983 igitur
831 919 900 964 carc
916 900 1063 964 nominata
1079 900 1129 979 sit,
1153 901 1202 984 qni
1220 911 1283 964 tan·

125 1003 192 1066 dem
211 1011 359 1066 structura
376 1001 454 1066 iiiios
473 1011 658 1088 expectatur.
706 998 765 1066 Sed
784 1012 814 1065 et
837 1001 923 1087 paulu
940 1012 1024 1082 autc,
1047 1007 1212 1078 Faciamus,
1238 1004 1282 1066 in-

125 1105 207 1189 quit,
230 1109 366 1168 bunum
380 1109 420 1166 ud
435 1109 584 1185 auruginem
599 1117 724 1168 noenum
739 1116 770 1166 et
781 1108 1009 1168 similitudem:
1038 1117 1067 1167 et
1088 1110 1211 1186 accepit,
1236 1105 1281 1168 in·

124 1209 200 1292 quit,
224 1211 320 1270 trimum
336 1212 465 1270 deterre
481 1219 511 1269 et
523 1210 659 1289 formauit
674 1211 820 1270 iomanem.
866 1205 959 1291 Atqui
975 1206 1060 1270 limus
1078 1218 1109 1272 et
1125 1229 1194 1272 earu
1211 1207 1283 1272 nihil

124 1321 195 1374 aunt
219 1307 296 1374 aliud
319 1330 404 1394 qnam
428 1329 546 1396 eorpus.
593 1306 709 1374 Deinde
731 1309 880 1396 seqnitur,
911 1314 952 1371 lit
973 1331 1131 1391 emergens
1151 1315 1245 1373 Adam
1267 1335 1282 1372 c

123 1435 222 1474 runnu
240 1415 332 1486 da‘rit,
366 1417 427 1474 Huc
451 1435 526 1476 nnnc
544 1435 576 1474 uc
599 1435 636 1474 eu
658 1413 768 1474 crrr'bur
793 1418 877 1486 mab,
909 1423 939 1474 et
959 1433 1027 1474 euru
1045 1415 1079 1474 de
1100 1434 1187 1476 earne
1207 1407 1296 1476 men(

122 1513 266 1579 Nondum
285 1526 371 1578 crant
387 1513 528 1598 pelliceae
543 1515 611 1578 iliae
630 1515 765 1593 tunicae,
789 1514 916 1578 nundum
933 1515 1088 1580 confictum
1107 1507 1176 1580 iilud
1193 1517 1222 1580 in
1240 1517 1282 1580 ui·

123 1617 239 1702 teguria
259 1627 306 1682 tua
328 1616 510 1680 mendacium
529 1617 680 1682 extiterat.
727 1614 829 1701 itaque
845 1639 876 1678 ur
893 1641 930 1678 ec
944 1620 1054 1680 ceribus
1068 1624 1150 1692 mec'r,
1171 1631 1202 1680 ct
1214 1641 1282 1682 cccc

121 1726 159 1784 de
177 1741 264 1783 cerne
287 1741 362 1794 meu,
392 1719 548 1784 maniieste
572 1720 608 1782 de
631 1719 803 1804 corporibus
826 1718 1017 1804 intelligendu
1041 1731 1126 1800 snut,
1155 1723 1228 1786 adeo
1250 1731 1283 1786 ut

123 1824 259 1888 Adamas
277 1834 307 1886 et
323 1821 389 1886 Eva
413 1820 586 1907 corporibus
610 1820 728 1884 minime
749 1832 898 1884 carerent.
943 1825 985 1884 Et
1003 1829 1114 1906 accepit
1131 1827 1167 1884 de
1187 1827 1276 1905 tgna,

121 1939 153 1988 et
167 1930 302 2002 eomedit,
326 1936 412 2010 prout
428 1924 575 2009 serpentia
591 1935 656 1988 astu
671 1924 810 2008 deeeptus
825 1934 912 2008 atque
930 1924 960 1986 in
976 1924 1061 1988 deum
1079 1925 1197 1990 rebellis
1214 1926 1277 1992 init.

122 2033 166 2092 Et
178 2033 291 2092 audiuit
301 2046 394 2092 cerem
411 2031 460 2088 dei
473 2029 645 2091 ambulantia
661 2031 691 2088 c'u
707 2031 845 2088 Pmedrbu
865 2027 919 2088 aab
936 2047 1094 2108 creperum,
1119 2041 1149 2090 et
1162 2030 1279 2092 obscurr-

121 2137 168 2194 dc't
179 2153 212 2192 ce
228 2135 321 2192 Aducr
338 2143 368 2192 et
379 2135 443 2192 lica
454 2134 495 2191 ud
509 2131 648 2194 arborem.
695 2127 773 2192 Tum
791 2128 925 2194 dominun
940 2129 1084 2194 Adumnrn
1103 2131 1277 2218 interrogat,

124 2236 183 2296 nn·
203 2239 254 2296 ee?
296 2232 340 2298 At
359 2233 385 2298 is
411 2231 610 2318 deprehensus
633 2231 800 2317 respondit,
826 2237 924 2294 Vueem
950 2241 1026 2294 tuum
1046 2238 1158 2308 uudrm',
1182 2247 1210 2296 et
1229 2238 1281 2298 ub-

120 2341 226 2401 rccnda'
243 2358 286 2398 me
305 2359 338 2398 ec
360 2339 435 2418 quud
455 2337 548 2397 medua
566 2357 664 2396 ereum
709 2331 829 2398 Nudum
852 2353 926 2410 vero
949 2334 1017 2418 quid
1043 2335 1158 2399 tandem
1184 2337 1280 2402 dixit?

122 2439 272 2520 animam,
302 2438 488 2524 eucarpus?
531 2433 645 2502 Deinde
671 2437 793 2500 bcuinca
819 2436 888 2499 iulia
914 2456 1065 2520 quemnam
1090 2437 1277 2522 obtegebant,

121 2541 252 2605 animum
267 2561 305 2604 an
323 2542 449 2626 eorpus?
492 2544 532 2602 Et
548 2545 611 2621 qum
628 2541 683 2602 tibi
698 2544 790 2614 dicit,
815 2538 926 2622 inquit,
951 2551 978 2600 te
998 2561 1058 2600 esre
1077 2543 1198 2615 nudum,
1222 2547 1282 2604 trabi

119 2649 199 2727 quud
220 2649 255 2707 de
280 2647 376 2725 lr'gnu,
406 2647 440 2705 de
460 2664 514 2724 quo
534 2647 670 2723 praecepi
691 2643 745 2704 tibi
764 2665 800 2704 ne
822 2646 993 2716 comederes,
1023 2646 1188 2704 remediati?
1228 2645 1277 2708 Aa

120 2749 198 2811 baeu
221 2746 354 2812 Adamas
379 2743 547 2831 respondit,
577 2747 685 2806 Malim·
707 2765 790 2826 quam
811 2749 917 2806 dedrbtr'
939 2747 1010 2806 midi
1033 2748 1110 2806 dedit
1137 2749 1220 2821 midi,
1250 2759 1280 2808 et

44 2879 53 2894 ·
118 2853 239 2912 remedi.
275 2845 360 2912 Cedo
376 2849 453 2912 uude
468 2845 573 2912 mulier
590 2847 655 2910 data
670 2847 769 2925 inerit,
794 2847 907 2910 nisiex
923 2857 1018 2927 easta,
1042 2845 1097 2910 buu
1113 2858 1159 2912 est
1170 2849 1276 2912 Adurni

119 2971 260 3036 corpure,
284 2961 439 3034 antequam
456 2950 573 3014 tunicae
591 2949 648 3012 iliis
663 2949 911 3018 attribuerentur?
945 2946 1041 3013 Porro
1057 2948 1172 3014 mulieri
1187 2950 1272 3030 dixit,

121 3061 185 3118 Cur
207 3058 260 3116 dcc
277 3057 400 3136 fecisti?
443 3053 485 3118 At
508 3053 574 3131 iiia,
604 3057 741 3134 Serpens,
766 3052 877 3137 inquit,
901 3056 1009 3132 decepit
1028 3074 1084 3127 me,
1109 3063 1140 3114 et
1157 3057 1273 3129 rumedr',

120 3169 153 3220 et
167 3161 235 3220 dedi
249 3163 310 3218 utro
326 3179 395 3218 meu.
442 3152 516 3218 Post
532 3155 603 3218 buce
619 3156 690 3219 dens
708 3155 928 3220 execrationem
946 3153 1064 3233 inflixit,
1089 3153 1202 3218 mulieri
1220 3156 1277 3220 oci-

119 3261 194 3324 iiuet
217 3259 364 3338 dolorem,
396 3258 529 3338 ervire,
558 3269 591 3318 ut
606 3263 635 3320 in
657 3263 760 3320 cudere
777 3279 853 3339 poce
870 3281 922 3320 cuc
943 3269 1111 3320 vesceretur.
1160 3257 1275 3343 Quibus

119 3363 212 3428 factis
232 3361 355 3441 adiecit,
380 3365 457 3424 idere
473 3365 566 3423 Adam
583 3363 686 3442 furter
706 3372 752 3422 cet
772 3367 847 3423 rebrat
866 3383 939 3424 uum
961 3385 998 3422 eu
1017 3361 1115 3423 nobb.-
1147 3383 1183 3424 ne
1195 3366 1277 3443 scrte

118 3470 258 3530 ectendut
275 3487 402 3540 manum,
427 3475 458 3526 et
478 3468 604 3544 ambigat
626 3467 750 3544 le‘gnum,
775 3475 804 3525 et
824 3469 964 3539 comedat,
988 3475 1019 3525 et
1036 3468 1114 3526 nibet
1135 3469 1164 3526 in
1185 3477 1276 3526 neter-

120 3593 201 3634 mtm
247 3566 369 3646 Postea,
392 3571 435 3629 Et
444 3570 515 3649 secr't
530 3570 599 3630 deus
617 3571 726 3630 tumber
737 3571 881 3648 pelliceus,
905 3578 936 3628 et
949 3570 1043 3630 eruduit
1055 3570 1148 3629 Adam
1162 3579 1192 3627 et
1205 3589 1275 3629 acru-

120 3695 184 3736 rem
202 3677 278 3746 eiua,
304 3683 332 3732 et
347 3675 431 3734 er'ccc't
448 3673 513 3732 ilius
529 3693 545 3732 e
559 3673 705 3731 Purudrbu.
753 3667 845 3734 Vides
861 3687 947 3754 quam
962 3668 1059 3752 inepta
1077 3667 1117 3730 sit
1133 3689 1208 3732 nova
1226 3669 1276 3732 itta

121 3799 139 3842 a
158 3787 189 3842 te.
204 3773 372 3858 excogitata
389 3783 419 3837 et
439 3772 533 3837 inanis
550 3772 661 3858 opinio.
706 3770 786 3836 Nam
803 3770 951 3856 aliquanto
974 3782 1042 3835 ante
1056 3782 1191 3856 tempore
1209 3791 1275 3834 cor·

119 3899 196 3966 pora
219 3875 303 3963 primi
326 3876 420 3940 nostri
443 3885 580 3961 parentes
603 3875 778 3942 babuerunt.

211 3977 298 4063 Quod
319 3980 346 4043 ci
369 3991 399 4044 te
421 3979 490 4044 iilud
517 3978 683 4058 examinat,
711 3997 807 4063 neque
829 3988 913 4063 potes
934 3976 1087 4042 auimaiem
1107 3974 1138 4038 in
1159 3975 1275 4040 modurn
1298 3971 1382 4094 Lcffi

119 4088 179 4152 isra
200 4084 332 4168 cogimus
350 4083 469 4168 spiritur
486 4082 609 4167 gratiam
627 4081 795 4166 percipere,
819 4079 979 4144 uinfidciie
999 4080 1085 4143 bomo
1106 4087 1136 4142 et
1152 4077 1275 4143 innuen
1382 4077 1390 4096 ⁸

119 4191 179 4254 buu
197 4187 337 4265 deterior,
361 4185 407 4249 dic
424 4183 493 4250 mibi
511 4186 618 4262 sudes,
644 4193 779 4268 quantum
797 4183 1020 4266 unumquodque
1036 4180 1083 4246 dei
1100 4203 1172 4266 opus
1189 4181 1276 4246 babet

120 4289 279 4356 miraculi?
323 4285 478 4372 Quomodo
494 4289 608 4354 eoelum
628 4299 679 4386 ex·
691 4285 782 4351 nibiio
797 4287 827 4351 in
848 4284 963 4350 sublimi
988 4296 1155 4370 porrectum
1178 4295 1224 4349 cat
1244 4294 1275 4350 et

155 4514 182 4565 2.
199 4511 280 4566 ποσοῦ
295 4514 385 4574 curce
400 4511 505 4564 remon.
637 4527 639 4530 ·
