3116 4934
312 230 374 294 214
734 239 857 294 ειυοιι
874 241 1046 296 mmm

313 359 400 445 ιίρα,
419 355 545 440 ’ύληθύς
561 357 646 436 υίδν,
668 353 792 441 ύληθιῖς
810 357 897 444 ύχιον
915 366 1040 442 πνεύμα.
1082 355 1191 428 Ὀπότε
1206 359 1240 428 δί
1260 357 1470 445 όμόετσιχοςιὶ

315 459 415 546 τριύς,
437 462 487 526 καί
505 462 536 525 ἐν
551 461 595 525 ἑνί
609 457 732 543 ύνόματι
746 457 830 546 τριύς
847 463 1030 545 καλουμίνη,
1052 464 1156 548 ίλίγχει
1172 460 1226 529 τόν
1236 459 1375 550 Ἀρειον,
1396 461 1471 530 ύιιό-

317 567 405 647 βασίν
428 589 492 630 τινα
515 560 729 646 διανοούμενον
751 565 784 629 ἒν
801 563 965 654 τχῙτριόδι,
996 561 1203 648 ἢύλλοίασιυ,
1229 563 1251 649 ἢ
1272 565 1471 652 παραλλαγήν

318 662 431 732 Κύντε
447 663 503 750 χύρ
521 663 540 731 ό
561 663 657 750 πατὴρ
677 671 782 748 μείζων
799 665 883 752 παροδ
903 669 973 733 υίοῦ
990 665 1233 752 δογματιζόμσνας
1253 665 1472 754 ύπαχχίλλεται,

317 766 568 846 πρεπωδεστάτας
585 775 627 856 τῷ
643 771 700 856 υίῷ
713 767 769 851 τήν
784 767 875 846 δόξαν
890 777 1094 856 περιποιεῖται.
1141 775 1205 838 Τίνι
1222 768 1278 857 χύρ
1296 773 1406 856 ἔπρεπε
1424 773 1473 836 δυ·

317 869 411 948 ξύζειν
428 873 507 936 ίδιυν
524 871 651 954 πατίρα,
673 867 745 939 ἄλλοί
766 876 807 960 τῷ
830 876 939 960 γνησίῳ
962 875 1036 962 υίρῑς
1070 871 1166 938 ’Όταν
1181 873 1214 938 δὲ
1228 870 1317 938 πόλιν
1333 871 1390 955 τήν
1412 871 1472 937 ίσό-

315 999 390 1054 τητα
413 972 549 1060 βούλεται
573 973 666 1058 λέγειν
673 1022 682 1051 ,
712 975 762 1037 ἵνα
786 971 828 1056 μὴ
853 975 996 1068 ίκπίσυσί
1019 999 1110 1055 τινες,
1137 966 1231 1060 ἧσσον
1251 971 1294 1051 ύς
1313 977 1385 1060 περί
1405 978 1475 1041 υίοδ

319 1073 536 1159 διανοούμενοι,
559 1073 655 1152 οὕτως
670 1079 776 1157 φησίν·
819 1072 852 1141 ‘0
867 1075 907 1160 μή
924 1083 1017 1161 τιμῶν
1032 1076 1086 1144 τδυ
1104 1076 1186 1156 υἱδυ,
1209 1073 1251 1153 ύς
1264 1083 1334 1166 τιμᾷ
1349 1075 1405 1144 τόν
1419 1103 1474 1142 πα-

318 1178 404 1262 τίρυ,
426 1175 482 1243 ούκ
506 1181 564 1261 ἔχει
585 1176 662 1260 ζωήν
684 1180 715 1243 ἐν
731 1179 839 1268 ἐαυτῷ·
867 1181 933 1258 καί,
957 1178 1063 1244 Πάντα
1082 1179 1119 1245 τύ
1135 1187 1190 1246 τού
1206 1177 1316 1265 πατρός
1336 1205 1397 1262 μου
1418 1180 1475 1262 ίμιί

321 1282 388 1346 ἐστι.
438 1284 473 1346 Τί
489 1282 522 1346 δέ
538 1283 595 1346 ἐστι
614 1277 651 1346 τό
666 1287 720 1344 τοῦ
736 1279 863 1364 πατρός,
886 1278 945 1346 ἀλλ’
958 1280 980 1364 ἢ
994 1279 1067 1359 θεδς
1081 1279 1100 1348 ύ
1116 1279 1214 1366 πατὴρ
1228 1279 1302 1358 θεός
1318 1283 1393 1364 ιίμι,
1416 1279 1474 1364 tnui

321 1378 339 1447 ό
361 1381 458 1468 πατὴρ
479 1380 538 1466 ζωή
562 1385 635 1466 εἰμι,
658 1381 755 1448 πάντα
775 1382 812 1451 τύ
833 1391 886 1450 τοῦ
905 1383 1019 1472 πατρός
1040 1411 1099 1468 μου
1121 1381 1177 1467 ίμύ
1198 1386 1291 1464 ἐστινς

190 1803 257 1868 Κεφ,
277 1802 305 1858 ί.
398 1792 478 1879 “Opes
493 1794 536 1872 δί,
559 1785 749 1874 ύΣαβίλλιε,
771 1795 823 1860 καί
838 1793 984 1862 κατανόει.
1019 1795 1179 1876 Διόναιξον
1192 1794 1226 1864 τδ
1242 1794 1323 1880 ὄμμα
1338 1803 1392 1880 τῆς
1406 1823 1478 1882 κιρ·

321 1900 388 1973 δίας
406 1919 476 1976 σου,
499 1897 551 1960 καί
573 1894 614 1978 μή
631 1893 775 1978 ύβλίπτει.
820 1899 995 1964 Συνελθίτοι
1014 1896 1035 1982 ἦ
1052 1897 1170 1965 διύνυιύ
1188 1919 1242 1964 σου
1261 1900 1312 1964 καί
1333 1906 1394 1965 τιδν
1415 1897 1477 1966 ύπό
1549 1935 1550 1952 ¹

322 2021 378 2066 σου
395 1995 593 2081 ἠπατημένων
606 1995 729 2088 ’ίαύννη
746 2006 788 2088 τῷ
804 1997 877 2090 ύγίρι
894 2003 936 2076 είς
955 1999 1009 2066 τόν
1024 1999 1184 2086 Ἰορδάνην,
1218 1998 1337 2087 ’Ἀνοιχι
1357 1999 1394 2066 ιδ
1417 1994 1480 2066 ὦτά

322 2121 393 2180 σου,
416 2103 467 2167 καί
483 2097 574 2167 ἄκουε
591 2107 643 2184 τῆς
656 2107 762 2184 φωνῆς
776 2107 831 2169 τού
843 2102 1002 2190 προφήτου
1018 2105 1169 2190 λέγοντας,
1189 2101 1264 2191 Ἐγσδ
1281 2101 1368 2187 φαντὶ
1383 2107 1480 2186 βοοῖν·

322 2230 374 2279 τος
390 2205 422 2269 ἒν
438 2211 475 2294 τῇ
495 2202 603 2292 ἐρήμῳ.
638 2200 749 2269 ’Ἁκουε
764 2211 818 2269 τοῦ
838 2203 1013 2292 προδρόμου
1030 2209 1153 2293 κυρίου,
1174 2213 1228 2272 τοῦ
1247 2203 1371 2292 ύχχίλου
1388 2231 1480 2270 κατα-

323 2309 484 2384 ξιωθέντος
508 2304 732 2388 όνομασθῆναι,
759 2313 816 2372 τοῦ
841 2305 900 2375 ύπδ
926 2312 1038 2384 κοιλίας
1062 2307 1174 2394 μητρός
1197 2307 1341 2392 λαβόντος
1361 2316 1481 2391 πνεῦμα

325 2409 421 2496 ἅγιον,
444 2411 495 2475 καί
512 2407 723 2496 σκιρτήσαντσς
736 2415 774 2499 τῇ
790 2408 895 2500 είςύδμ
910 2417 963 2494 τῆς
977 2413 1117 2496 Μαρίας,
1139 2409 1174 2488 δς
1191 2413 1266 2496 ἔχου
1280 2413 1323 2477 ἔτι
1336 2413 1368 2476 ίν
1381 2416 1481 2500 κοιλίμ

323 2510 467 2598 ύπύρχαν
481 2515 595 2588 είςοδον
607 2519 660 2578 τοῦ
675 2514 754 2578 ίδίον
769 2512 926 2592 δεσπότου,
948 2515 998 2578 καί
1013 2515 1139 2599 ἐσκίρτα,
1162 2505 1186 2602 ηδ
1200 2512 1295 2596 ίδόθη
1308 2511 1342 2578 τδ
1356 2511 1481 2596 μήνυμα

324 2623 378 2682 τοῦ
394 2612 656 2700 προκηρύχματος,
678 2616 728 2680 καλ
744 2611 766 2697 ἡ
782 2617 934 2698 διοιμασία
947 2623 1003 2699 τῆς
1019 2613 1095 2682 δδοῦ
1108 2621 1163 2681 τοῦ
1178 2619 1293 2700 κυρίου.
1332 2619 1482 2698 Πείσθηιι

326 2717 423 2805 ου’τρῑ,
445 2719 496 2784 καί
518 2714 554 2782 ού
574 2718 727 2794 διαπίσοις
748 2714 807 2784 ύπό
829 2726 884 2784 τοῦ
906 2725 1021 2785 σκοποῦ
1042 2725 1095 2802 τῆς
1116 2715 1265 2800 ύληθείας.
1306 2714 1391 2784 Ἰδού
1413 2717 1481 2805 χδρ,

327 2818 418 2895 αύτδς
433 2827 575 2904 μαρτυρεῖ
584 2821 685 2904 λίχυν,
707 2827 825 2906 πρῶτον
839 2820 894 2903 μίν
906 2819 959 2887 τδυ
973 2820 1118 2904 δεσπότην
1131 2822 1239 2891 ἑαυτοῦ
1253 2817 1402 2906 ίπηνούς,
1423 2820 1481 2898 δτι,

324 2921 400 3010 Ἐμοί
417 2929 471 2988 σοῦ
487 2927 585 3006 χρείαν
600 2923 672 3005 ίχοτ,
694 2923 744 2988 καί
762 2920 800 2986 σύ
816 2924 885 3012 ἔρχη
905 2922 983 3008 πρός
998 2947 1040 3005 με.
1086 2925 1148 2988 Καὶ
1161 2929 1216 2988 τοῦ
1232 2929 1366 3008 σωτῆρος
1383 2925 1482 3008 λίχαν-

326 3053 392 3104 τος,
414 3023 509 3108 ’Ἁφες
524 3021 606 3108 ύρτι,
628 3023 713 3100 ὅπως
728 3032 877 3115 πληρωθῇ
890 3033 972 3091 πᾶσα
987 3023 1180 3108 δικαιοσύνη,
1201 3026 1252 3090 καί
1268 3021 1361 3090 αύτού
1376 3029 1482 3108 βαπτι-

328 3129 453 3204 σθέντος
473 3123 525 3192 ύπ’
545 3124 654 3206 αύτού,
685 3127 726 3203 ύς
749 3149 823 3210 φησι
843 3126 877 3193 τδ
899 3137 986 3194 θεῖον
1007 3126 1190 3215 εύαμγίλιον,
1218 3125 1265 3192 δτι
1282 3125 1484 3213 ίμαρτύρησεν

274 3310 277 3318 Α
326 3228 464 3312 ’ίυόνυης
480 3231 587 3315 λέγων,
601 3229 670 3295 ’Ότι
683 3227 867 3314 ἠνοίχθησαν
883 3233 915 3296 ot
929 3228 1067 3315 ούρανοί,
1088 3232 1139 3296 καί
1156 3230 1300 3313 τεθέαμαι
1314 3227 1349 3293 τδ
1364 3237 1483 3312 πνεῦμα

327 3332 361 3399 τδ
382 3331 467 3418 ι’ίγιον
487 3335 519 3398 ἐν
542 3335 611 3398 είδιι
633 3337 805 3417 περιστερᾶς
821 3331 1046 3418 κατερχόμενον,
1068 3334 1118 3398 καί
1141 3331 1296 3418 ἐρχόμενον
1313 3328 1358 3398 ίτό
1375 3329 1482 3398 αύεύν·

328 3438 379 3502 καί
397 3434 484 3518 φανὴ
507 3437 540 3501 ἐκ
557 3441 611 3500 τοῦ
633 3431 780 3518 ούρανοῦ,
807 3427 905 3512 Οὗτός
920 3438 999 3501 ἔστιν
1014 3433 1033 3501 δ
1047 3433 1115 3514 υίός
1136 3461 1195 3520 μου
1211 3431 1230 3500 ό
1246 3432 1414 3521 ύχαιτητδς,
1437 3431 1483 3514 ἐφ’

330 3537 366 3605 δν
386 3535 548 3621 ηύδύκησα.
583 3535 666 3604 ’Ἀνα
686 3530 725 3620 ἦν
746 3536 765 3604 δ
785 3537 899 3624 πατὴρ,
921 3530 1127 3619 ύφιλύνεικι,
1149 3536 1268 3604 ύνυθευ
1283 3533 1305 3619 ἦ
1321 3536 1409 3620 φαντὶ
1430 3535 1482 3620 ἥρ·

328 3667 402 3726 χετο.
447 3644 489 3706 Et
510 3645 611 3706 τοίνυν
627 3638 747 3708 ύνυθεν
761 3638 783 3724 ἦ
799 3640 902 3723 φαντὶ,
933 3639 1087 3727 διύκρινόν
1103 3665 1152 3724 μοι
1170 3637 1226 3724 τήν
1241 3640 1485 3725 παραπεποιημί-

209 3775 262 3822 μς.
275 3763 319 3809 σιτ.
333 3771 388 3828 νην
402 3767 457 3811 σου
478 3741 620 3809 διύνοιαν.
668 3740 766 3809 Τίνιύ
785 3741 882 3825 πατήρ
906 3745 1012 3829 ίλεγεν,
1042 3736 1141 3820 Οὗτός
1157 3744 1234 3809 ίστιν
1257 3740 1276 3809 ό
1297 3740 1364 3818 υίός
1385 3737 1485 3824 μουδ

333 3845 499 3934 ἆχαπητδς,
522 3843 568 3927 ἐφ’
584 3845 619 3912 δν
631 3843 804 3930 ηύδύιιησας
825 3847 876 3912 καλ
893 3850 937 3922 τίς
954 3839 994 3929 ἦν
1011 3838 1115 3924 ούιοςς
1138 3844 1188 3912 διδ
1207 3849 1235 3910 τί
1251 3845 1284 3912 δί
1299 3846 1332 3911 ἐν
1346 3845 1421 3910 είδει
1435 3865 1485 3908 πε-

332 3956 466 4034 ριστερᾶς
480 3947 513 4016 τδ
527 3955 644 4033 πνεῦμα
658 3947 849 4031 κατελήλυθα,
870 3953 1010 4034 καίτοιγε
1022 3953 1106 4031 σῶμα
1122 3944 1163 4032 μὴ
1177 3947 1307 4032 φορίοαν
1318 3944 1354 4012 τδ
1368 3953 1486 4030 πνεῦμα

333 4050 366 4118 τδ
390 4051 489 4138 δγιονς
517 4048 550 4116 Ρ0
568 4050 623 4137 γύρ
643 4049 804 4138 μονογενὴς
825 4049 918 4134 μόνος
937 4047 1107 4127 ἐνεδύσατο,
1127 4053 1180 4117 καί
1200 4053 1313 4126 τελείας
1333 4051 1486 4134 ίιηνθριί·

335 4175 428 4234 πηοεν
447 4151 506 4220 όπδ
525 4159 649 4241 Μαρίας
662 4161 716 4238 τῆς
733 4153 934 4242 δειπαρθίνου
957 4151 1007 4220 διδ
1029 4151 1195 4235 πνεύματος
1217 4149 1320 4239 α’χίου,
1347 4148 1407 4218 ούκ
1427 4147 1484 4217 α’κδ

335 4257 502 4342 σπέρματος
524 4253 648 4345 ύυδρδς,
678 4255 748 4322 ύλλύ
769 4259 864 4347 ἑαυτῷ
886 4254 1143 4339 ύναπλοισύμενος,
1165 4251 1369 4341 ότλρχιτίχνιτς
1389 4253 1485 4340 λόχος,

336 4363 421 4441 σῶμα
436 4354 494 4422 dno*
508 4364 641 4445 Μαρίας,
663 4361 713 4426 καί
730 4357 831 4442 ψυχὴν
845 4357 899 4442 τήν
912 4356 1105 4447 α’νθριοπείαν
1118 4361 1170 4426 καλ
1182 4365 1265 4437 νοῦν,
1286 4360 1337 4424 καί
1352 4359 1397 4424 δτι
1409 4358 1487 4424 ίσιίυ

226 4480 234 4499 “
336 4460 509 4549 ἅνθρωπος,
530 4459 626 4527 πάντα
639 4466 753 4539 τελείας
768 4458 982 4543 ἀναδεξόμενος
996 4463 1047 4528 καί
1062 4481 1230 4538 σννεναοας
1243 4467 1280 4551 τῇ
1294 4461 1404 4528 ἑαυτοῦ
1418 4455 1485 4526 θεό-
