3154 4930
384 257 1015 348 rnnunnuru.u.ron.u.·nnnn.uxv1.
1215 241 1277 310 atta

110 383 185 462 fih'r'
197 381 361 456 Atratum,
385 385 438 444 sed
447 386 542 463 patras
556 385 646 443 uestri
656 381 778 442 deisboh':
802 384 831 441 so‘
842 384 914 441 ent'rtt
930 383 1028 441 essetis
1035 380 1103 458 ΔΙῖὶίί
1114 379 1273 452 Abraham,

120 487 205 546 illius
220 507 305 566 opera
316 487 468 568 feceretis.-
492 507 541 547 vos
556 487 628 546 enain
646 487 783 566 pauentes
799 503 842 544 me
858 483 1033 564 eiaterfieere,
1058 484 1204 554 hominem,
1228 486 1280 562 qua*

122 593 270 650 umanum
292 591 403 650 loeutus
422 609 483 650 sum
506 589 599 663 oobts‚·
631 590 684 648 hoe
704 587 851 647 Abrabam
873 607 928 647 non
947 587 1026 668 feeit.
1074 580 1166 647 Vides
1188 583 1278 667 igitur

121 709 180 774 per
202 690 394 756 catachresim
414 701 584 776 usurpatum
606 689 635 752 id
662 689 770 767 inisse,
803 697 835 752 ut
855 685 1013 750 Abrahami
1038 686 1153 770 quidam
1175 697 1277 751 essent

121 802 230 856 natura
249 793 316 872 biii,
340 804 370 857 et
385 794 421 857 ab
438 794 539 856 eodem
557 791 744 856 nihilominus
762 788 870 854 domini
894 791 1058 867 sententia,
1082 809 1141 852 nuo
1164 788 1277 872 origine

122 895 374 980 productionem,
406 896 457 960 sed
483 895 620 981 operibus
646 893 860 958 adiudiceutur.
906 889 952 956 De
977 913 1033 978 qua
1057 912 1090 955 re
1114 912 1168 955 nos
1192 901 1277 956 antea

123 999 350 1084 disputavimus.
395 995 516 1062 Fieriue
532 998 631 1082 itaque
654 1007 751 1082 potest
772 996 813 1060 uti
835 1015 903 1080 pars
926 995 1020 1080 aliqua
1037 995 1073 1059 ab
1093 995 1195 1059 eodem
1214 1005 1279 1059 satu

123 1101 223 1166 aliena
236 1102 322 1166 modo
343 1101 398 1179 sit,
423 1123 456 1165 ac
472 1100 577 1164 diaboii
593 1101 727 1185 propria,
751 1099 837 1163 modo
858 1100 913 1162 deo
937 1098 1108 1162 tribuenda?
1151 1095 1211 1162 Sed
1233 1097 1278 1160 ui·

125 1205 231 1268 mirum
248 1205 402 1268 incusaudi
418 1223 452 1267 ao
468 1201 702 1288 reprehendendi
716 1221 822 1266 caussa
837 1202 892 1265 ista
911 1203 1057 1266 dicuutur.
1088 1199 1167 1266 Nam
1182 1199 1228 1266 cui
1245 1221 1278 1264 se

124 1306 249 1392 quisque
268 1305 400 1385 subiicit,
423 1305 509 1370 buius
528 1315 558 1369 et
575 1305 691 1370 actione
709 1315 738 1368 et
750 1305 900 1390 disciplina
917 1305 992 1370 titius
1009 1315 1065 1385 est,
1091 1317 1122 1368 ut
1137 1323 1177 1368 eu
1192 1301 1278 1368 Pauii

125 1409 227 1474 verbis
244 1419 382 1494 apparete
406 1412 478 1472 Naro
494 1412 562 1470 boet
576 1412 679 1470 maltos
689 1420 887 1490 praeceptores
905 1409 1046 1482 mnenon,
1076 1419 1107 1470 nt
1128 1429 1184 1470 non
1206 1410 1278 1470 mat·
1291 1421 1430 1478 acuetis.

125 1525 172 1574 tos
190 1525 305 1594 putres.-
335 1535 399 1576 narn
416 1517 445 1574 r'n
461 1515 574 1574 Chresto
588 1515 653 1574 Iesu
664 1533 720 1592 per
737 1513 911 1592 euangelium
929 1533 983 1592 ego
1007 1533 1055 1574 cos
1075 1516 1174 1593 genui.
1221 1505 1279 1574 Ubi

126 1615 165 1680 ad
184 1615 363 1694 doctrinam,
387 1625 419 1678 ut
434 1614 534 1692 rides,
564 1613 620 1678 iste
643 1613 794 1677 transfert.
839 1611 879 1676 Et
900 1614 1015 1698 quidem
1038 1614 1062 1678 si
1080 1613 1278 1677 Abrahamum

124 1713 321 1782 Manichacus
345 1717 527 1796 admitteret,
552 1717 630 1781 bunc
651 1717 745 1802 ipsum
767 1717 803 1780 ad
827 1717 921 1780 iucem
945 1728 1077 1802 spectare
1100 1717 1277 1796 diceremus,

126 1819 238 1885 hiberus
254 1841 327 1884 vero
351 1819 389 1884 ab
414 1839 450 1884 eu
467 1820 624 1905 productos
648 1819 732 1883 atteri
761 1819 968 1883 tribueremus.
1013 1818 1278 1884 verumenimvero

125 1923 169 1987 ita
185 1941 252 1986 sese
269 1943 318 1987 res
338 1923 442 1987 babet:
473 1921 661 1986 imitabantur
680 1922 850 1986 homicidam
870 1919 976 2000 iudae,
1001 1922 1192 2009 proditionem
1214 1923 1279 1986 imi*

127 2025 280 2104 tabantur,
312 2026 434 2110 eiusque
454 2025 626 2090 columniam
650 2047 685 2090 aa
702 2025 876 2092 deiatiouem
896 2026 1033 2090 secundis
1054 2025 1173 2091 auribus
1195 2045 1280 2089 acce·

127 2139 250 2215 perant3
281 2129 366 2193 buius
390 2131 419 2192 in
445 2128 535 2192 divini
558 2127 684 2193 numinis
709 2128 904 2214 abnegatione
931 2127 980 2192 biii
1008 2129 1181 2194 extiterunt.
1228 2125 1280 2192 ttte

127 2229 206 2295 enim
228 2232 453 2309 mandauerat,
477 2251 541 2295 cum
565 2242 595 2294 et
616 2229 726 2295 incubos
743 2232 880 2311 baberet,
905 2242 935 2295 et
950 2233 1057 2296 iustum
1072 2233 1278 2310 committeret,

126 2343 160 2398 et
176 2327 325 2398 Christum
342 2334 383 2396 ita
398 2333 558 2413 aciutaret,
581 2340 645 2396 Aoe
661 2335 765 2411 natte-
790 2355 875 2418 quam
895 2333 931 2398 ob
949 2353 1083 2399 caussam
1101 2335 1155 2398 hac
1170 2335 1278 2399 domini
1291 2311 1378 2422 ¹⁸2¹.ng

128 2457 204 2501 voce
221 2436 459 2521 reprehenditur,
483 2441 584 2498 Arathe
597 2441 636 2498 ad
647 2441 716 2518 quid
728 2442 849 2499 vendo?
879 2434 964 2502 iudos
982 2457 1055 2501 vero
1073 2431 1196 2502 Geinum
1216 2437 1280 2502 imi-
1293 2452 1351 2497 nes.
1362 2454 1383 2508 a,
1398 2453 1418 2496 s.

127 2549 209 2602 tatus
223 2548 280 2616 est,
304 2538 352 2622 qui
369 2549 399 2602 et
413 2539 556 2624 parricida
574 2539 639 2618 tuit,
664 2550 694 2602 et
712 2559 810 2604 coram
827 2539 944 2603 domino
961 2541 1099 2604 mentitus
1116 2551 1173 2604 est.
1204 2543 1279 2601 Num
1293 2555 1352 2600 aaa.
1365 2557 1386 2612 s,
1400 2557 1419 2600 n.

127 2653 240 2715 eustos,
266 2641 373 2725 iuquit,
390 2643 501 2724 srutrt's
517 2647 666 2704 ancisum?
687 2647 781 2705 nesam
796 2644 904 2704 ubisit.
949 2639 1087 2707 Eiusdem
1106 2653 1134 2706 et
1149 2642 1281 2707 Adamas

127 2743 292 2808 imitatione
310 2742 385 2807 tilius
401 2744 466 2824 fuit,
491 2746 556 2810 dum
572 2745 739 2810 mendacem
754 2744 832 2809 iham
850 2762 952 2809 rocem
972 2745 1114 2830 seqnitur,
1139 2765 1213 2831 quae
1229 2767 1283 2831 per

127 2857 297 2933 serpentem
315 2845 357 2909 ita
377 2837 567 2930 loquebatur:
597 2853 690 2910 Eritis
712 2853 787 2910 aaut
803 2853 847 2910 dr'o'
860 2854 979 2911 umentes
995 2851 1094 2911 bonurn
1116 2861 1145 2912 et
1164 2853 1278 2911 mulum.

126 2949 229 3034 Atque
253 2949 307 3012 boc
329 2948 423 3034 ipsum
445 2951 589 3035 estquod
620 2953 649 3013 iu
671 2952 826 3037 evaugelio
849 2973 865 3013 a
888 2951 1036 3016 salvatore
1059 2952 1181 3016 dicitur:
1228 2957 1433 3022 Vostomuaau.

126 3057 199 3115 estas
211 3053 277 3133 fild
294 3055 410 3115 drhbnb‘.
458 3051 509 3118 Sic
536 3053 611 3117 enim
641 3053 785 3138 loquitur,
829 3059 930 3118 Nonne
953 3059 1096 3118 duodecim
1125 3077 1173 3118 ons
1193 3059 1277 3137 ἀφ’,
1297 3067 1385 3125 tutas,
1398 3070 1433 3114 m.

127 3167 159 3218 et
176 3177 250 3218 nous
265 3179 303 3218 ea
323 3158 400 3218 uobis
419 3166 463 3217 est
480 3159 631 3218 dunholm?
675 3161 809 3236 Quoniam
828 3159 863 3220 ab
879 3163 959 3222 britio
976 3163 1097 3221 mendac
1118 3171 1163 3219 est
1183 3171 1213 3220 et
1231 3163 1281 3220 ho-

127 3263 243 3334 micida,
268 3263 334 3341 puch
345 3269 431 3340 puter
447 3264 508 3321 ahs
522 3263 642 3322 menduc
653 3273 726 3322 mot.
759 3257 827 3343 Qua
842 3259 1131 3326 ratiooeMsnichaei
1148 3261 1280 3348 quaestio

127 3360 318 3440 dissolvitur3
342 3360 494 3425 nonenim
512 3362 618 3426 diaboii
637 3362 754 3447 proprie
772 3361 821 3426 iiiii
841 3373 925 3430 eraut
945 3360 1056 3428 iudaei.
1101 3365 1190 3432 Absit
1206 3378 1238 3431 ut
1252 3366 1281 3430 id

129 3484 202 3530 esse
217 3465 381 3528 credamus.
428 3460 542 3550 Quippe
559 3485 623 3527 curu
641 3460 826 3529 Samaritana
841 3465 946 3530 mulier
960 3461 1081 3531 Christo
1100 3469 1216 3534 domino
1239 3471 1281 3533 di·

129 3567 247 3645 xisset‚
277 3571 332 3630 Ilia
349 3572 378 3630 s'n
394 3573 449 3630 isto
463 3579 555 3630 monte
571 3571 764 3630 adorauerunt
773 3580 872 3649 patrus
885 3574 993 3632 omtro‘:
1016 3594 1065 3632 oos
1081 3583 1172 3634 autern
1187 3576 1432 3642 urettnumaas

129 3673 335 3751 Hierosolymis
352 3693 413 3732 esse
428 3673 529 3746 locum,
554 3671 604 3732 ott
616 3682 725 3752 oportet
741 3675 871 3746 adorare,
896 3681 961 3756 post
974 3673 1062 3736 tumltu
1078 3673 1207 3738 salvator
1225 3673 1282 3740 ista

128 3773 273 3851 subiecit,
306 3777 382 3852 Quae
397 3778 500 3835 scamus
518 3776 673 3856 loquimar,
699 3779 765 3856 quoia
787 3779 866 3837 salus
885 3797 923 3836 es
944 3777 1057 3838 ludaeis
1073 3789 1125 3838 est.
1173 3773 1228 3841 cut
1252 3789 1281 3842 et
1291 3791 1433 3848 mannen.

130 3875 283 3961 spostolus
301 3876 449 3940 consentit
465 3875 509 3941 his
527 3875 643 3941 verbis:
678 3881 812 3957 &mnium
831 3900 868 3939 ec
883 3881 954 3940 ludu
974 3888 1053 3940 ortus
1078 3890 1121 3938 est
1141 3881 1432 3952 commostraremus

128 3975 193 4044 Sed
217 3977 299 4063 plura
321 3979 356 4042 ad
380 3998 444 4042 eam
468 3999 529 4042 rem
551 3979 693 4064 disputari
720 3991 843 4066 possunt
864 3979 966 4066 quibus
989 3979 1062 4042 intua
1085 3978 1162 4044 iliius
1184 3980 1281 4066 opinio
1312 3985 1317 3992 ⁴

128 4080 294 4146 refellatur.
914 4083 918 4098 '

218 4185 338 4249 Ateninn
356 4183 558 4269 evangelicum
577 4185 645 4250 iilud
660 4185 765 4251 dictum
785 4185 903 4272 arripite
928 4191 968 4250 Et
983 4191 1036 4249 loa
1049 4192 1078 4250 o'n
1092 4189 1213 4249 tenebm
1234 4191 1278 4250 lu-
1296 4173 1369 4294 Q·

127 4379 220 4440 pirna,
236 4387 307 4436 attam
320 4377 417 4424 restitui.
451 4372 641 4438 xurnhttnpinuc
654 4375 689 4425 ed.
724 4373 1067 4444 queiuxtaintelligeutiam).
1081 4375 1283 4445 καταθεωρήσας
1327 4419 1338 4430 .

127 4445 207 4508 prmo
224 4443 380 4510 (monacum
393 4447 419 4493 in
432 4445 508 4494 tutius
521 4445 624 4494 mone
634 4443 690 4494 cor-
723 4448 761 4498 ed.
774 4449 857 4498 Pereo.

129 4514 217 4564 narius
228 4511 386 4574 admoncantur
397 4514 426 4562 stt
441 4514 603 4574 murmurum
619 4511 691 4563 itanu-
761 4515 800 4569 10.
818 4507 898 4580 adsuit
914 4515 983 4566 andd.
1000 4527 1056 4567 mss.
1071 4519 1094 4568 et
1105 4517 1142 4568 sd.
1155 4517 1231 4579 prinu
