3176 4930
312 227 373 293 336
737 237 858 291 εκυυτι
876 239 1047 292 τειειιειυιι
1568 241 1569 320 η

313 352 363 422 διά
377 361 432 420 τοῦ
447 350 565 440 άγαθοῢ
580 351 613 420 τδ
631 353 724 420 κακδν
736 357 806 438 ἐμοί
820 353 1056 435 κατασκευάσας,
1078 357 1128 420 ίνα
1145 355 1263 440 γίνηται
1276 356 1329 422 καί
1343 357 1464 446 ἐλεγχθῇ

313 453 383 522 καθ’
399 453 568 542 ὑπερβολήν
587 454 606 523 3
626 453 746 544 εάρετης
768 460 816 524 καὶ
840 460 949 524 τέκτων
966 465 1020 541 τῆς
1042 454 1187 545 ἁμαρτίας
1208 454 1394 543 άμαρτωλδς,
1415 461 1467 524 καί

312 563 451 649 διορισθῇ
465 558 523 624 άπδ
541 567 595 625 τοῦ
609 566 702 625 καλοῦ
719 556 857 626 τάναντία
874 569 928 644 τῆς
948 563 1067 643 ἐντολῆς
1082 568 1137 626 τοῦ
1152 568 1229 626 θεοῦ
1245 559 1465 645 ἐπιτροπεύσας.
1568 597 1569 648 η

315 667 443 746 Οἴδαμεν
461 659 517 748 γάρ
535 660 581 728 δἐι
598 658 617 728 δ
636 661 728 744 νόμος
745 665 805 728 ἐστί
822 661 1035 746 πνευματικδς,
1057 661 1105 728 διδ
1123 663 1172 728 καὶ
1190 661 1253 726 κατ’
1270 660 1357 729 οάδέν
1374 667 1468 729 αἴτιον

312 762 424 848 βλάβης
440 762 553 830 οδδενί·
577 761 680 850 πόρρω
696 763 751 850 γάρ
769 767 933 847 ἐπιθυμίας
951 763 1061 850 άλόγου
1078 766 1129 830 καί
1146 760 1290 850 άμαρτίας
1306 763 1469 848 ἐσκήνωσαν

312 867 348 934 τά
365 865 559 951 πνευματικά.
602 865 677 952 Ἐγοέ
698 868 731 932 δέ
753 867 894 952 σάρκινός
915 871 991 952 εἰμι,
1012 869 1202 952 πεπραμένος
1221 865 1282 934 δπδ
1300 867 1354 951 τήν
1375 865 1468 954 ἆμαρ-

312 976 386 1048 τίαν,
410 966 486 1048 οίον,
507 967 582 1054 Ἐγεδ
600 971 631 1034 δέ
647 968 786 1054 σαρκινδς
801 969 843 1036 div
859 973 910 1036 καὶ
925 971 1049 1058 ἐνμέσῳ
1066 976 1119 1035 τοῦ
1134 977 1269 1054 πονηροῦ
1282 971 1335 1036 καλ
1350 967 1469 1056 άγαθοῦ

312 1074 509 1147 κατασταθείς
522 1069 567 1148 αἷς
584 1069 786 1152 αὖτεξοάσιος,
814 1071 852 1138 ἵν’
869 1070 915 1139 ἐπ’
936 1075 1000 1154 ἐμοί
1024 1073 1143 1139 ἑλέσθαι
1159 1071 1178 1138 3
1194 1071 1339 1168 βοάλομαι
1357 1065 1376 1162 ᾖ
1397 1073 1465 1156 (Τέ-

311 1187 401 1242 θεικα
425 1172 499 1261 γάρ,
528 1177 618 1258 φησὶ,
648 1173 706 1260 πρδ
729 1175 892 1260 προςοίπου
916 1198 970 1240 σου
993 1171 1047 1258 τήν
1070 1173 1148 1259 ζωὴν
1168 1177 1220 1240 καί
1242 1173 1294 1240 τδν
1312 1173 1470 1258 θάνατον),

313 1277 419 1354 νεάσας
434 1274 511 1363 πρδς
527 1275 561 1344 τδ
579 1285 767 1365 παρακοῦσαι
784 1280 837 1362 μέν
852 1286 907 1344 τοῦ
926 1283 1127 1361 πνευματικοῦ
1143 1276 1254 1360 νόμου,
1276 1274 1343 1344 οίον
1356 1285 1410 1361 τῆς
1426 1280 1470 1344 ἐν·

312 1389 414 1466 τολῆς,
436 1379 605 1446 δπαιιοῦσαι
623 1381 656 1446 δέ
680 1387 734 1446 τοῦ
756 1377 875 1461 δλικοῦ,
899 1377 963 1448 οίον
986 1388 1041 1446 τοῦ
1065 1379 1180 1462 ὄφεως,
1201 1378 1257 1462 τὴν
1277 1383 1469 1466 συμβουλίαν,

312 1487 466 1569 πέπραμαι
491 1481 541 1548 διά
566 1481 618 1566 τὴν
640 1481 779 1566 τοιαύτην
798 1487 924 1570 αἳρεσιν,
953 1481 1053 1549 πεσαέν
1075 1481 1135 1550 διεδ
1159 1481 1320 1570 άμαρτίαν,
1341 1490 1382 1573 τῷ
1406 1486 1470 1548 δια-

313 1587 405 1676 βόλῳ·
429 1585 502 1657 ὅθεν
525 1588 665 1652 ἐντεῦθεν
682 1584 885 1671 πολιορκῆσάν
905 1612 941 1670 με
958 1584 991 1652 vd
1011 1581 1105 1652 κακδν
1128 1585 1249 1665 ἐνιζάνιι
1274 1589 1325 1652 καί
1349 1589 1469 1669 ἐμπολι-

314 1689 443 1772 τεάεται,
473 1692 664 1766 είςοικεῑσθαι
680 1691 712 1754 ἐν
730 1696 767 1778 τῇ
788 1694 874 1775 σαρκί
895 1717 953 1772 μου
971 1687 1108 1772 καθάπερ
1127 1686 1230 1772 κηφὴν
1252 1690 1284 1754 ἐν
1305 1693 1398 1779 κηρίῳ
1422 1715 1471 1772 με-

313 1799 427 1876 λίσσης,
449 1791 679 1878 περιϊπτάμενος
693 1791 834 1868 πολλάκις
849 1795 917 1880 περὶ
931 1789 1023 1858 αι’πδν
1044 1794 1096 1858 καί
1115 1795 1254 1875 βομβῶν,
1276 1793 1362 1875 δίκης
1377 1793 1471 1858 έπιτε·

283 1931 286 1936 ·
314 1902 418 1979 θείσης
434 1922 483 1979 μοι
505 1893 558 1978 τὴν
576 1891 696 1976 ἐντολὴν
711 1891 890 1978 άθετήσαντι
904 1901 1081 1980 παραθεῖναι
1098 1900 1138 1984 τῷ
1155 1900 1246 1982 κακῷ.
1291 1893 1347 1960 Διδ
1364 1891 1417 1960 καί
1435 1891 1473 1960 οδ

314 1998 449 2086 γιναίσκω
467 1997 485 2064 3
500 1995 723 2083 κατεργάζομαι,
745 1997 928 2084 λογιζόμενος
946 1995 964 2063 δ
981 1994 1021 2080 μή
1038 1999 1128 2063 θέλω.
1176 1993 1216 2062 Τδ
1231 1991 1299 2083 γάρ,
1314 1995 1354 2062 Ὃ
1368 2021 1472 2082 ιιατερ·

314 2101 439 2188 γάζομαι
460 2097 497 2168 οδ
518 2098 669 2186 γινώσκω,
690 2102 742 2166 καί
757 2109 836 2168 ποιῶ
850 2099 868 2166 3
884 2107 976 2183 μισῶ,
998 2098 1155 2186 λεγόμενον
1176 2096 1231 2164 ον’κ
1253 2101 1303 2166 ἐπί
1320 2105 1375 2166 τοῦ
1396 2107 1472 2164 τελε·

314 2210 487 2290 σιουργῆσαι
508 2201 540 2270 τδ
563 2209 679 2284 φαῦλον
699 2205 750 2268 καί
773 2208 879 2291 δρᾶσαι
903 2205 1126 2288 παραληπτέον,
1148 2199 1208 2268 ἄλλ’
1230 2203 1280 2268 ἐπί
1299 2209 1355 2268 τοῦ
1377 2199 1474 2284 μόνον

315 2310 541 2392 ἐνθυμηθῆναι,
563 2313 709 2392 λογισμοῖν
725 2304 881 2372 α’νοικείαν
902 2302 973 2390 ἡμῖν
989 2307 1234 2391 προςιπταμέναν
1249 2302 1408 2381 πλεονάκις
1421 2305 1474 2370 ιιαλ

315 2409 559 2495 έμφανταζιίντων
580 2407 659 2492 ἡμᾶς
676 2407 751 2496 πρδς
773 2408 792 2474 3
814 2407 855 2493 μη
876 2412 1019 2492 θέλομεν,
1041 2415 1094 2493 τῆς
1115 2412 1213 2493 ψυχῆς
1236 2417 1299 2486 τοῖς
1320 2415 1475 2494 λογισμοῖς

314 2515 382 2601 περὶ
404 2511 495 2582 πολλά
517 2514 738 2601 περιαγομέυης.

172 2683 239 2792 Ῑέἐδί
250 2671 296 2788 δέ
402 2715 446 2784 Ov’
462 2717 517 2805 γάρ
531 2716 579 2799 ἐφ’
596 2715 668 2801 ἡμῖν
685 2717 761 2795 ὅλας
774 2715 807 2784 εδ
827 2719 1041 2802 ἐνθυμεῖσθαι,
1064 2716 1085 2800 ἢ
1103 2714 1144 2801 μὴ
1162 2719 1360 2798 ἐνθυμεῖσθαι
1377 2724 1474 2781 κεῖται

314 2819 350 2886 τά
366 2819 478 2899 άτοπα,
501 2819 572 2886 άλλδ
587 2819 620 2886 εδ
636 2827 781 2905 χρῆσθαι,
804 2819 825 2903 ἢ
841 2818 883 2904 μή
900 2829 1031 2906 χρῆσθαι
1046 2829 1109 2896 τοῖς
1125 2821 1324 2902 ἐνθυμήμασι.
1368 2825 1472 2884 Κωλῦ-

315 2946 364 2990 σαι
380 2925 432 3007 μέν
449 2922 504 3010 γάρ
520 2922 562 3006 μη
579 2926 732 3007 ἐμπίπτειν
748 2926 790 3000 είς
804 2920 884 3006 ἡμᾶς
897 2921 969 3000 τοδς
979 2921 1136 3009 λογισμοδς
1152 2919 1190 2988 οιέ
1205 2919 1372 3004 δυνάμεθα,
1395 2920 1474 3008 πρδς

314 3025 440 3109 δοκιμὴν
459 3023 544 3111 ἡμῶν
566 3028 678 3104 έξαθεν
702 3028 940 3108 είςπνεομένονς·
968 3023 1009 3109 μή
1032 3031 1192 3108 πεισθῆναι
1217 3027 1357 3108 μέντοι,
1387 3021 1409 3108 ἢ
1431 3021 1473 3107 μὴ

313 3137 443 3214 χρῆσθαι
460 3127 572 3210 αὐτοῖς,
595 3127 759 3212 δυνάμεθα.
798 3125 882 3192 Ἐπεὶ
895 3136 960 3204 πῶς
977 3125 994 3194 δ
1011 3125 1176 3204 άπόστολος
1188 3125 1224 3192 τδ
1238 3127 1293 3210 μὲν
1307 3124 1403 3194 κακδν
1418 3123 1474 3210 σι’τχ

314 3231 434 3314 ἥκιστα,
459 3224 697 3320 ιβάπηρέσκετο,
720 3235 828 3313 ἐποίει,
850 3229 883 3298 εδ
902 3232 934 3298 δέ
950 3231 1055 3312 καλὸν,
1078 3223 1103 3319 ιβ
1123 3229 1280 3317 ἠρέσκετο,
1302 3229 1426 3312 ἥκιστα,
1448 3232 1476 3292 εί

314 3332 355 3417 μή
377 3337 446 3416 περὶ
466 3341 526 3400 τῶν
546 3333 675 3414 ὀθνείων
695 3332 915 3420 ἐνθυμημάτων
930 3336 1039 3420 ἐλεγεν,
1062 3332 1082 3398 3
1099 3331 1314 3417 ἐνθυμοάμεθα
1335 3330 1402 3398 ἐσθ’
1424 3331 1475 3398 ὅτε

313 3442 365 3503 καί
387 3435 429 3521 μὴ
447 3427 638 3522 βουλόμενοι,
662 3441 692 3515 ἐξ
713 3441 781 3513 οἵας
799 3435 835 3503 οδ
853 3435 1045 3524 γινώσκοντες
1069 3439 1179 3516 αίτίαςς
1207 3434 1227 3500 3
1250 3433 1475 3522 ἆνατρέπεσθαι

312 3537 378 3627 χρὴ,
400 3541 452 3606 καὶ
465 3542 711 3624 ἐπιστομίζεσθαι,
733 3545 784 3605 ἵνα
799 3537 840 3623 μὴ
861 3536 1065 3626 1ειίρυνείμενα
1079 3547 1139 3606 τῶν
1154 3537 1471 3626 περάτωνκρατὴσασι

313 3651 366 3726 τῆς
381 3649 503 3727 ψυχῆςἸ
532 3639 694 3728 Ἀμήχανον
710 3641 765 3729 γάρ
785 3641 897 3708 τούτων
913 3641 1165 3728 ἐνευκαιροάντοιν
1181 3644 1213 3708 ἐν
1230 3639 1303 3724 ἡμῖν
1320 3645 1473 3708 ἐπανατεῐ-

312 3755 359 3812 λαι
375 3745 409 3812 τδ
429 3743 555 3832 άγαθδν.
599 3743 717 3833 Ὀρθῶς
734 3743 809 3830 άρα,
832 3743 872 3808 Ὃ
890 3743 945 3830 γδρ
961 3745 1174 3832 κατεργάζομαι
1187 3741 1225 3809 οδ
1238 3743 1393 3830 γινυίσκαι,
1415 3748 1473 3812 ἐλε-

313 3875 376 3934 γεν·
399 3845 434 3914 ον’
451 3846 507 3934 γάρ
524 3847 541 3913 3
557 3849 637 3914 θέλω
654 3847 789 3934 πράσσω,
811 3844 869 3912 ἄλλ’
887 3847 905 3913 3
922 3855 1009 3932 μισαῖ,
1031 3855 1119 3914 τοῦτο
1136 3854 1223 3914 ποιοῖ.
1270 3848 1401 3932 Θέλομεν
1415 3845 1472 3934 γάρ

313 3949 350 4016 τά
366 3951 406 4034 μή
420 3949 623 4038 προςήκοντα,
645 3953 696 4016 καὶ
713 3948 732 4014 3
752 3947 794 4032 μή
814 3951 903 4032 θέμις
920 3946 1014 4034 λμηδ
1030 3953 1243 4034 ἐνθυμεῖσθαι·
1264 3949 1368 4034 ἐπειδὴ
1384 3957 1471 4016 τοῦτο

315 4049 432 4138 άγαθδν
448 4055 572 4134 τέλειον,
595 4052 635 4137 μὴ
652 4051 746 4137 μόνον
762 4060 816 4119 τοῦ
834 4060 959 4136 ποιῆσαι
973 4051 1046 4118 αδτδ
1066 4052 1308 4139 έγκρατεάεσθαι,
1330 4051 1404 4118 άλλά
1420 4054 1470 4118 ul

315 4162 367 4220 τοῦ
384 4159 603 4241 ἐνθυμηθῆναι.
650 4157 710 4222 Καὶ
728 4156 746 4222 3
761 4157 902 4238 θέλομεν,
925 4163 1011 4222 τοῦτο
1035 4153 1153 4241 α’γαθδν
1174 4153 1212 4222 οιέ
1228 4160 1353 4241 γίνεται,
1377 4153 1436 4221 ἀλλ’
1453 4153 1471 4220 3

316 4255 352 4322 ον’
372 4261 513 4340 θέλομεν,
536 4258 676 4347 πονηρόν.
719 4256 913 4338 Ἐπιφοιτιόσι
932 4257 988 4344 γάρ
1008 4261 1076 4346 περὶ
1094 4257 1149 4342 τὴν
1166 4263 1290 4344 καρδίαν
1311 4255 1399 4342 ἡμῶν
1419 4259 1471 4323 καλ

351 4413 558 4463 on.Lv11.-
593 4421 615 4468 1.
634 4419 699 4466 Libri
715 4417 785 4479 υαλρο
803 4412 874 4481 εάρυ-
908 4419 999 4468 savium
1015 4419 1156 4480 Carnarius,
1172 4421 1262 4466 ναίετε
1278 4413 1446 4476 „dilatanda

315 4477 420 4550 ια’μεθα.
456 4485 524 4544 Quod
546 4487 629 4536 υθίιιαι
645 4488 744 4536 conexit
760 4489 814 4550 στίν
830 4487 875 4537 Pe·
942 4487 967 4538 2.
984 4480 1046 4552 μηδ’
1062 4489 1181 4539 Petamus.
1220 4487 1293 4548 βυίςο
1310 4481 1356 4550 μη.
