3176 4930
360 257 497 310 ananau
514 259 578 310 aaa.
589 257 622 312 m.
639 259 721 312 rost.
735 261 756 312 1.
773 259 874 312 asan.
890 261 983 314 cxiv.
1187 249 1247 314 eet

92 387 161 462 post
178 377 350 462 baptismum
370 377 479 442 nullum
496 379 554 444 iam
573 379 671 444 scelus
693 391 948 465 perpetramus,
973 391 1162 467 posteaquam
1183 403 1252 468 pec·

92 489 191 544 catum
210 499 226 542 a
243 479 328 544 nobis
344 480 473 544 funditus
488 491 570 545 esset
584 501 671 546 omae
686 483 845 547 sublatum.
891 482 983 567 Atqui
998 485 1086 547 etiam
1103 496 1170 568 post
1183 505 1250 550 sus

91 592 208 666 ceptam
231 580 317 644 fidem
333 581 520 648 sanctissima
541 583 591 647 illa
613 604 706 668 aquae
726 585 837 648 lotione
861 585 969 670 pertusi
987 586 1114 670 peccatis
1132 587 1250 673 saepius

91 683 316 768 obstringimur.
361 683 470 770 Neque
486 685 564 750 onim
579 685 653 750 adeo
670 707 704 750 sc
720 687 878 751 immunem
897 687 933 750 ab
949 688 1028 750 omni
1045 707 1112 752 esse
1130 700 1251 774 peccato

91 785 215 870 gloriari
238 787 381 873 quispiam
398 797 512 873 potest,
537 798 568 852 ut
584 808 622 852 ne
644 788 822 873 cogitatione
842 789 958 873 quidem
976 789 1064 854 ullum
1081 791 1180 855 soclus
1201 793 1253 855 ad·

89 890 201 952 mittat.
246 887 296 954 lla
313 911 372 974 quo
388 885 641 975 consequens'est
661 891 779 976 reprimi
799 892 914 976 quidem
934 912 970 955 ac
993 893 1142 978 consopiri
1164 893 1251 956 modo

90 990 148 1054 tte
166 1002 335 1076 peceatum,
359 1013 396 1056 ne
414 992 598 1077 perniciosos
611 995 724 1057 tractus
742 994 867 1072 emittat,
892 1016 950 1058 non
967 993 1087 1059 omnino
1101 1005 1200 1058 minen
1217 1015 1252 1058 aa

90 1093 234 1158 radicitus
248 1094 394 1179 exdngui.
435 1091 585 1178 Quocirca
601 1117 678 1159 nunc
692 1093 771 1160 illius
785 1095 900 1180 quidem
915 1099 1059 1180 germina,
1085 1117 1190 1182 pravas
1208 1097 1253 1160 ni·

90 1181 198 1262 mirum
215 1197 427 1281 cogitationes,
450 1197 633 1277 iobibemus,
657 1218 694 1262 ne
709 1217 764 1282 qua
778 1202 866 1260 rodr‘a
878 1203 1077 1262 omarinrdt'nrt
1092 1219 1249 1284 erumpens
1259 1209 1404 1270 nonanus.

90 1299 257 1363 molestiam
277 1299 360 1364 nobis
378 1299 498 1378 alleratq
524 1321 578 1364 nec
602 1310 719 1386 apertas
743 1301 779 1363 ad
803 1299 1000 1386 pullulantium
1019 1302 1084 1364 vias
1105 1319 1140 1365 ac
1158 1301 1253 1386 spira-

89 1412 195 1466 menta
210 1401 363 1466 debiscere
380 1423 416 1466 ac
432 1403 563 1487 patelieri
581 1402 722 1481 sinimus,
747 1403 927 1488 proindeque
945 1403 1045 1467 divino
1061 1404 1154 1467 uerbo
1171 1404 1253 1468 velut

90 1503 192 1567 secari
211 1504 334 1588 quadam
353 1505 525 1570 trutinantes
538 1504 696 1568 identidem
713 1504 750 1568 ab
763 1505 862 1569 radice
878 1506 985 1590 stirpes
1000 1506 1175 1570 excidimus.
1210 1505 1254 1569 At

89 1605 119 1668 ia
145 1606 246 1669 laturo
268 1606 318 1671 illo
340 1615 418 1670 statu
442 1607 509 1671 mali
531 1607 627 1670 omnis
649 1607 697 1670 vel
720 1608 860 1692 cogitatio
882 1608 1013 1672 tolletur.
1293 1643 1354 1708 cap.

173 1706 282 1792 Neque
299 1729 371 1774 sero
386 1711 463 1792 quod
481 1709 604 1774 dicimus
618 1710 830 1793 scripturarum
847 1709 1015 1774 testimonio
1028 1719 1121 1787 caret,
1145 1709 1170 1773 ei
1187 1710 1251 1794 quis
1263 1712 1389 1762 xxrtttt.

89 1813 248 1875 veritatem
266 1809 383 1876 sincere
402 1812 532 1896 proliteri
547 1812 630 1876 velit.
675 1809 756 1876 Nam
773 1823 803 1875 et
822 1812 972 1897 apostolus
994 1811 1105 1897 peccati
1124 1812 1252 1876 radicem
1265 1780 1389 1848 (xm)

90 1913 222 1976 nandum
249 1934 289 1976 ex
313 1913 478 1978 bominibus
501 1913 595 1978 sensit
617 1915 736 1978 omnino
761 1915 922 1993 sublatam,
954 1935 1019 1977 cum
1042 1914 1084 1979 ita
1106 1914 1251 1999 loquitari

90 2019 160 2078 Scio
178 2020 251 2077 ensis
266 2021 342 2098 quod
353 2039 409 2078 noa
425 2018 537 2078 dabitat
549 2021 580 2078 in
596 2037 649 2091 mc,
673 2019 727 2079 boc
741 2029 788 2080 est
797 2023 826 2080 r'n
844 2039 930 2080 carne
943 2037 1015 2091 meo,
1040 2018 1159 2079 mum.-
1182 2021 1253 2080 nelle
1263 2031 1330 2079 ιισι
1342 2033 1363 2092 t,
1373 2033 1405 2080 te

90 2125 166 2182 enim
183 2124 297 2182 maaet
308 2121 393 2193 ms'lr',
415 2121 555 2200 perficere
568 2131 660 2182 satem
674 2121 775 2182 Meam
790 2125 917 2181 marine.-
941 2141 997 2181 non
1012 2123 1085 2181 estas
1101 2124 1177 2202 qaod
1191 2124 1252 2183 nalo

88 2225 171 2305 sacto
189 2223 300 2295 maron,
324 2225 375 2283 eccl
389 2225 465 2302 quod
477 2225 542 2284 nolo
556 2224 676 2296 molum,
700 2224 755 2284 bac
761 2224 863 2306 facab:
886 2227 916 2284 si
926 2232 1019 2284 aetem
1033 2227 1109 2303 quod
1120 2226 1186 2284 nola
1201 2226 1255 2286 loc

88 2327 187 2406 samo,
212 2345 269 2385 non
285 2329 340 2385 obss
357 2345 415 2408 ego
432 2327 553 2406 perfice
570 2327 659 2398 allud,
682 2328 734 2386 sed
749 2327 825 2406 quad
848 2325 960 2386 dabitat
980 2328 1010 2385 r'n
1031 2345 1075 2386 me
1091 2337 1249 2405 peccatum.

90 2423 176 2490 ldem
199 2425 284 2490 illud:
317 2429 500 2488 Candclcctor
516 2429 577 2507 legi
588 2431 638 2488 des'
649 2430 800 2488 secundnm
818 2429 979 2488 rirtcm'orcm
995 2429 1150 2489 hommem.-
1174 2431 1253 2490 ordeo

90 2539 189 2591 nutem
204 2532 290 2590 worn
307 2531 396 2610 legem
414 2535 443 2591 in
460 2531 590 2592 mmbrr'a
611 2533 678 2591 mcs'c
694 2540 897 2610 repugnantem
915 2531 1089 2609 tegimentis
1107 2549 1200 2605 mccc,
1225 2541 1256 2591 et

92 2634 209 2694 omino
230 2636 418 2713 captivantem
441 2653 484 2694 me
508 2635 568 2711 legi
582 2636 709 2712 meaa,
733 2653 805 2712 pace
820 2643 864 2692 est
884 2635 915 2692 in
931 2633 1061 2692 membris
1083 2637 1161 2694 mma.
1207 2627 1252 2694 lta

92 2734 225 2797 noudum
243 2745 394 2819 peccatum
415 2733 452 2797 ab
473 2733 544 2818 ipsis
568 2733 713 2798 radicibus
739 2731 838 2798 excidi
858 2733 975 2817 penitas
997 2734 1100 2819 potuit.
1145 2731 1253 2818 Neque

92 2835 176 2898 enim
198 2835 326 2900 lunditus
351 2847 398 2900 est
419 2837 600 2914 catismtum,
630 2837 681 2899 sed
700 2834 859 2898 etiamnum
877 2835 961 2899 visit.
1008 2833 1066 2918 Qui
1089 2835 1166 2899 enim
1190 2835 1254 2898 lieri

91 2937 173 3001 istud
193 2949 310 3023 posset,
336 2950 491 3022 autequam
512 2937 598 3002 bomo
615 2938 700 3000 morti
720 2946 801 3002 esset
818 2937 970 3015 addimus,
993 2950 1025 3001 ut
1042 2958 1107 3001 cum
1128 2957 1164 3001 eo
1188 2957 1253 3002 cor·

92 3050 215 3126 raptum
234 3051 320 3126 atque
336 3050 537 3126 consumptum
555 3039 683 3104 luoditus
699 3039 814 3122 quidem
830 3039 925 3124 ipsum
941 3040 1134 3122 extinguatur
1154 3050 1185 3102 et
1204 3057 1254 3124 pc·

92 3153 179 3221 reat,
203 3143 319 3226 plantae
334 3142 445 3221 instar,
471 3163 546 3227 quae
560 3142 702 3206 dissoluto
717 3141 768 3204 illo
782 3141 813 3204 in
829 3161 887 3225 qno
902 3141 1008 3205 abditis
1024 3161 1093 3204 sese
1105 3141 1253 3206 radicibus

92 3245 295 3310 conterrebat
312 3245 466 3325 emoritur,
491 3245 577 3309 bomo
596 3265 669 3308 vera
686 3244 793 3308 nullam
810 3243 868 3307 iam
885 3244 1003 3309 insitam
1020 3243 1131 3308 babens
1147 3244 1253 3306 amari·

94 3347 208 3412 tndiais
224 3349 352 3413 radicem
369 3351 403 3412 ad
421 3349 509 3412 vitam
527 3347 681 3432 resurgatl
725 3344 827 3430 ltaque
842 3347 879 3410 ad
895 3357 1046 3432 peecatum
1062 3347 1143 3410 velot
1161 3345 1254 3410 catir-

94 3451 225 3536 paadum
240 3451 413 3536 penitusque
428 3450 581 3517 delendum
602 3448 760 3533 opitulator
776 3460 879 3514 noster
894 3471 930 3514 ac
945 3469 1017 3512 rere
1033 3449 1163 3513 medicus
1182 3449 1253 3512 deos

94 3561 224 3618 mortem
238 3553 320 3638 quasi
339 3553 485 3618 auxiliare
501 3552 645 3636 quoddam
659 3551 902 3616 medicamentum
918 3551 1065 3630 adhibuit,
1090 3572 1128 3614 nc
1147 3550 1253 3614 malum

94 3655 127 3720 ia
145 3653 243 3735 mobis,
269 3666 368 3741 utpote
384 3654 608 3733 immortalibus,
630 3653 789 3718 excitatum
804 3653 1013 3739 sempiternum
1031 3663 1174 3730 maneret,
1199 3671 1254 3714 nos

95 3768 197 3822 autem
214 3758 342 3842 pessime
360 3757 455 3822 adecti
475 3768 505 3820 et
526 3756 676 3843 apropria
691 3754 801 3820 virtute
819 3757 1033 3841 aegrotantium
1056 3775 1138 3819 more
1159 3754 1254 3817 desci-

93 3871 219 3926 scentes
236 3860 344 3924 dintius
366 3861 395 3924 in
419 3880 455 3924 co
479 3870 557 3924 statu
574 3877 778 3937 maneremus,
810 3881 875 3922 cum
899 3859 1047 3944 ingentem
1070 3879 1111 3922 ex
1132 3865 1254 3941 peccato

94 3959 234 4028 morbum
251 3961 281 4026 iu
299 3963 495 4048 perpetuisne
511 3959 698 4047 sempiternis
718 3959 891 4046 corporibus
907 3961 1065 4024 aleremus.
1109 3955 1254 4022 Proinde·

94 4087 156 4153 qne
169 4066 207 4129 sd
222 4063 372 4150 utriusque
385 4065 662 4151 repraesentandam
677 4061 801 4126 salutem
816 4062 930 4126 animae
944 4061 1058 4126 scilicet
1072 4081 1107 4124 nc
1121 4059 1254 4147 corporis

133 4287 176 4342 17.
195 4289 269 4352 rupo
290 4285 354 4353 nole
373 4281 421 4348 mis
438 4285 523 4354 eltae,
548 4293 575 4340 nt
590 4289 661 4337 ettam
694 4283 737 4354 qai
758 4283 850 4334 sacoma
875 4281 954 4333 instar
979 4281 1012 4334 ad
1036 4282 1132 4336 radices
1157 4282 1255 4350 posttea

95 4358 214 4410 Galim.
247 4357 295 4407 Stel
308 4357 369 4406 illud
383 4351 447 4421 πρὸς
461 4358 491 4406 ds
504 4359 616 4419 prom
632 4357 661 4405 ll·
694 4351 806 4420 germiae
819 4349 880 4402 inde
891 4349 1029 4402 identidem
1043 4351 1254 4420 progerminantia

94 4440 144 4478 neo
156 4429 259 4488 ιπεριιι.
294 4425 397 4474 Rdmutt
413 4425 544 4474 Galatam
556 4427 597 4486 qui
609 4437 662 4474 ncr-
695 4421 815 4472 metatu·

95 4499 142 4544 ttt:
158 4521 214 4554 „-
228 4491 351 4542 semaam
367 4490 445 4543 divini
459 4507 509 4560 ope
524 4491 558 4542 ad
573 4489 599 4541 id
615 4490 661 4552 nsi,
732 4491 770 4542 ιιι.
787 4486 818 4545 bb
833 4503 880 4541 noa
895 4490 963 4540 tanc
977 4491 1089 4540 (tottaad.

976 4574 1052 4640 te*
