3168 4926
302 201 344 268 42
728 217 851 269 εενσει
868 217 1039 270 nmmum

168 329 235 410 Κεφ.
254 338 286 410 γ’.
392 338 481 398 Πᾶσα
502 334 535 400 δέ
555 331 726 420 α’νθροίποτν
747 336 835 417 χλεύη
857 336 889 400 έν
909 341 951 424 τῷ
969 332 1135 416 ιίποστῆναι
1153 329 1214 400 ύπδ
1233 339 1288 416 τῆς
1304 330 1402 419 ύρθῆς
1416 336 1465 398 πί-

304 455 409 515 στεως,
438 439 491 502 καὶ
507 439 548 512 τίς
563 433 727 520 ύμηχανίαν
743 439 920 522 τρέπεσθαι,
948 440 1001 504 καί
1016 440 1058 512 είς
1072 434 1221 520 διαφυροίν
1237 439 1466 520 ένθονσιαομιίν

182 565 232 610 ηας.
247 555 292 600 ειν.
306 562 336 603 τε
354 539 405 602 καί
424 541 584 624 ἐνεργειῶν.
626 536 888 622 Ἐκβακχευόαεναι
903 538 958 626 γδρ
976 543 1009 604 αί
1025 537 1153 606 διύνοιαι
1170 535 1216 604 οίεί
1234 537 1305 616 τούς
1323 538 1365 624 μή
1382 540 1467 604 κατέ·

306 667 409 723 χοντας
424 639 477 724 τήν
491 639 622 728 ίίγκυραν
635 649 688 724 τῆς
703 640 852 724 ἀληθείας,
877 639 934 706 ἀλλ’
950 639 1136 716 ἐπιδιδόντας
1151 638 1275 716 ἑαυτούς
1288 639 1329 730 τῷ
1345 643 1467 726 φέροντι

305 741 381 808 κατοί
402 749 501 810 πᾶσαν
519 741 619 809 ύτιοῦν
638 747 742 808 αίτίαν.
788 742 856 808 Κίίν
871 769 902 808 τε
916 741 972 829 γδρ
990 751 1125 830 γυναῖκες
1143 741 1212 826 παρ’
1227 741 1330 820 αύτοῖς
1346 746 1387 820 είς
1403 746 1467 810 em·

305 845 421 929 σκυπίγν
435 849 486 910 καί
498 848 709 931 πρεσβυτέριον
722 849 915 910 καθίστανται
930 844 980 910 διύ
991 844 1045 928 τήν
1061 845 1158 925 Εὕαν,
1181 843 1327 912 οίκούουσι
1341 853 1395 914 τού
1410 873 1465 910 κν·

305 951 372 1033 ρίου
388 950 536 1034 λέγοντος,
562 946 647 1034 Πρδς
663 947 715 1012 τείν
730 946 824 1032 ι’ίνδρα
840 970 895 1013 σου
911 945 932 1030 ἦ
947 945 1123 1031 τίποστρεφὴ
1143 969 1212 1028 σου,
1234 951 1286 1014 καί
1303 947 1397 1024 αύτός
1409 969 1467 1014 σου

304 1051 458 1137 κυριεύσει.
501 1053 622 1133 Λέληθε
644 1052 676 1115 δέ
695 1048 805 1126 αύτούς
824 1052 874 1115 καί
893 1047 1121 1126 διίποστολικδς
1138 1050 1226 1136 λόγος
1243 1049 1304 1130 ὅτι,
1337 1053 1467 1115 Ῑλιναικλ

304 1151 360 1220 ούκ
382 1155 528 1237 ἐπιτρέπω
551 1160 661 1232 λαλεῖν,
691 1152 758 1219 οὔτε
781 1149 936 1218 αὐθεντεῖν
959 1150 1077 1237 α’νδρύς.
1124 1155 1185 1218 Καὶ
1206 1151 1309 1233 πύλιν,
1345 1150 1390 1217 Ού
1408 1150 1467 1236 γοίρ

305 1258 382 1322 ἐστιν
398 1255 473 1341 α’νηρ
491 1259 523 1320 ἐκ
539 1253 689 1340 γυναικδς,
712 1252 783 1320 ἀλλὰ
798 1253 873 1340 γυνὴ
888 1258 918 1333 ἐξ
933 1252 1053 1340 α’νδρός·
1078 1258 1139 1334 καί,
1161 1253 1194 1320 ‘0
1208 1253 1301 1338 ’Λδσίμ
1316 1253 1373 1321 ούκ
1387 1251 1468 1336 ἠπύ-

303 1385 401 1442 τηται,
434 1355 492 1424 ἄλλ’
511 1355 532 1440 ἦ
548 1355 617 1422 Είία
638 1356 742 1442 πρύτη
760 1355 948 1440 ύπατηθείσα
969 1360 1002 1424 έν
1018 1356 1183 1444 παραβάσει
1199 1359 1308 1444 γέγονε.
1353 1349 1466 1422 Kaloi

305 1469 359 1545 τῆς
380 1459 558 1546 πολυφύρον
580 1459 694 1543 πλάνης
713 1467 769 1526 τοῦ
789 1459 906 1544 κόσμου
927 1459 1045 1526 τούτου.

391 1664 448 1732 Διί
466 1663 506 1743 τίς
520 1665 618 1732 νωδόν
633 1693 661 1732 τι
675 1668 726 1730 καί
743 1664 916 1752 οίφροσύνης
927 1668 1053 1748 ἔμπλεον
1067 1663 1279 1748 οίσκαλαβοίτου
1293 1668 1381 1748 δίκην
1395 1663 1465 1730 ταύ-

303 1796 358 1852 την
376 1768 550 1855 παρελθιδν,
581 1767 683 1834 ἐπί
648 1795 701 1844 τας
716 1769 784 1851 έξῆς
799 1773 975 1851 βαδιοῦμαι,
1006 1795 1028 1833 α
1016 1761 1210 1854 ύγαπητολ,
1241 1765 1317 1833 θεδν
1339 1770 1467 1834 Ιέκικα

304 1871 441 1954 λούμειοι
464 1874 506 1946 είς
528 1870 732 1954 βοήθειαν
697 1898 751 1954 της
773 1869 912 1956 ἡμετέρας
928 1869 1154 1954 ταπεινότητος,
1183 1872 1233 1936 καί
1256 1873 1298 1946 είς
1312 1870 1468 2018 κλήροισιν

306 1981 360 2058 τῆς
380 1971 465 2056 ἡμῶν
487 1977 665 2061 ἐπαγγελίας.

440 2277 578 2346 ΚΑΤΑ
620 2273 1327 2346 ΤΕΣΣΑΡΕΣΚΑῙΔΕΚΑΤΙΤΩΝ

594 2389 796 2491 τριακοστή,
822 2387 844 2486 ἠ
871 2393 931 2464 καὶ
956 2387 1172 2485 πεντηκοστὴ.

231 2582 235 2592 ·
270 2543 285 2599 '·
386 2539 459 2608 Ἀπδ
482 2538 596 2608 τούτωιι
618 2543 675 2606 τῶν
696 2538 751 2606 δύο
771 2541 913 2625 αίρέσεοτν
932 2535 1009 2621 ὁμοῦ
1027 2535 1161 2620 ύλλήλαις
1177 2543 1357 2622 μιχθεισοίν,
1389 2535 1466 2602 κατὰ

307 2642 429 2730 Φρύγας
444 2669 474 2708 τε
491 2645 542 2708 καί
560 2649 791 2710 Κυϊντιλλιανῶν
807 2641 872 2726 ἤτοι
890 2648 1139 2728 Πρισκιλλιανοῑν,
1169 2637 1300 2723 ύνέκυψε
1316 2635 1406 2705 πύλιν
1423 2647 1467 2730 τῷ

304 2745 407 2836 κόσμῳ
429 2745 511 2831 ἓτέρα
532 2749 644 2829 αἵρεσις
666 2748 1035 2829 Τεσσαρεςκαιδεκατιτοίν,
1065 2743 1160 2820 οὕτως
1182 2743 1358 2826 καλουμένη.
1404 2743 1465 2808 Καί

307 2841 388 2916 οὗτοι
410 2848 463 2931 μέν
476 2839 578 2912 πάντα
597 2850 714 2930 έχονσιν
736 2844 777 2922 είς
797 2845 818 2930 ἦ
836 2849 989 2930 ἐκκλησία,
1020 2845 1200 2928 σφάλλονται
1218 2847 1249 2911 δέ
1268 2843 1327 2910 ύπδ
1346 2841 1469 2910 πάντων

307 2949 357 3016 διδ
381 2949 413 3014 τύ
434 2949 479 3033 ,μή
503 2957 538 3038 τῇ
558 2945 723 3038 ύκολουθίρι
744 2949 794 3014 καί
817 2957 853 3038 τῇ
870 2953 1042 3038 διδασκαλίμ
1062 2955 1115 3015 τοῦ
1133 2955 1249 3032 θεσμοῦ
1265 2949 1467 3033 προςανέχειν,

305 3054 482 3128 Ἰουδαϊκοῖς
497 3055 540 3118 έέι
556 3051 667 3135 μύθοις
682 3053 925 3138 προςανέχοντες,
946 3053 997 3116 καὶ
1014 3049 1082 3116 οὔτε
1098 3049 1134 3115 τύ
1150 3053 1198 3115 ίσα
1213 3047 1314 3126 αύτοῖς
1330 3053 1469 3144 δογματί·
1569 3045 1570 3052 ¹

306 3164 412 3234 ζουσιν.
460 3153 505 3220 Ού
521 3154 575 3240 γοίρ
595 3153 614 3218 δί
630 3156 763 3240 λέγουσιν
779 3157 909 3233 οίδασιν,
939 3151 1007 3218 ούδέ
1024 3155 1090 3239 περί
1109 3157 1197 3222 τίνων
1214 3157 1468 3236 διαβεβαιοῦνται.

298 3256 398 3336 ’Ἁπαξ
419 3256 475 3343 γύρ
498 3265 552 3322 τοῦ
577 3260 661 3334 ἔτους
685 3263 754 3340 μίαν
771 3253 884 3341 ἡμέραν
902 3263 956 3321 τοῦ
975 3254 1081 3340 Πάσχα
1098 3257 1130 3321 οί
1145 3262 1277 3320 τοιοῦτοι
1293 3259 1471 3336 φιλονείκως

308 3357 426 3446 ίίγουσι·
458 3365 507 3424 καί
528 3366 574 3426 τοί
594 3385 627 3446 γε
648 3361 713 3444 περί
734 3356 845 3442 πατρδς
862 3361 911 3424 καί
931 3359 999 3423 νίοῦ
1016 3359 1068 3422 καί
1084 3355 1171 3443 ἆγίου
1186 3357 1354 3442 πνεύματος
1369 3365 1471 3436 καλῶς

308 3466 358 3530 καί
375 3467 447 3540 ίσιτς
462 3465 587 3546 ἔχοντες,
611 3459 767 3548 προφήτας
787 3462 842 3526 1δὲ
856 3459 1004 3544 δεχόμενοι
1019 3463 1069 3526 καί
1086 3457 1271 3537 αίποστιίλους
1284 3462 1335 3525 καί
1351 3457 1471 3546 εύαγγε-

307 3563 421 3646 λιστιίς,
450 3561 609 3630 οίνύστασιν
626 3564 658 3628 δέ
675 3563 785 3651 σαρκδς
801 3560 912 3646 ὁμοίως
929 3561 1156 3648 ὁμολογοῦντες,
1186 3565 1238 3629 καὶ
1254 3567 1351 3648 κρίσιν
1366 3565 1469 3646 έσομέ·

308 3697 362 3753 νην
383 3671 433 3734 καλ
453 3663 530 3748 ζωὴν
545 3664 675 3732 αίοίνιον.
723 3667 905 3754 Περιέπεσον
923 3666 955 3732 δί
975 3663 1178 3750 2οίστοχήματι
1194 3667 1244 3731 καὶ
1261 3663 1347 3731 αύτολ
1366 3663 1403 3730 ού
1423 3673 1468 3756 τῷ

309 3770 437 3854 τυχόντι·
461 3773 556 3852 δῆθεν
571 3769 743 3853 κεχρημένοι
758 3775 799 3856 τῷ
815 3773 895 3858 βητῷ
911 3761 936 3856 ιβ
952 3765 1031 3834 εἶπεν
1046 3765 1065 3834 ν’
1080 3767 1174 3852 νόμος
1190 3767 1250 3848 ὅτι,
1271 3766 1470 3862 Ἐπικατάρα-

309 3899 360 3950 τος
381 3869 416 3950 δς
435 3870 473 3939 ού
490 3874 607 3956 ποιήσει
625 3869 657 3936 εδ
680 3870 784 3954 Πύυχα
802 3877 836 3964 τῇ
855 3871 1151 3960 τεσσαρεςκαιδεκύτη
1170 3867 1266 3959 ἡμέρᾳ
1288 3878 1342 3938 τοῦ
1364 3869 1470 3958 μηνός.

190 4111 241 4155 pq.
255 4099 300 4144 κεν.
388 4075 507 4162 Ἕτεροι
521 4079 552 4144 δέ
567 4079 596 4157 ἐξ
611 4073 709 4142 αύτοῑν
725 4073 778 4160 τὴν
794 4073 888 4161 αύτήν
903 4079 973 4160 μίαν
987 4071 1100 4162 ἡμέραν
1115 4073 1234 4162 δι’γοντες
1247 4075 1365 4159 καλιὴν
1378 4075 1473 4162 αύτήν

311 4183 381 4263 μίαν
398 4176 512 4265 ἡμέραν
526 4179 713 4263 νηστεύοντες
725 4181 776 4246 καί
788 4177 824 4244 τοί
837 4179 984 4265 μυστήρια
998 4182 1196 4256 ἐπιτελοῦντες
1211 4177 1269 4246 υίπδ
1284 4177 1472 4250 κοίν”Λκτων

347 4387 406 4439 cn.
420 4387 464 4438 ΙΙΙ.
478 4413 512 4426 -
531 4389 552 4438 1.
569 4385 763 4457 ίττικαλοίμαος
776 4391 874 4452 putabat
889 4391 1017 4453 Ρτιουίυε,
1033 4391 1155 4440 immemor
1166 4391 1231 4454 φαντί
1243 4391 1390 4454 Epiphanius
1404 4393 1472 4442 ακολ-

310 4459 379 4520 Ιοςτπ
400 4458 491 4508 πνοιαί
512 4457 642 4508 admodum
661 4460 798 4526 frequentat.
