3168 4926
359 215 494 268 rnunnn
513 217 575 268 urs.
587 217 620 268 n.
637 217 719 268 anu.
732 217 752 266 1.
771 215 870 266 unsa.
883 216 1002 266 xnvru.
1222 201 1265 266 tt

113 333 160 420 qui
175 335 315 398 sacerdos
333 357 391 400 uon
409 335 508 400 fuerit.
554 336 596 399 tr
613 336 661 400 isti
681 335 852 422 prohibent,
877 335 1010 420 adeoque
1026 332 1109 398 Pauli
1126 333 1176 398 illa
1195 353 1264 398 sen-

112 439 200 501 tentia
217 439 520 522 comprehendunturc
544 441 753 501 Probabentium
775 439 891 500 nabere.
937 435 1120 514 Nemeum,
1145 437 1193 520 qui
1216 457 1264 500 se-

112 540 213 604 cundis
235 541 344 626 nuptiis
368 541 494 624 illigatus
512 541 617 619 luerit,
642 541 812 626 expellunt,
836 563 871 603 sc·
889 561 925 604 ue
946 543 1044 604 lacere
1064 541 1141 604 istud
1158 541 1266 602 audeat

111 641 166 705 vim
191 665 226 705 ac
253 641 460 707 necessitatem
485 645 634 707 adfribent.
679 641 747 707 Nos
770 654 866 708 antem
888 663 982 727 neque
1007 643 1184 706 necessitate
1207 640 1265 704 ulla

111 746 356 828 constringimus,
381 749 431 809 sed
453 747 628 824 suademus,
653 766 707 808 nee
727 746 814 810 aliter
835 767 919 829 quam
945 745 1076 808 honestis
1100 745 1264 830 praeceptis

112 869 143 910 ac
163 847 296 912 consiliis
321 869 387 910 curn
412 848 462 934 qui
487 848 602 933 quidem
626 849 718 934 possit
740 849 823 913 adid
846 848 1050 933 praestandum
1072 847 1264 932 impellimusa

111 971 175 1014 eum
196 973 270 1015 c'rro
289 952 337 1034 qui
362 950 459 1014 minus
477 962 574 1036 potest
591 952 670 1016 nulla
690 951 719 1016 vi
739 951 888 1034 cogimus,
913 971 967 1014 nee
991 971 1007 1012 a
1027 949 1121 1012 salute
1144 971 1266 1034 prorsus

111 1053 306 1116 excludimus.
343 1051 421 1116 Nam
439 1055 602 1117 tenuiorum
617 1053 841 1116 imbecillitatem
862 1053 1013 1116 ferendam
1030 1051 1149 1116 ouilibct
1166 1053 1266 1116 divino

109 1176 246 1218 sermone
266 1156 454 1240 praecipitur.
488 1157 586 1240 Atque
604 1156 659 1220 froc
674 1167 794 1220 sanctus
809 1155 959 1240 spostolus
976 1176 1033 1218 non
1051 1154 1161 1218 dixisse
1180 1157 1265 1218 morlo

110 1259 288 1343 reperietur,
313 1259 365 1322 scd
382 1270 413 1321 et
426 1259 500 1322 istos
514 1269 616 1344 aperte
633 1259 783 1337 refellere,
808 1269 838 1320 et
853 1257 888 1320 ab
904 1277 938 1320 ea
955 1278 1041 1341 quam
1060 1257 1184 1322 habebut
1198 1279 1266 1341 gra·
1304 1305 1305 1310 η

109 1359 146 1422 tie
164 1359 281 1424 alienos
301 1363 476 1424 ostendere:
509 1364 770 1434 Adolescentrbres,
797 1361 907 1443 iuquit,
930 1363 1029 1422 ortum
1046 1363 1148 1422 devoto.
1197 1364 1418 1428 contareno.
1505 1420 1510 1428 ,

108 1467 180 1524 main
198 1466 365 1524 harmoniae
373 1464 490 1546 fuerant
503 1469 533 1526 r'n
552 1467 681 1536 obruto,
706 1463 812 1526 nubere
826 1465 938 1536 volmar,
963 1464 1096 1524 babentes
1110 1467 1265 1524 domnofro-

106 1587 179 1638 nem,
205 1569 273 1647 quain
286 1571 406 1646 pminum
415 1568 506 1646 fidem
521 1569 633 1628 britan
641 1569 787 1648 secarunt.
824 1562 858 1628 Si
877 1564 991 1648 quidem
1008 1585 1082 1649 quae
1099 1565 1263 1630 castitatem

107 1669 262 1752 professae
284 1667 397 1730 irritam
421 1689 486 1732 eam
508 1668 722 1751 professionem
747 1667 887 1744 fecerint,
917 1667 1131 1731 damnationem
1155 1667 1263 1732 babere

106 1771 255 1833 dicuntur.
303 1767 389 1852 Quae
405 1791 478 1834 vero
498 1769 617 1834 minime
637 1771 789 1854 professae
805 1769 930 1846 fuerint,
955 1770 1007 1834 scd
1025 1791 1078 1854 pro
1095 1769 1264 1834 infirmitate

106 1893 163 1936 soa
184 1871 349 1956 nupserint,
374 1871 570 1936 damnationis
585 1883 654 1936 suut
670 1892 791 1955 prorsus
808 1881 960 1956 expertes.
1006 1869 1132 1936 sienim
1148 1872 1199 1938 ulli
1216 1894 1264 1937 es-

106 1985 179 2039 sent
199 1974 365 2055 obnoxiae,
390 1996 443 2039 our
465 1975 595 2039 diceret:
619 1977 751 2050 Nubant,
776 1978 873 2036 domui
888 1978 1038 2054 preerant?

195 2075 302 2142 Omnis
317 2075 407 2161 igitur
424 2078 576 2163 propbeta,
601 2089 659 2142 tam
671 2079 702 2141 iu
717 2088 819 2141 vetere
834 2097 918 2160 quam
937 2077 967 2140 in
983 2097 1060 2141 uero
1075 2087 1264 2158 testamento,
1284 2091 1344 2159 cap.
1358 2093 1393 2144 Χ.

106 2201 186 2264 quae
202 2181 272 2243 dicit
288 2179 480 2264 intelligentia
498 2181 699 2264 consequitur.
746 2177 830 2244 Unde
850 2189 880 2242 et
899 2175 1025 2242 loannes
1045 2180 1084 2243 ita
1101 2180 1130 2243 iu
1148 2181 1266 2265 Apoca-

104 2281 185 2368 lypsi
208 2283 353 2366 loquitur:
384 2287 462 2344 Haec
482 2285 619 2345 renefour't
638 2287 765 2344 bemanus
787 2286 878 2344 servir
898 2286 960 2344 surb
978 2303 1032 2362 per
1051 2305 1161 2346 omnum
1184 2307 1265 2346 atrurn
1278 2311 1408 2369 ambr

105 2389 259 2458 loannem,
285 2395 333 2448 et:
357 2389 435 2447 Haec
453 2389 525 2448 dabat
545 2390 683 2450 domairac.
729 2382 814 2467 Quae
839 2384 887 2468 qui
911 2383 1003 2460 dixit,
1029 2387 1160 2468 profceto
1183 2387 1265 2448 firmo

106 2498 177 2550 erat
190 2486 298 2552 iudicio
315 2487 482 2571 praeditus,
506 2509 541 2552 ac
561 2488 628 2570 quid
649 2487 821 2572 loqueretur
838 2488 936 2551 auimo
958 2497 1140 2570 perceperat.
1188 2485 1265 2550 Hine

106 2589 177 2654 iliae
197 2588 357 2653 formulae:
381 2594 460 2651 Haeo
474 2593 544 2652 dicit
558 2593 697 2664 dominus,
722 2599 768 2654 el:
794 2593 870 2650 Ve'sair
885 2610 967 2671 quom
982 2591 1061 2650 vidit.
1103 2585 1265 2656 Monlatttts

106 2714 201 2771 vero,
225 2691 323 2776 quise
343 2693 512 2777 prophetam
529 2692 643 2756 iactitat
658 2714 693 2756 ac
711 2691 906 2756 sectatoribus
922 2691 1017 2755 illudit
1038 2690 1119 2768 suis,
1143 2713 1177 2755 ca
1196 2693 1267 2757 dicit

106 2815 184 2878 qnae
199 2792 295 2858 saeris
311 2794 405 2858 literis
423 2815 603 2882 nequaquam
621 2806 820 2860 consentanea
838 2795 985 2858 videntur.
1021 2791 1074 2858 Sic
1092 2793 1213 2858 enimin
1230 2815 1265 2859 ee

106 2919 196 2982 quarn
212 2896 359 2982 appellant
375 2895 439 2960 eius
455 2897 605 2982 prophetia
625 2899 764 2983 seriptum
784 2908 848 2962 csta
873 2901 947 2976 Quid
962 2919 1024 2960 eum
1040 2901 1129 2970 decb,
1152 2903 1205 2979 qau'
1216 2921 1265 2960 ru-

104 3021 163 3079 pm
179 3003 318 3061 homoinem
333 3021 396 3060 cum
411 3003 465 3074 sr't,
489 3003 608 3062 salutem
624 3005 814 3081 admiscitur?
856 3003 953 3062 Iustus
966 3004 1049 3074 enam,
1074 2998 1179 3082 iuquit,
1202 3023 1267 3062 cen·
1323 3015 1328 3024 “

107 3105 188 3184 tarpio
205 3123 288 3184 quarn
302 3105 349 3164 rof
359 3105 547 3183 splendr'drbrt'
558 3106 622 3165 fare
630 3103 769 3184 firlgebr't.
800 3107 846 3164 Aa
856 3107 907 3184 qur'
917 3107 993 3165 anter
1009 3125 1056 3166 ros
1071 3107 1173 3183 magui
1185 3115 1263 3179 cunt,

107 3207 206 3268 heom
224 3207 355 3285 centuplo
376 3206 559 3285 neperubant.
607 3202 668 3269 Sed
689 3205 765 3268 launo
788 3204 896 3268 domini
920 3205 1011 3290 ipsius
1036 3206 1196 3272 auotoritas
1217 3227 1266 3270 re·

107 3307 196 3386 follit,
221 3327 315 3392 penes
332 3327 417 3391 quem
435 3307 481 3370 ius
496 3328 583 3370 onrne
598 3328 633 3370 ac
649 3318 780 3392 potestas
796 3307 885 3370 estid
900 3309 1010 3370 sanctis
1027 3308 1090 3372 suis
1106 3307 1263 3388 tribuendi,

107 3421 143 3473 ut
161 3431 267 3474 eorum
283 3410 381 3474 vultus
404 3408 560 3494 splendore
580 3409 800 3474 collustreutur.
846 3407 906 3492 Qui
921 3405 1039 3495 Moysis
1061 3410 1164 3475 faciem
1187 3411 1265 3476 eins-

106 3513 187 3576 modi
205 3513 273 3576 luce
298 3511 443 3597 perfudit,
467 3512 514 3596 qui
533 3513 651 3576 eosdem
670 3523 791 3576 sanctos
812 3512 842 3576 in
867 3533 1022 3597 corporum
1047 3512 1264 3578 resurreetione

107 3625 283 3694 commutat,
307 3625 438 3694 sauctus,
461 3613 590 3699 iuquam,
614 3614 691 3694 illos,
715 3615 764 3700 qui
781 3615 902 3699 quadarn
922 3615 1002 3679 refut
1018 3637 1083 3680 oum
1104 3615 1264 3698 ignominia

107 3719 167 3782 sati
182 3739 250 3780 cnm
267 3717 362 3800 gloria
378 3739 414 3780 ao
431 3717 572 3801 dignitate
589 3729 757 3800 resurgunt,
781 3737 840 3781 non
859 3727 890 3780 ut
904 3718 959 3781 alia
974 3731 1177 3803 praeterquam
1192 3737 1265 3782 vera

108 3821 289 3906 propriaque
306 3839 443 3904 corpora,
466 3822 519 3884 sed
536 3831 567 3884 ut
583 3821 696 3899 eadem,
720 3832 809 3905 atque
823 3821 937 3904 integra
953 3821 1068 3904 penitus
1084 3820 1263 3899 excitentur,

107 3923 153 3986 ita
170 3931 271 3985 mmen
287 3931 320 3984 ut
333 3920 369 3984 ab
387 3923 598 3986 sesecundum
616 3922 864 3987 resurrectionem
882 3945 989 3987 novum
1008 3923 1150 4006 quoddam
1172 3923 1264 3988 decus

107 4045 148 4090 cc
167 4023 349 4088 maiestatem
365 4022 525 4109 accipiant,
549 4025 597 4110 qui
618 4025 728 4090 sanctis
745 4024 808 4090 suis
826 4025 1026 4089 incredibilem
1043 4025 1155 4109 gloriae
1178 4027 1265 4091 uber·

109 4137 201 4190 tatem
225 4126 371 4212 impertit,
400 4115 630 4212 quandoquidem
654 4127 796 4212 largiendi
821 4125 923 4206 buius,
951 4137 1051 4210 utpote
1073 4127 1207 4192 dominus
1229 4150 1264 4192 ao

108 4231 203 4306 dens,
235 4229 411 4314 amplissima
438 4239 485 4292 est
510 4239 655 4314 potestate
678 4231 837 4314 praeditus.
883 4229 973 4313 Atqui
1000 4233 1114 4296 tametsi
1137 4253 1262 4308 sumana,

108 4333 156 4396 uti
180 4331 260 4412 dixi,
289 4351 380 4417 penes
403 4331 482 4396 iflum
509 4331 549 4396 sit
571 4341 718 4417 potestas,
749 4333 819 4397 nibil
842 4343 938 4397 tnmcn
967 4332 1109 4398 eiusmodi
1131 4333 1265 4420 promisit

107 4453 211 4515 maun
223 4451 340 4502 commode
353 4453 434 4514 pout
468 4453 516 4503 Sed
528 4453 590 4514 quod
603 4453 672 4502 oflen-
706 4453 756 4504 cod.
773 4454 870 4517 ftbcdlp.
895 4457 1012 4516 comperet
1033 4469 1090 4506 conc
1113 4469 1201 4505 rosera
1221 4467 1264 4518 per

109 4522 173 4570 ιιιιιι
190 4535 238 4572 aon
258 4523 305 4584 cst,
327 4523 381 4584 port
402 4519 447 4573 τοῦ
471 4517 627 4588 χαρίσασθαι
648 4522 674 4572 ln
705 4522 809 4584 molfena
827 4521 905 4573 dercon
918 4523 956 4573 uel
971 4521 1080 4574 ondedm
1094 4521 1222 4573 Ιιῑιιαιιιιιι.
