3128 4930
327 223 463 278 raanan
480 223 589 276 rann.
606 223 688 278 ron.
702 225 722 275 1.
739 223 840 278 anna.
854 223 933 278 nrrr.
1152 211 1211 275 155
1262 207 1265 216 '

63 345 143 424 nitar,
172 365 208 410 ee
220 346 315 432 ipsum
330 343 443 430 munit,
468 344 519 408 ned
537 353 613 410 esta
629 353 711 432 patre
726 343 855 430 genitus.
897 341 928 410 0
944 343 1144 410 incredibilem
1161 341 1213 408 ho·

62 449 167 514 ninum
193 448 350 512 amentiam
376 457 412 510 et,
429 445 586 512 absurdum
610 447 830 533 abhorrensque
857 447 1011 512 indiniuml
1057 444 1113 510 Est
1134 444 1212 510 enirn

63 551 190 636 proleoto
211 549 320 614 rationi
340 561 587 630 consentaneum,
611 571 669 614 non
693 551 768 634 quud
791 549 947 636 opinantur
968 548 1035 628 isti,
1063 547 1115 612 sed
1138 547 1215 632 quod

62 673 106 738 per
122 673 231 716 ueras
246 652 347 716 literas
363 654 474 726 veritas
490 653 553 737 ipsa
571 653 763 716 demonstrat.
810 649 861 716 sie
876 652 953 716 enirn
970 651 1104 716 dominns
1120 650 1214 737 lnqui-

63 766 118 818 tnr:
154 759 235 818 ane
258 757 400 836 t'ntelliget
413 757 501 837 fidite
524 758 758 828 nsandidedun,
788 776 868 836 quem
893 759 982 836 elegi,
1011 776 1091 836 quem
1113 757 1281 816 dileeittrat.
1294 765 1333 822 m,
1347 765 1366 810 1.

63 863 149 920 rm
165 879 245 920 mea:
266 879 368 940 ponera
382 863 513 939 spirim
528 879 615 922 meunt
629 863 658 919 r'n
673 863 743 939 apso.
781 853 837 922 Uhi
855 877 914 920 vox
933 856 993 936 illa,
1016 860 1121 931 Patrai,
1146 876 1213 920 enm

64 960 103 1046 qni
119 959 243 1046 proprie
259 961 299 1022 sit
317 959 392 1026 filins
410 961 563 1024 manileste
582 960 730 1038 deelarat,
754 957 858 1043 inquo
876 959 963 1024 etiam
980 957 1113 1044 spiritum
1128 977 1215 1022 snum

64 1063 195 1126 eolloeat.
243 1059 359 1126 Deinde
377 1061 544 1146 unigenitus
560 1061 624 1147 ipse
639 1060 733 1142 lilius,
758 1062 894 1142 Glorrfien
908 1083 968 1136 me,
989 1073 1083 1142 pater,
1107 1059 1368 1144 inquietantes·

63 1187 90 1226 ee
104 1168 206 1246 glon‘r
229 1185 311 1245 qunnr
333 1166 433 1226 hahuit
452 1169 529 1246 apnnd
551 1177 578 1225 te
597 1169 765 1248 pm'usqunrn
784 1169 904 1226 mundns
915 1167 1015 1246 fieret.
1063 1159 1124 1228 lanu
1142 1183 1215 1225 vero

65 1267 105 1352 qni
122 1267 168 1330 sio
186 1266 332 1351 loquitur,
355 1271 450 1341 Peter,
473 1269 609 1348 glorifica
625 1289 684 1341 me,
709 1288 768 1332 non
784 1287 852 1331 sese
867 1275 978 1352 patrem
997 1264 1138 1352 appellat,
1164 1264 1216 1330 sed

65 1391 142 1434 mum
162 1381 278 1456 patrem
295 1367 440 1454 agnoseit.
485 1365 559 1432 ltem
578 1369 635 1434 alio
652 1369 682 1432 in
704 1368 787 1432 loona
821 1367 902 1432 lenit
918 1389 976 1430 nore
993 1371 1027 1430 de
1045 1370 1137 1430 eaelo.-
1161 1370 1216 1430 Hie
1224 1376 1369 1435 maeatas

65 1476 198 1554 ertfidirr
213 1494 307 1546 arens,
332 1476 422 1554 ι’ρςιινι
436 1475 541 1534 undele.
589 1469 659 1536 Nun
676 1471 769 1551 dixit,
792 1475 857 1554 Ego
873 1495 934 1534 seem
944 1474 1032 1554 filius
1049 1493 1140 1548 meus,
1164 1492 1217 1532 aa·

64 1579 115 1637 dite
133 1597 197 1651 ore,
222 1593 334 1658 neque,
364 1577 460 1636 Natus
474 1596 536 1636 artur
549 1577 652 1655 fidite,
676 1575 746 1653 sed,
769 1579 824 1637 tite
845 1588 890 1636 est
902 1577 990 1657 filius
1010 1597 1102 1650 meus,
1127 1579 1217 1656 r'prsnnt

64 1683 165 1740 udaie.
212 1674 373 1740 Praeterea
392 1697 457 1739 nnm
473 1677 559 1756 dixit,
582 1681 647 1758 Ego
662 1690 691 1739 et
704 1689 788 1759 poter
803 1699 888 1739 mum
905 1699 1012 1752 eamus,
1036 1698 1096 1741 non
1116 1677 1156 1741 ita
1174 1677 1217 1740 lo·

64 1791 145 1844 eutns
170 1789 235 1858 est,
267 1783 331 1860 Ego
352 1791 382 1841 et
401 1790 486 1860 puter
508 1789 585 1842 mena
608 1801 776 1854 naussum,
801 1779 871 1859 sed,
896 1783 960 1861 Ego
980 1791 1011 1841 et
1026 1791 1112 1862 peter
1131 1789 1370 1844 usuratu-anm

63 1905 166 1946 ruarar.
214 1879 297 1945 liaeo
321 1881 399 1945 eninr
424 1880 582 1960 voeabula,
613 1886 677 1964 Ego
698 1894 728 1944 et
745 1894 840 1964 puter,
865 1882 964 1948 addito
981 1881 1104 1948 artioulo
1122 1877 1158 1962 d,
1187 1893 1218 1946 et
1272 1913 1275 1923 ν
1313 1909 1318 1920 ·

63 1987 215 2050 interieota
240 1983 343 2069 eopnla
361 1995 406 2064 et,
431 2005 489 2047 non
513 1983 638 2049 ohsoure
658 1985 808 2049 declarent
824 1996 935 2070 petrem
950 1985 1068 2072 proprie
1085 2005 1152 2051 esse
1167 2005 1218 2072 pa-

63 2099 155 2166 trem,
179 2086 327 2171 liliumque
349 2086 466 2173 proprie
488 2085 589 2152 hlium.

147 2187 194 2255 De
218 2189 322 2275 spiritu
338 2211 410 2254 vero
427 2199 530 2254 saneto
550 2187 593 2253 sie
611 2189 757 2274 loquitur,
781 2194 819 2253 St
836 2213 889 2271 ego
906 2191 1020 2266 niteo,
1044 2194 1094 2254 itte
1113 2195 1214 2266 noaret,
1226 2185 1362 2300 lffiffq

63 2299 182 2376 apri-etus
195 2297 334 2355 veritatis.
380 2290 442 2358 Sed
461 2291 551 2356 multo
568 2290 637 2358 illud
656 2292 803 2378 apertius,
827 2297 892 2374 Ego
908 2298 993 2368 uado,
1018 2307 1048 2356 et
1063 2296 1113 2356 atto
1128 2298 1213 2356 venit.
1336 2283 1369 2305 '¹

64 2395 169 2481 Neque
185 2415 258 2460 vero
274 2395 361 2474 dixit,
385 2399 450 2476 Ego
463 2399 545 2469 undo,
569 2406 598 2456 et
612 2416 664 2476 ego
678 2400 768 2458 nenio.
809 2391 868 2460 Sed
885 2395 964 2461 hisne
981 2394 1116 2475 vocibus,
1139 2400 1215 2476 Ego,

66 2509 96 2563 et
109 2501 178 2573 Ille,
204 2508 263 2562 tarn
281 2491 368 2562 hlium
387 2497 538 2584 hypostasi
554 2519 605 2562 sna
621 2508 757 2562 onustare
772 2518 856 2582 qnam
875 2497 1006 2584 spiritum
1023 2509 1155 2562 sanetum
1172 2497 1218 2560 iti-

66 2601 129 2664 dem
144 2621 198 2664 sua
216 2601 409 2664 demonstrat.
454 2597 545 2664 item:
569 2605 696 2682 Spha'tna
720 2605 847 2663 ueritates
869 2607 954 2684 pm'n
974 2613 1058 2683 petre
1075 2605 1216 2684 panetio,

67 2707 100 2764 de
114 2725 172 2765 neo
187 2707 317 2784 expiet.
355 2701 469 2786 Qnihus
488 2702 587 2767 rerhis
605 2703 735 2766 ostendit
748 2713 778 2766 et
794 2703 964 2789 hypostasin
980 2705 1054 2788 patri
1071 2702 1218 2790 propriam

68 2814 97 2868 et
112 2805 170 2868 lilio
188 2815 219 2869 et
236 2804 351 2890 spiritui
370 2815 473 2870 saneto
493 2825 560 2869 esse
577 2803 770 2870 tribuendam.
816 2805 863 2869 Ad
879 2805 950 2870 haee
965 2815 1048 2892 pater
1063 2807 1100 2870 ad
1117 2803 1219 2870 lorda-
1231 2813 1349 2864 uenat

68 2927 130 2972 netu
154 2907 191 2970 de
211 2907 296 2972 eoelo
318 2906 432 2971 loeutus
455 2917 519 2986 est,
548 2907 624 2972 lilius
639 2928 713 2971 vero
735 2907 771 2971 ad
787 2904 941 2972 lurdauem
961 2908 1128 2986 deseendit,
1161 2907 1221 2993 spi·

69 3009 137 3074 ritus
152 3025 274 3074 sanetus
286 3009 365 3072 inter
378 3019 532 3095 utrumque
546 3009 600 3074 suh
614 3008 765 3073 oolumhae
778 3010 876 3094 speeie
892 3010 1037 3097 apparuit,
1055 3021 1085 3074 et
1098 3009 1128 3072 in
1143 3009 1220 3074 hune

70 3111 182 3196 illapsus
208 3123 266 3176 est.
313 3109 496 3196 Quamquam
516 3113 636 3199 spiritns
655 3124 775 3176 sanans
794 3111 913 3177 minime
937 3133 1054 3176 earnem
1078 3113 1220 3198 suseepit,

72 3234 159 3299 neque
182 3235 292 3300 eorpus
313 3213 419 3278 indnit.
465 3211 525 3280 Sed
552 3236 588 3278 ne
611 3214 686 3278 lilius
710 3237 774 3279 onnn
800 3215 904 3301 spiritu
926 3225 1030 3279 sanem
1052 3214 1220 3280 ooaleaeere

70 3317 261 3401 eonlnndique
283 3315 471 3394 eraderetur,
502 3317 556 3382 snb
581 3317 707 3402 imagine
730 3315 883 3382 oolnmhae
902 3317 1057 3382 videndum
1080 3338 1113 3382 se
1135 3338 1221 3402 prae·

72 3417 143 3497 huit,
167 3420 210 3484 nti
232 3417 367 3482 nimirum
386 3419 507 3505 spiritns
524 3441 588 3484 ennn
612 3418 806 3504 singulariae
829 3421 945 3507 propria
969 3441 1094 3506 persona
1117 3441 1221 3484 oerne-

72 3531 157 3586 retnr.
197 3519 334 3605 Denique
352 3543 435 3606 qnam
452 3522 550 3586 multis
566 3523 636 3586 illud
655 3525 835 3607 argumentis
852 3524 993 3590 adversus
1010 3523 1083 3588 istos
1101 3523 1220 3587 dernon-

73 3633 159 3688 strare
176 3644 353 3710 possumus,
377 3625 425 3709 qni
448 3625 581 3689 insanam
604 3626 679 3718 hano
703 3625 871 3712 opinionum
890 3627 1048 3691 amentiam
1071 3627 1100 3690 in
1123 3625 1220 3690 animo

74 3745 120 3790 sno
135 3726 354 3811 eonoepernntl
390 3724 507 3791 Etenim
525 3729 550 3792 si
568 3749 658 3793 verns
674 3738 720 3792 eat
737 3729 851 3792 illorum
870 3750 977 3794 sensus
994 3739 1024 3792 et
1039 3729 1146 3806 oratio,
1169 3729 1220 3792 ah·

75 3831 153 3894 surda
171 3849 208 3893 ea
227 3828 343 3913 quidem
362 3829 538 3915 minimeque
555 3831 736 3909 cohaerens,
761 3853 795 3896 ae
818 3831 896 3898 nulla
914 3831 943 3896 vi
969 3853 1064 3915 neque
1086 3830 1220 3916 prudenti

75 3929 311 4010 ratiocinatione,
334 3952 369 3994 ao
393 3952 431 3995 ne
453 3933 572 3998 minima
594 3934 709 4018 quidem
732 3933 817 3996 huius
841 3933 1053 4018 significatione
1077 3935 1219 4020 praedita,

77 4051 252 4118 eoumqnens
268 4043 361 4096 estut
378 4053 481 4098 ornnes
497 4037 662 4121 seripturae
678 4035 884 4120 repudientur,
909 4055 984 4121 quae
1002 4035 1108 4120 ubique
1124 4046 1155 4100 et
1171 4058 1221 4122 pa·

77 4143 144 4198 trem
161 4157 229 4200 ease
250 4147 381 4221 patrem,
405 4135 541 4201 etlilium
556 4139 662 4216 lilium,
688 4137 821 4223 spiritum
841 4150 975 4202 sanetum
997 4139 1132 4223 spiritum
1153 4160 1221 4204 san·

79 4247 147 4302 etnnr
166 4247 342 4324 agnoscunt.

155 4339 203 4405 'l'n
219 4362 306 4420 vero,
330 4341 368 4406 nri
388 4341 485 4422 homo,
510 4341 577 4435 qnid
595 4343 710 4408 tandem
727 4343 845 4408 adterat
878 4345 927 4408 An
944 4343 1014 4410 illud
1032 4347 1159 4424 vereris,
1183 4365 1220 4410 ne

82 4439 189 4507 deornm
213 4443 254 4507 illi
280 4443 491 4512 multitudinem
516 4445 674 4529 invehant,
704 4447 753 4538 qui
780 4458 986 4514 sacrosanctae
1008 4447 1095 4514 triarli
1118 4467 1220 4514 rernm
