3186 4928
367 261 502 315 nnnnmr
519 261 583 314 nm.
593 263 625 314 n.
642 259 725 313 ron.
738 261 770 314 u.
784 258 885 312 usne.
898 259 989 312 nxrr.
1192 247 1253 312 399

327 519 627 597 ADVERSUS
654 515 1038 610 nnnlcflnuus,

405 641 553 717 haeresia
571 635 716 733 XLVL,
741 640 812 716 sire
832 638 958 714 LXVI.

187 787 367 872 Manichaei,
389 813 462 877 quos
475 792 636 857 Acuanitas
654 793 688 856 de
701 792 804 856 Accae
817 787 959 856 Veterani
975 788 1124 855 cuiusdam
1141 790 1257 855 nomine
1277 797 1337 866 cap.
1351 799 1370 848 1.

103 903 229 975 vocant,
254 895 302 980 qui
320 915 336 958 e
352 893 567 981 Mesopotamia
590 897 738 980 prolectns
760 896 904 958 letiferum
928 893 997 958 illud
1018 892 1100 956 virus
1118 890 1259 957 Eleuthe-

104 997 220 1083 ropolin
237 997 401 1078 transtulit,
426 1018 560 1082 magnum
578 1017 631 1082 per
647 997 716 1060 illud
734 1009 863 1082 tempus,
888 997 917 1062 in
935 996 1010 1081 quod
1029 1005 1114 1059 actes
1128 995 1258 1080 ipsorum

104 1100 247 1180 incurrit,
272 1101 488 1186 praedicatione
514 1121 567 1163 sua
590 1100 697 1163 malum
720 1099 750 1161 in
774 1099 874 1162 orbem
899 1108 1044 1162 terrarum
1066 1098 1257 1163 invexerunt.

104 1200 186 1267 Nam
201 1187 365 1267 Aureliano
382 1203 543 1286 imperante
561 1213 664 1286 quarto
680 1202 743 1266 eius
760 1200 873 1284 imperii
890 1221 968 1265 anno
985 1220 1137 1284 emergere
1154 1219 1261 1286 corpe-

105 1315 189 1368 runt.
234 1301 437 1370 Celeberrima
454 1305 527 1369 baec
547 1304 677 1368 haeresis
693 1315 756 1382 est,
780 1317 811 1368 et
830 1302 1055 1388 quamplurimas
1072 1303 1210 1386 regiones
1226 1302 1260 1364 it-

104 1407 165 1470 lius
189 1407 263 1470 lama
287 1406 471 1494 peragravit3
502 1404 741 1492 quaesiuere,
766 1406 806 1469 uti
826 1403 905 1483 diri,
936 1407 1059 1489 quodam
1083 1425 1136 1490 per
1155 1404 1260 1468 multas

104 1529 177 1573 oras
198 1521 355 1596 partesque
378 1520 524 1574 terrarum
546 1507 705 1594 dissipandi
727 1507 771 1572 sui
794 1507 907 1572 initium
931 1506 1056 1592 accepit.

193 1712 289 1778 Porro
305 1713 412 1780 Manes
436 1733 549 1798 genere
565 1711 658 1777 Persa
676 1710 822 1778 (lubricus
841 1713 964 1797 primum
983 1713 1143 1798 appellatos
1161 1709 1261 1778 Manis

106 1817 167 1881 sibi
185 1837 290 1882 nomen
307 1817 456 1903 imposuit.
502 1817 601 1901 Atque
620 1816 675 1880 boc
691 1815 788 1879 diuina
805 1816 927 1900 quadam
950 1814 1134 1900 providentia
1156 1817 1261 1878 lactum

107 1919 249 2000 arbitror,
274 1921 383 1984 luroris
399 1919 440 1984 uti
454 1918 631 2000 sibinomen
645 1919 842 1996 adsciscerem
867 1938 1039 2001 quamquam
1055 1937 1091 1981 eo
1106 1937 1139 1981 se
1153 1939 1262 2003 cogno·

108 2022 190 2086 mine
203 2024 318 2086 afficere
334 2021 480 2106 cogitabat
494 2021 570 2107 quod
585 2018 815 2103 Babyloniorum
832 2019 929 2104 lingua
945 2025 1000 2081 Vas
1015 2020 1171 2104 significat.
1195 2017 1262 2084 Ma·

108 2145 166 2188 nes
184 2125 288 2212 quippe
302 2122 494 2210 Babyloniis,
518 2123 544 2188 si
561 2121 677 2187 Graece
701 2124 910 2203 transferatur,
935 2127 1056 2200 σκεῦος,
1078 2123 1107 2187 id
1129 2135 1175 2186 est
1196 2143 1261 2201 vas,

109 2227 263 2312 exprimit.
310 2224 370 2291 Sed
387 2227 428 2290 ita
442 2247 475 2290 se
492 2245 540 2289 res
555 2225 655 2304 babet,
680 2237 711 2289 ut
727 2247 743 2289 a
758 2227 857 2290 lurore
874 2236 903 2289 et
919 2225 1034 2290 insania
1049 2223 1264 2289 eiusmodisibi
1353 2303 1354 2306 Ἴ

110 2329 336 2414 appellationem
355 2328 509 2407 indiderit,
534 2348 589 2412 qua
608 2328 725 2391 lunatici
740 2348 823 2391 more
841 2327 969 2413 percitus
985 2327 1088 2390 iulclix
1108 2328 1263 2412 pessimum

109 2430 143 2494 in
157 2431 230 2496 orbe
243 2431 347 2516 dogma
362 2429 575 2496 disseminavit.
612 2426 672 2494 Sed
687 2426 833 2494 Cubricus
848 2429 904 2494 iste
917 2429 1023 2493 viduae
1038 2429 1186 2492 cuiusdam
1201 2447 1264 2492 ser·

109 2553 169 2596 vus
187 2533 257 2611 luit,
280 2553 356 2616 quae
373 2533 437 2597 sine
455 2533 556 2597 liberis
573 2532 718 2596 decedens
737 2532 877 2596 infinitam
898 2531 924 2595 ei
947 2529 1135 2617 pecuniarum
1154 2531 1212 2594 rim
1237 2544 1266 2594 et

111 2634 178 2700 auri
193 2636 365 2719 argentique
379 2645 409 2698 ct
423 2645 597 2714 aromatum,
617 2644 838 2717 ceterarumque
853 2654 949 2697 rerum
965 2633 1075 2718 copiam
1092 2643 1266 2697 testamento

110 2736 249 2821 reliqnit;
271 2757 339 2800 cum
359 2737 481 2802 eandem
499 2737 591 2822 ipsam
610 2735 801 2800 hereditatem
820 2735 1018 2800 aTerbintho
1037 2737 1177 2819 quodam,
1201 2755 1267 2822 pcr-

111 2838 184 2903 inde
201 2850 232 2902 et
252 2839 317 2925 ipso
333 2860 442 2919 servo,
468 2839 573 2904 mulier
592 2839 772 2924 accepisset,
795 2837 843 2922 qui
864 2849 973 2902 mutato
993 2838 1109 2902 nomine
1128 2839 1269 2924 Assyrio·

111 2961 181 3006 rum
199 2939 297 3027 lingua
313 2939 433 3006 Bnddas
448 2952 494 3006 est
509 2941 614 3005 dictus.
661 2940 759 3025 Atque
783 2940 830 3004 bie
847 2937 999 3026 Scytbiaoi
1023 2941 1183 3027 cuiuspiam
1206 2960 1269 3004 ser·

112 3063 172 3108 rus
191 3043 260 3122 luit,
285 3043 332 3128 qui
351 3065 368 3108 e
385 3043 508 3129 regione
526 3041 742 3108 Saracenorum
759 3043 898 3108 oriundus
915 3044 944 3106 in
961 3041 1147 3107 Palaestinae
1164 3043 1269 3108 fluibus

112 3145 147 3210 in
163 3143 276 3209 Arabia
290 3145 404 3210 scilieet
419 3148 559 3214 educatus
577 3147 682 3210 luerat.
727 3143 785 3210 Ubi
803 3143 985 3209 Graecorum
1001 3145 1100 3229 lingua
1118 3167 1152 3208 ac
1169 3145 1268 3210 litera·

113 3267 183 3312 rom
205 3247 309 3312 studiis
326 3248 476 3312 institutus
493 3269 634 3313 summam
655 3248 889 3312 inanissimarum
913 3247 999 3312 buius
1022 3248 1120 3312 mnudi
1143 3247 1270 3334 discipli—

115 3371 223 3414 narum
243 3349 395 3431 seientiam
418 3352 539 3436 adeptos
560 3361 617 3414 est.
664 3346 797 3435 Cumque
816 3350 971 3415 identidem
991 3349 1158 3434 negotiandi
1178 3349 1270 3436 gretia

113 3452 148 3517 in
165 3449 278 3524 lndiam
292 3452 539 3538 proficisceretur,
563 3471 698 3538 maguam
714 3464 744 3516 et
759 3454 905 3540 copiosam
924 3463 1117 3518 mercaturam
1133 3451 1268 3518 laciebat.

116 3551 170 3618 Ex
198 3575 253 3638 qna
280 3555 433 3639 plurimum
460 3555 654 3642 locupletatos
677 3553 857 3620 Thebaidem
883 3542 1117 3620 obim'sotebar.
1140 3551 1270 3617 .Portnr
1324 3553 1329 3565 ’

116 3656 207 3722 euim.
217 3653 303 3720 blare
320 3655 452 3722 llubrum
470 3658 570 3722 remos
594 3657 698 3738 babet,
722 3656 826 3741 quibus
841 3658 876 3722 ad
891 3656 1056 3722 Romanum
1073 3657 1192 3722 limitem
1210 3655 1270 3720 adi·

117 3769 167 3824 tus
187 3759 303 3824 diverse
319 3769 409 3844 patet.
454 3759 567 3824 llcrnm
586 3781 661 3825 nnus
678 3760 780 3824 delam
796 3769 921 3845 spectat,
945 3779 1032 3844 quam
1049 3779 1151 3823 sacrae
1168 3759 1271 3823 literae

118 3897 154 3946 ed
170 3897 278 3946 tcmttt.
311 3897 372 3949 aar.
391 3897 458 3949 Patr.
472 3913 499 3960 p.
512 3899 578 3948 Xbll
588 3912 637 3961 sqq.
715 3899 740 3946 V.
756 3898 786 3946 de
800 3897 842 3948 boc
855 3901 947 3949 nomine
962 3899 1108 3960 chnan'um
1123 3897 1139 3945 l.
1155 3899 1171 3944 t.
1192 3911 1217 3958 p.
1230 3891 1271 3946 96.

154 3959 179 4014 4.
199 3965 273 4012 Verbo
288 3956 307 4029 η’
321 3963 418 4030 clpam<
430 3979 476 4016 om.
490 3969 515 4015 tn
530 3967 567 4016 ad.
582 3968 663 4016 Prtov.
714 3970 810 4027 cunct,
825 3970 847 4014 et
860 3980 884 4027 p.
896 3963 953 4017 709.
970 3969 996 4016 r'n
1010 3966 1129 4016 Addendt't
1146 3963 1271 4030 (Gudcnd.

155 4032 180 4081 b.
199 4032 236 4081 lto
250 4033 303 4081 ttbrt
315 4034 404 4094 scriptt.
439 4033 465 4084 ln
479 4034 547 4082 edttr's
561 4037 593 4082 est
607 4033 680 4084 nolu-
715 4035 731 4082 t.
748 4033 763 4081 t.
788 4047 813 4094 p.
829 4031 909 4096 libb).
951 4035 1011 4083 Patr.
1036 4033 1142 4083 Stcctum
1163 4034 1190 4082 tc
1213 4036 1272 4095 dap.

120 4095 271 4165 bpu'tlnroe.
716 4101 776 4150 uate
791 4102 870 4150 Nouae
883 4104 948 4152 Patr.
964 4103 1023 4150 utut.
1039 4105 1093 4150 tom.
1109 4099 1183 4162 tut.
1198 4115 1223 4162 p.
1234 4101 1271 4152 lb

155 4165 182 4220 6.
203 4168 301 4217 Voculae
323 4164 351 4220 cd
369 4166 414 4219 rod
437 4181 483 4218 non
505 4173 637 4230 occuparent
656 4170 682 4218 tn
748 4165 773 4219 9.
793 4163 881 4220 orello'
903 4164 950 4234 erle
971 4165 1071 4230 πορείαν
1096 4169 1147 4216 cod.
1164 4169 1212 4218 len.
1246 4169 1272 4218 la

120 4237 158 4288 td.
176 4237 262 4286 Percu.
715 4235 872 4298 coddtbedtp.
886 4239 971 4285 omum
985 4241 1038 4284 sunt
1049 4235 1106 4284 boec
1123 4237 1203 4297 umbe,
1217 4249 1274 4299 spc-

156 4301 182 4356 7.
207 4304 243 4353 rm
258 4305 314 4352 tiber
328 4305 428 4366 smptus
441 4309 542 4386 uterque
571 4300 682 4373 ἑνεβρον-
716 4306 748 4353 tr'o
765 4307 865 4366 quiaque
879 4306 925 4366 fere
942 4305 1063 4353 tttercrcm
1078 4317 1154 4354 meuc
1168 4305 1255 4354 relicto.

122 4369 185 4436 etan
202 4371 239 4420 ed.
254 4373 333 4419 Puteo.
359 4367 456 4436 Europos
470 4373 541 4437 rqbq
556 4373 593 4422 cd.
607 4374 683 4434 prtac.
752 4372 790 4422 10.
816 4367 932 4438 στόματα
955 4373 1005 4422 eod.
1020 4372 1117 4435 ttbedtp.
1161 4373 1188 4423 la
1211 4385 1273 4436 seqq.

157 4439 183 4491 8.
201 4439 239 4487 ttc
255 4439 369 4488 ttbrttom
383 4441 440 4489 editt
453 4454 525 4502 quom
539 4441 627 4502 acriptt.
656 4441 683 4490 ln
716 4439 770 4490 tun·
786 4441 856 4504 uutpo
872 4441 957 4492 babeat
973 4437 1049 4493 Allc'u
1066 4445 1088 4491 et
1103 4437 1193 4494 Allaria.

124 4523 203 4572 uturp.
219 4506 257 4556 ed.
269 4507 351 4558 Peleu.
367 4510 451 4571 tepttur
466 4524 506 4575 γρ.
522 4505 683 4577 Τιρεβίνθου.
