3128 4930
318 219 378 284 104
740 231 1048 286 εευσσιιειειεεαιι

316 356 429 437 σεαυτῷ
449 347 523 414 δπτά
545 345 713 431 ἑβδομάδας
734 346 785 415 ἄπ’
806 347 897 433 άργῆς
916 348 1099 435 δράγματος,
1127 354 1182 416 τοῦ
1203 354 1302 432 βαλεῖν
1323 351 1472 434 δρίπανσν

317 449 362 516 ίπ’
379 448 493 539 άμητρῖ,
514 453 566 516 καλ
583 453 737 540 ιποιήσης
753 449 884 534 ἑβδόμην
901 450 1053 534 ἑβδομάδα
1066 448 1178 538 ήμίραν
1194 450 1280 538 άγίαν
1294 457 1401 540 κυρίῳ,
1422 475 1472 536 ση-

316 557 430 637 μαίνων
445 555 514 637 περί
531 559 747 636 Πεντηκοστής.
791 551 880 618 Μετά
895 550 999 638 γάρτό
1016 561 1111 620 δῦσαι
1123 554 1158 621 τό
1177 553 1282 638 Πάσχα
1298 557 1371 620 είσω
1383 561 1472 638 τριῶν

316 653 452 740 ήμεραῑν,
480 656 609 720 τουτέστι
631 653 703 738 μετά
729 663 807 741 τρεῖς
832 652 944 742 ήμίρας
964 663 1018 721 τοῦ
1046 655 1215 742 προβάτου,
1245 657 1419 740 προςόταττε
1437 654 1472 722 τό

316 755 434 842 δράγμα
452 759 653 841 είςφίρεσδαι·
675 760 725 822 ίνα
747 756 865 846 σημάνη
884 755 917 823 τό
935 755 1130 842 εόλογημέναν
1151 757 1270 845 δράγμα
1287 757 1473 844 ἐγειρόμενον

317 862 351 926 δκ
366 866 427 924 τάν
440 866 553 944 νεκράν
568 856 641 942 μετά
655 864 755 944 τρίτην
770 857 899 944 ἡμέραν,
920 867 974 941 της
991 867 1045 945 γῆς
1058 858 1130 926 αάτό
1152 859 1396 946 προςφεροόσης,
1418 861 1472 926 καί

316 959 411 1028 αότοῦ
430 959 501 1028 αάτδ
517 961 607 1028 πάλιν
624 962 820 1044 κομιζομένου
842 959 894 1026 άπ’
910 959 1001 1044 αάτῆς
1018 965 1050 1028 ίν
1063 971 1099 1052 τῇ
1116 960 1272 1028 άναστάσει
1284 970 1339 1028 τοῦ
1357 960 1474 1044 μνήμα·

316 1089 382 1144 τος,
405 1067 457 1129 καί
475 1065 617 1147 μένοντος
635 1061 692 1128 σόν
706 1073 769 1139 τοῖς
789 1072 940 1146 μαθηταῖς
960 1064 1178 1148 τεσσαράκοντα
1199 1061 1327 1150 ήμέρας,
1351 1065 1403 1130 καί
1423 1065 1474 1130 lui

316 1174 357 1255 τῷ
380 1168 453 1232 τίλιι
473 1174 527 1250 τῆς
546 1175 745 1249 πεντηκοστῆς
764 1167 950 1251 είςφίροντος
971 1163 1044 1234 αότδ
1067 1170 1109 1244 είς
1125 1165 1162 1231 τά
1180 1166 1345 1252 ἐπουράνια
1358 1173 1402 1254 τῷ
1417 1193 1473 1232 πα-

315 1271 363 1354 τρί
379 1267 414 1334 τό
434 1268 625 1353 πρωτότοκον
641 1275 701 1334 τοῖν
716 1267 931 1353 πρωτοτόκων,
952 1265 973 1351 ή
990 1266 1107 1353 άπαργή
1121 1267 1141 1351 ή
1157 1266 1242 1355 άγία,
1263 1266 1296 1334 τό
1314 1266 1433 1353 δράγμα
1454 1266 1472 1334 δ

308 1370 459 1455 ἐδράξατο
475 1369 534 1436 άπό
552 1375 691 1457 Μαρίας,
713 1368 735 1452 ή
749 1369 961 1457 άγκαλισθεῑσα
976 1373 1007 1436 ἒν
1021 1377 1096 1460 θεῷ,
1119 1367 1137 1436 ό
1152 1369 1266 1456 καρπός
1278 1378 1334 1452 τῆς
1347 1375 1474 1450 κοιλίας,

316 1470 469 1558 ήάπαργή
483 1481 535 1556 τῆς
552 1472 622 1538 άλω.
653 1471 761 1538 Οάιιλτι
776 1472 835 1559 γάρ
849 1471 920 1554 μετά
937 1471 1147 1557 Πεντηκοστήν
1162 1471 1195 1538 τό
1212 1473 1362 1558 δρέπανον
1377 1469 1474 1556 άπαρ·

316 1575 372 1658 χήν
386 1579 450 1662 θεῷ
469 1577 636 1660 προςφίρει.
683 1573 788 1640 Οόκίτι
810 1574 868 1661 γάρ
888 1573 1018 1659 Χριστός
1040 1572 1242 1658 ἀποθνήσκει,
1261 1575 1397 1650 θάνατος
1421 1572 1475 1640 τό·

229 1757 235 1772 .
317 1683 371 1742 τοῦ
390 1675 489 1744 οόκίτι
506 1675 646 1763 κυριεύει,
668 1674 744 1742 κατά
759 1675 793 1742 τό
809 1679 1016 1763 γεγραμμένον.
1060 1679 1123 1742 Καί
1138 1675 1213 1766 δρᾷς
1229 1675 1308 1743 πόσα
1324 1684 1402 1742 θεοῦ
1418 1705 1474 1759 μυ·

317 1778 422 1865 στήρια
437 1778 609 1864 προετόπου
627 1777 752 1862 θνόμος,
773 1782 825 1845 καί
840 1779 970 1865 ἐπλήρου
986 1777 1019 1844 τό
1038 1777 1218 1865 ιόαγγίλισν·
1240 1777 1339 1845 πόθεν
1353 1781 1395 1858 δδ,
1418 1777 1476 1847 οόκ

316 1883 421 1964 λγομεν
438 1883 553 1947 τούτων
575 1885 667 1958 δείξαι
688 1881 743 1964 τήν
760 1879 937 1964 σαφήνειαν,
960 1879 1037 1946 4διά
1056 1879 1089 1946 τό
1114 1879 1155 1964 μή
1176 1884 1218 1958 είς
1238 1881 1349 1956 πλάτος
1370 1883 1477 1966 φέρειν

317 1981 370 2048 τόν
391 1981 487 2068 λόγον.
532 1982 589 2049 Διό
613 1985 662 2050 ίπί
681 1982 736 2067 τήν
756 1981 941 2050 άκολουδίαν
963 1981 1052 2048 πάλιν
1073 1986 1288 2068 δπιστρεπτίον.
1334 1989 1478 2051 Φαίνεται

318 2085 350 2150 δλ
368 2081 427 2150 άπό
448 2093 553 2150 τετῶν
572 2084 706 2170 σταγόσιν
730 2088 780 2151 καλ
803 2084 864 2152 άπό
888 2091 944 2152 τοῦ
970 2083 1086 2168 άμητοδ
1107 2088 1158 2162 καί
1181 2094 1241 2152 τοῖν
1265 2094 1412 2170 μαθητῶν
1433 2085 1478 2164 οἱς

318 2185 389 2268 μετά
414 2193 473 2253 τῶν
492 2187 709 2273 τεσσαράκοντα
729 2186 849 2273 ήμεροῖν
872 2186 1035 2273 πειρασμόν
1058 2187 1151 2254 ταότιι
1169 2188 1267 2256 πάντα
1289 2193 1435 2276 διηγεῖται
1458 2189 1477 2257 ό

316 2284 460 2373 Ἰωάννης
480 2291 531 2356 καλ
551 2298 693 2370 Λουκᾶς,
715 2293 766 2356 καί
788 2294 820 2357 οδ
839 2289 954 2367 πάντες.

194 2453 246 2498 m·
257 2441 305 2488 451

175 2510 243 2581 Κεφ.
260 2510 306 2584 ιβ’.
336 2531 338 2538 s
412 2492 476 2560 Οόκ
499 2497 653 2562 αἰδοῦνται
676 2493 708 2560 δλ
729 2494 822 2562 πάλιν
846 2498 878 2561 ολ
898 2501 1027 2562 τοιοῦτοι
1048 2494 1123 2561 κατά
1147 2501 1207 2562 τόν
1230 2492 1291 2562 όπό
1311 2501 1366 2561 τοῦ
1387 2494 1477 2584 άγίου

317 2592 464 2662 Ἰωάννου
489 2601 649 2683 εἰρημένων
675 2597 904 2681 ἐξοπλιζόμενοι,
931 2602 1096 2681 νομίζοντες
1121 2597 1161 2681 μή
1183 2623 1226 2680 πη
1250 2596 1307 2684 άρα
1331 2597 1478 2667 δόνανται

317 2695 371 2779 τήν
391 2696 534 2780 άλήδειαν
555 2698 742 2786 άνατρὲπειν,
764 2698 820 2784 οάκ
843 2699 952 2776 εἰδότες
969 2699 1014 2766 ότι
1033 2697 1104 2766 καθ’
1123 2702 1237 2788 ἑαυτῶν
1260 2707 1370 2782 μᾶλλον
1391 2698 1477 2768 όπλί-

318 2805 430 2878 ζονται,
457 2798 532 2886 ήπερ
553 2801 629 2867 κατά
650 2809 702 2884 τῆς
724 2799 829 2888 άγιοδς
849 2805 1047 2879 διδασκαλίας.
1092 2801 1249 2868 Φάσκουσι
1268 2803 1301 2868 δλ
1324 2800 1401 2868 κατά
1423 2813 1479 2888 τῆς

316 2896 551 2983 Ἀποκαλόψεως
567 2907 638 2968 τάδε
654 2906 845 2986 χλευάζοντες.
894 2909 929 2969 Τί
945 2929 994 2987 με,
1017 2907 1127 2986 φησίν,
1150 2901 1294 2987 άφελεῐή
1309 2903 1477 2972 Ἀποκάλυ-

318 3019 375 3084 ψις
393 3002 557 3085 Ἰωάννου,
578 3004 703 3091 λέγουσά
724 3032 775 3088 μοι
794 3008 863 3090 περί
881 3006 954 3072 ἓπτά
974 3005 1103 3093 άγγίλων
1124 3010 1175 3073 καί
1198 3006 1269 3072 δπτά
1291 3012 1478 3093 σολετίγγωνς

318 3103 375 3170 οὐκ
390 3105 515 3186 εἰδότες,
537 3115 602 3183 πῶς
618 3107 764 3194 άναγκαία
779 3111 831 3174 καί
845 3106 977 3192 ω’φίλιμα
994 3117 1116 3174 τοιαῦτα
1135 3107 1265 3194 ὑπῆρξεν
1281 3113 1313 3176 ἐν
1328 3117 1366 3200 τῇ
1381 3109 1479 3198 όρθό-

317 3233 382 3290 σητι
401 3217 455 3274 τοῦ
471 3210 668 3296 κηρύγματος.
703 3209 783 3275 Ὅσα
807 3208 864 3295 γάρ
879 3203 919 3294 ήν
938 3215 971 3278 δν
988 3211 1070 3300 νόμην
1091 3214 1143 3277 καί
1168 3215 1199 3277 ἐν
1218 3212 1387 3298 προφήταις
1408 3235 1479 3280 σειο-

317 3309 1478 3401 ωήωώψήὴωωόώωῲῶψήάώἡω

317 3411 485 3495 πνεύματος
508 3417 550 3490 εἰς
570 3413 656 3497 ήμῶν
674 3421 821 3501 σωτηρίαν
838 3422 880 3505 τῷ
895 3415 991 3505 δοόληι
1007 3414 1101 3482 αὐτοῦ
1118 3415 1245 3506 Ἰωάννη
1267 3414 1478 3498 άποκαλόψαι,

316 3513 353 3580 τά
370 3517 462 3581 ίκεῐσε
478 3515 611 3581 σκοτεινά
630 3509 688 3583 άδε
712 3520 754 3594 είς
772 3517 954 3600 πνευματικά
972 3521 1023 3584 καί
1040 3521 1148 3601 ἔκδηλα
1170 3517 1330 3602 κηρόττων.
1377 3525 1478 3586 Πνευ·

317 3623 450 3701 μαντικός
466 3619 498 3684 δὲ
513 3615 584 3701 ήμῖν
598 3618 636 3686 τά
651 3617 726 3685 αάτά
742 3617 896 3710 ρίκονόμει.
941 3623 1003 3686 Καί
1018 3623 1051 3686 ίκ
1067 3619 1220 3705 δερμάτων
1235 3622 1288 3704 μὲν
1302 3619 1367 3686 τότε
1384 3648 1479 3688 κατα-

318 3720 450 3800 σκευάζει
470 3718 525 3804 τήν
542 3720 671 3805 σκηνήν,
692 3729 752 3788 τῶν
775 3721 928 3806 δερμάτων
944 3719 1243 3809 ήρυθροδανωμίνων
1265 3726 1316 3789 καί
1336 3720 1481 3792 δακινθί-

318 3849 393 3907 νων,
425 3826 477 3889 καί
499 3821 535 3888 τά
552 3825 632 3905 ίζής,
661 3827 712 3889 ἵνα
734 3826 814 3914 δείξη
836 3823 890 3908 τήν
911 3824 1024 3908 σκηνήν
1046 3829 1139 3892 ἐκεῖσε
1162 3825 1272 3909 σκηνήν
1294 3825 1348 3907 μὲν
1368 3817 1481 3907 οὖσαν,

318 3921 538 4008 άποδεγομόνην
563 3927 596 3992 δὲ
619 3923 674 4007 τήν
695 3924 874 4009 τελεωτάτην
897 3926 1009 4010 σκηνήν
1031 3935 1085 3994 τοῦ
1108 3933 1249 4013 Χριστοῦ.
1293 3929 1397 4012 Δίρμα
1418 3929 1481 4017 γάρ

319 4024 379 4092 άπδ
399 4026 535 4112 στόματος
554 4033 663 4115 γίνεται
681 4026 786 4114 νεκρόν
804 4027 855 4111 δν,
878 4026 919 4106 σός
935 4027 1002 4096 σκιά
1021 4028 1159 4112 στόματος
1173 4037 1295 4110 ζῶντος·
1321 4034 1371 4095 ἵνα
1393 4034 1482 4123 δείξῃ

320 4127 440 4211 στόματα
466 4127 541 4196 είναι
562 4128 617 4212 τήν
639 4130 751 4216 σκηνήν
771 4139 826 4200 τοῦ
847 4139 939 4212 θεοῦ,
969 4131 1070 4216 ἐπειδή
1089 4131 1145 4220 γάρ
1170 4135 1202 4200 ἐν
1222 4132 1356 4217 σάμασιν
1377 4130 1484 4220 άγίσις

352 4267 377 4319 λ.
393 4263 509 4332 ποιήσεις
524 4271 574 4321 ωδ.
592 4267 690 4335 media.
912 4271 953 4334 ξαι
976 4269 1024 4336 τήν
1049 4266 1202 4340 σαοήνειανς
1237 4271 1280 4328 διδ
1304 4269 1333 4326 τό
1360 4269 1397 4340 μή
1425 4281 1482 4327 τελλ.

352 4335 377 4388 ὃ.
396 4337 475 4387 scribe
493 4333 506 4389 δ
523 4336 607 4402 νόμος.
913 4341 977 4391 [λοσε
1003 4344 1102 4405 [ortam
1136 4345 1248 4394 Ριλουίυι
1272 4343 1350 4393 δεεσσε
1383 4345 1482 4406 aliquid

353 4401 377 4455 4.
405 4406 479 4467 ναμε
494 4411 557 4454 mat
571 4409 705 4460 οωεειαυει
726 4403 756 4459 τό
773 4399 879 4474 εδεγγσ-
912 4413 1045 4472 suspicatus
1061 4415 1103 4460 εν.

321 4475 384 4538 λαις
407 4468 486 4526 πόσιν
503 4469 532 4528 δὲ
551 4467 598 4526 οὔκ
615 4473 704 4543 ἔχομεν
718 4470 813 4528 τούτων
827 4479 878 4530 σεί-
