3168 4926
375 247 941 350 canaannmsrrnomuuannnr.
1195 283 1235 352 65

81 421 241 492 πέραινε
272 425 304 474 et
317 419 582 477 tntmresdomum
595 419 762 478 thuerrerrmt
770 439 890 496 puerum
905 439 967 480 runt
982 407 1097 494 Morio,·
1130 439 1189 482 non
1205 421 1237 483 in

81 514 229 600 praesepi,
255 515 303 582 vel
320 517 350 579 in
367 517 525 602 spelunca,
550 518 602 582 scd
622 518 651 581 io
668 519 753 581 domo
770 518 899 600 scilieetq
923 529 955 582 ut
972 532 1108 585 accurata
1125 523 1170 586 rei
1186 543 1237 587 ve·

80 619 164 696 ritas,
196 639 233 682 ac
252 617 363 682 biennii
382 618 568 684 interuallum
587 621 822 706 exprimeretur,
853 623 928 706 quod
952 623 987 686 ab
1009 623 1073 688 eius
1091 625 1180 690 namli
1199 625 1237 689 ad

80 717 234 804 Magorum
254 721 413 786 adrentum
435 721 601 786 effluxerat.
646 719 757 788 Eadem
776 709 825 788 itta
852 745 925 788 vero
949 736 1053 804 noete,
1085 725 1238 791 dnobusa
1316 769 1319 774 -
1357 751 1361 762 ·

80 823 229 886 nativitate
250 825 335 888 annis
354 823 479 909 elapsis,
504 803 627 910 ingelus
645 826 797 912 apparuit,
821 849 855 890 ac
874 848 995 913 puerum
1013 849 1078 892 eum
1097 839 1188 892 matre
1205 828 1238 893 in

80 935 184 988 terram
203 925 335 1012 Aegypti
353 926 438 990 iussit
458 927 615 991 abducere.
662 925 775 992 ldoirco
798 951 857 993 non
874 931 932 992 iarn
951 928 1135 996 Nazaretum
1154 929 1238 995 lose-

79 1027 148 1114 pbns
170 1029 360 1112 regreditur,
391 1031 442 1093 sed
465 1051 530 1094 corn
548 1051 639 1114 puero
662 1051 697 1094 ao
716 1043 808 1095 matre
827 1032 901 1115 lngit
922 1031 952 1094 in
971 1031 1156 1118 Aegyptum,
1188 1031 1238 1097 ubi

79 1129 194 1194 biennio
212 1132 309 1195 altero
327 1144 523 1196 commoratus
541 1143 604 1196 est:
635 1144 721 1218 atque
742 1133 783 1197 ita
803 1155 918 1198 rursum
941 1145 1006 1220 post
1026 1133 1153 1200 Herodis
1175 1135 1238 1200 obi-

78 1243 132 1298 tnm
156 1234 286 1320 angelus
309 1235 434 1298 eundem
455 1245 488 1299 nt
508 1236 538 1299 in
562 1232 699 1300 ludaeam
722 1235 832 1300 rediret
854 1237 1015 1301 admonuit.

158 1438 280 1525 Quippe
294 1437 452 1504 xxxttt.
473 1439 600 1506 llerodis
617 1461 694 1506 anno
709 1451 797 1506 natus
816 1451 862 1506 ast
878 1442 1024 1522 dominus,
1049 1441 1237 1526 eiusdemque

78 1537 217 1606 XXXV.
244 1539 326 1626 Magi
347 1549 512 1608 venerunt>
550 1541 664 1608 Deinde
686 1539 856 1608 XXXVll.
882 1544 995 1630 imperii
1017 1565 1094 1608 anno
1115 1545 1239 1609 moritur

78 1643 234 1724 llerodes,
260 1646 307 1708 oni
321 1647 466 1710 successit
483 1645 665 1726 Archelausq
697 1645 781 1732 isque
798 1668 904 1710 novem
926 1646 1181 1733 regnavitannis,
1206 1657 1239 1711 ut

77 1749 131 1811 alio
149 1769 168 1811 a
187 1769 237 1811 nne
255 1747 321 1811 loco
339 1748 446 1813 dictum
465 1749 594 1812 memini.
641 1747 741 1832 Quare
759 1771 824 1812 cum
843 1749 878 1812 de
895 1749 1042 1813 Archelao
1061 1749 1237 1835 accepisset,

76 1855 202 1914 recessit
219 1847 363 1935 losepbus
381 1871 416 1913 ac
434 1871 467 1913 se
482 1847 667 1915 Nazaretnnn
685 1851 833 1915 habitandi
852 1873 955 1917 caussa
975 1853 1109 1916 contulit.
1154 1849 1238 1917 Unde

77 1954 234 2038 quotannis
253 1951 490 2038 Hierosolymam
507 1953 651 2038 proticisci
668 1965 876 2018 consueverat.
923 1953 1016 2019 Vides
1032 1947 1138 2040 quanta
1153 1956 1192 2017 sit
1207 1956 1238 2018 in

76 2056 169 2120 sacris
189 2054 355 2139 evangeliis
373 2055 528 2118 cuiuslibet
549 2057 592 2119 rei
612 2056 776 2121 narrandae
795 2078 937 2142 quamque
961 2067 1098 2122 accurata
1116 2057 1239 2141 diligen·

77 2159 135 2221 tia?
180 2157 225 2220 At
247 2157 297 2220 isti
319 2157 483 2241 ignorantia
505 2158 604 2238 coeci,
637 2180 758 2243 quorum
783 2171 829 2224 est
850 2161 979 2225 tenebris
998 2160 1122 2223 obducta
1142 2180 1237 2240 mens,

78 2259 312 2343 uniuscuiusque
329 2261 506 2324 narrationis
522 2261 633 2324 exitum
650 2262 804 2344 ignorantq
828 2263 880 2326 sed
894 2264 1036 2326 aduersus
1051 2272 1240 2325 sacrosancta

78 2383 212 2447 quaeque
235 2382 375 2426 ossuum
397 2373 572 2447 arroganter
591 2363 753 2442 extollunt,
787 2385 821 2428 ac
838 2364 963 2448 linguam
982 2364 1133 2442 relaxantq
1166 2364 1240 2426 adeo

78 2477 108 2527 nt
125 2485 223 2550 neque
239 2465 304 2529 veri
324 2465 476 2549 quiequam
493 2466 636 2544 afferant,
668 2476 699 2528 et
715 2485 731 2528 a
749 2465 809 2530 vita
824 2465 1011 2530 nibilominus
1030 2487 1064 2530 ac
1080 2465 1175 2530 salute
1192 2485 1239 2529 se-

78 2568 221 2652 metipsos
242 2565 383 2632 alienent.

163 2669 238 2735 Post
254 2671 328 2734 baec
344 2667 442 2733 Lucas
458 2667 506 2732 nbi
526 2669 622 2754 priora
641 2681 812 2755 persecutns
829 2681 892 2751 est,
917 2671 1038 2756 exponit
1053 2669 1240 2755 quemadmn-
1257 2681 1319 2751 Cap.
1334 2681 1369 2736 X.

80 2773 146 2836 dom
163 2794 243 2838 anno
260 2769 336 2838 Xll.
354 2771 562 2855 Hierosolyma
580 2773 763 2856 perrexerit3
793 2794 830 2837 ne
848 2793 932 2858 qoem
951 2774 1066 2838 illorum
1085 2774 1179 2837 errori
1198 2774 1241 2837 lo·

80 2897 144 2938 enm
164 2877 358 2959 relinqueret,
381 2874 429 2958 qui
446 2874 527 2938 illum
544 2875 676 2938 arbitrati
693 2886 761 2938 sunt
776 2877 906 2960 perlecta
925 2897 959 2939 ac
977 2876 1055 2940 virili
1070 2877 1126 2939 iam
1143 2885 1242 2940 aetate

80 2977 107 3040 in
135 2978 246 3040 mundo
271 2987 393 3062 repente
424 2977 516 3040 luisse
539 2968 745 3063 conspectum,
777 2979 875 3062 itaque
901 2979 1094 3043 conveniendi
1121 2975 1241 3046 loannis

81 3081 175 3162 gratia
194 3081 232 3142 ad
250 3075 404 3141 iordanem
422 3078 605 3160 accessisseq
637 3101 712 3165 quae
728 3081 782 3144 luit
798 3076 951 3158 Corinthi,
982 3078 1106 3143 Ebionis
1123 3091 1152 3143 et
1170 3081 1242 3144 alio·

81 3201 141 3244 rum
168 3180 281 3267 opinio.
328 3179 476 3266 Siquidem
500 3182 620 3246 callidus
647 3183 697 3246 ille
719 3203 840 3270 serpens
862 3183 986 3268 obliquis
1008 3183 1133 3246 llexibus
1157 3184 1242 3248 adre-

82 3305 151 3368 pens
174 3283 248 3348 nibil
270 3303 360 3348 ouum
382 3305 416 3347 ac
433 3294 572 3348 constans
591 3285 709 3350 asserit.
741 3285 816 3374 ¹Sed
833 3286 897 3349 aliis
914 3285 1010 3372 placet
1032 3306 1070 3349 ex
1088 3285 1241 3371 utriusque

81 3385 289 3452 coniunctione
306 3407 398 3451 sexos
414 3408 448 3451 ac
466 3387 543 3451 virili
562 3390 675 3454 semine
691 3385 841 3454 Christum
858 3409 925 3452 esse
942 3398 1140 3474 procreatum.
1180 3388 1243 3452 Alii

81 3489 254 3576 simpliciter
269 3489 416 3553 bominem
432 3489 601 3575 apparuisse
617 3501 760 3556 statuunt.
807 3489 892 3574 Quae
909 3511 1014 3555 caussa
1034 3490 1086 3555 luit
1106 3511 1159 3554 cor
1173 3491 1242 3554 snb·

81 3592 171 3658 tiliter
185 3602 384 3677 accurateque
401 3593 496 3656 omnia
512 3593 607 3656 sancti
624 3594 823 3679 evangelistae
839 3594 984 3658 narrando
1001 3593 1147 3679 complexi
1163 3593 1239 3656 sint:

81 3697 239 3784 praecipue
264 3691 364 3758 Lucas
390 3694 516 3758 animum
540 3696 575 3760 ab
597 3695 788 3760 inferioribus
813 3696 848 3760 ad
872 3695 1023 3781 superiora
1046 3697 1179 3759 referens
1201 3693 1242 3755 ita

81 3799 199 3862 scribit:
231 3801 275 3860 Et
292 3807 358 3860 erut
371 3801 452 3859 Iesos
466 3803 601 3879 nhcrpa'ens
620 3821 680 3862 erse
697 3804 930 3881 quora'onnorom
946 3801 1048 3872 XXX,
1071 3797 1174 3877 filaus,
1207 3805 1376 3869 othnam

78 3904 255 3982 nudabo,
287 3903 409 3981 Iorepdr'.
456 3897 542 3984 Quod
562 3912 660 3964 autem
680 3902 861 3965 solummodo
885 3911 1021 3986 putatur,
1054 3896 1171 3960 minime
1196 3907 1242 3961 est

81 4005 193 4090 reipsa.
233 3999 294 4068 Sed
311 4002 401 4088 patris
418 4003 513 4066 vicem
530 4000 674 4089 Iosephus
690 4003 812 4086 gerebat
827 4003 876 4066 ille
890 4003 1017 4087 quidem,
1036 3999 1112 4083 quod
1129 3999 1169 4063 ita
1185 4000 1240 4064 deo

82 4107 250 4192 placueratq
274 4114 359 4190 pater
373 4125 447 4168 vcro
463 4124 520 4168 non
539 4117 614 4185 erat,
639 4115 671 4169 ut
687 4105 735 4189 qni
750 4123 896 4188 nonquam
912 4123 945 4166 se
960 4123 1024 4165 onnr
1038 4097 1136 4165 Maria
1152 4123 1242 4189 copu-

82 4210 174 4289 larat,
209 4206 267 4272 nisi
284 4208 361 4293 quod
376 4205 454 4272 illius
470 4207 518 4269 uir
535 4206 696 4293 appellatus
712 4215 776 4285 est,
808 4206 884 4290 quod
901 4225 965 4268 eam
983 4223 1077 4267 senex
1092 4205 1240 4286 duxisset,

81 4331 162 4375 anno
174 4309 284 4375 aetatis
301 4308 366 4395 plus
384 4309 479 4372 minus
498 4305 651 4388 Lxxx,
675 4329 741 4372 oum
758 4307 814 4372 iam
831 4307 940 4372 liberos
958 4326 1045 4372 sexe
1063 4305 1154 4394 priori
1171 4329 1242 4372 con·

82 4413 150 4500 inge
166 4413 348 4492 sustulisset,
374 4410 449 4475 bano
463 4431 536 4476 vero
552 4411 745 4497 posteriorem
759 4411 900 4496 singulari
914 4410 961 4476 dei
975 4409 1158 4496 prouidentia
1171 4409 1241 4490 sibi,

138 4509 455 4572 munumina
1016 4517 1035 4581 5
