3176 4930
403 254 540 308 raucum
556 256 618 307 nnn.
632 257 662 309 u.
677 257 759 310 rou.
775 259 794 309 ι.
813 257 911 308 uana.
925 257 1018 310 nxrv.
1230 247 1293 310 329

135 378 285 462 tinguere,
309 397 374 441 anm
388 375 532 442 eiusmodi
549 375 722 462 cupiditates
735 397 770 441 aa
784 377 950 463 voluptates
965 378 1086 442 interire
1100 387 1291 458 monstraret,

134 479 232 565 iisque
250 479 297 564 qoi
317 479 361 543 bis
384 481 424 544 uti
450 479 562 544 deliciis
582 480 685 544 virere
706 500 772 544 esse
792 481 947 544 crederent
971 482 1109 566 pudorem
1133 482 1292 560 incuteret,

135 584 185 668 qai
210 585 290 644 deum
315 595 520 646 essecestram
544 581 725 646 existimant.
777 587 980 646 Manducemus
1003 595 1033 644 et
1054 585 1196 660 bibamus,
1227 581 1445 682 Wl'ssllffffl

135 691 210 748 enim
225 707 385 748 moriemur.
422 683 675 770 Quemadmodum
692 684 883 749 voracissima
901 687 1042 770 quaedam
1061 707 1198 772 corpora,
1218 668 1322 771 qaae¹
1371 668 1376 679 ⁶
1404 669 1411 692 ’

136 789 173 852 ad
197 787 331 873 pabulum
353 789 465 852 abiecto
489 799 547 852 tota
569 787 600 850 in
620 787 730 850 mensis
749 808 783 850 aa
806 788 951 852 conviviis
975 799 1166 874 occupantur.
1213 788 1291 853 'l'um

135 901 288 976 postquam
307 891 352 954 his
370 891 470 954 verbis
488 911 559 954 neos
576 901 638 954 estc
668 894 743 952 Esca
758 896 867 964 ceam,
892 902 920 952 et
935 903 1032 953 center
1045 897 1132 964 escas,
1157 897 1226 954 deus
1240 915 1292 954 au·
1301 913 1320 957 1.
1328 911 1445 966 cneum

135 1005 190 1055 tem
214 997 289 1055 bunc
311 1005 342 1054 et
361 997 427 1054 illas
450 998 591 1067 destruet,
616 992 740 1070 adiecit,
771 997 881 1074 Corpus
901 1005 993 1055 autem
1016 1017 1072 1056 noa
1088 997 1289 1078 fornicationi,

132 1101 186 1159 ced
206 1100 334 1168 damaim,
358 1107 387 1158 et
404 1101 531 1158 domebus
549 1100 681 1176 corpori:
712 1100 781 1158 dem
802 1107 894 1158 autem
917 1100 1106 1158 abdominum
1130 1102 1289 1172 auam'taait,

133 1211 166 1261 ct
181 1221 233 1260 aar
255 1199 404 1260 suscitabit
416 1221 471 1278 per
486 1204 617 1262 uirtutem
635 1203 741 1278 ipsius:
771 1221 808 1260 an
826 1203 942 1260 nescitis
963 1204 1092 1280 quantiam
1110 1203 1232 1262 membra
1247 1223 1291 1262 ve·

131 1313 197 1364 sau
213 1303 335 1362 membra
353 1304 463 1364 Christi
475 1307 565 1363 sunt?
607 1306 657 1364 An
670 1305 762 1381 igitur
778 1303 899 1364 membra
920 1305 1030 1364 Christi
1045 1305 1151 1384 sueciam
1167 1305 1292 1364 membru

132 1409 314 1466 meretricis?
356 1406 460 1465 Absit:
484 1409 599 1466 nescitis
614 1409 744 1485 quondam
760 1409 813 1486 qui
824 1399 962 1466 adiberet
975 1411 1119 1468 meretrici
1130 1427 1215 1468 unum
1228 1428 1292 1468 cor·

127 1531 187 1590 pua
204 1513 270 1568 est?
312 1509 409 1568 Erunt
424 1512 513 1580 enain,
538 1511 645 1588 inquit,
670 1511 725 1569 duo
740 1513 770 1568 in
786 1529 898 1570 earnem
918 1529 1012 1568 mam.
1061 1511 1117 1587 (tui
1134 1521 1226 1570 cutem
1242 1514 1292 1570 nd-

132 1613 234 1672 baeret
248 1614 375 1684 dombro,
401 1631 474 1671 unua
490 1613 609 1690 speratus
628 1622 680 1671 eet.
726 1613 830 1690 Fugite
842 1613 1075 1694 fornicationem.
1123 1615 1208 1673 Omne
1226 1635 1292 1693 pec-

131 1725 227 1774 eatum
243 1716 435 1794 quodcumque
453 1716 724 1793 peccaueritbomo,
749 1725 833 1774 entra
854 1734 956 1794 corpus
972 1726 1029 1788 eet,
1054 1719 1106 1796 qui
1118 1726 1209 1776 autem
1223 1718 1292 1799 sar·

130 1821 261 1889 nicatur,
286 1820 315 1876 in
333 1819 482 1896 proprium
497 1835 601 1896 eorpus
612 1826 722 1896 peccat.
769 1821 818 1876 An
833 1820 948 1877 nescitis
967 1821 1044 1897 quod
1057 1838 1178 1897 corpora
1199 1830 1292 1880 aestro

131 1922 267 1999 templum
287 1931 356 1980 sunt
375 1923 435 1979 eius
460 1923 556 2000 quiin
580 1919 657 1979 robis
677 1930 720 1978 cet
737 1923 870 1999 spiritus,
901 1941 980 2000 quem
1001 1921 1110 1982 dabatis
1130 1941 1148 1982 a
1168 1924 1235 1995 deo,
1248 1965 1250 1970 -
1265 1934 1293 1982 et

129 2043 189 2083 nom
208 2026 277 2083 estis
292 2026 400 2082 uestri?
443 2024 542 2101 Empti
557 2025 630 2082 enim
651 2025 720 2082 eatis
737 2027 848 2101 pretio:
869 2024 1034 2103 glorificate
1054 2027 1147 2102 a'gr'tm
1161 2026 1241 2085 mum
1263 2029 1292 2086 in

130 2125 301 2205 corporibus
322 2129 433 2184 nestris.

220 2223 253 2288 ln
271 2247 328 2309 qno
344 2226 432 2289 velim
448 2225 518 2290 illud
533 2226 769 2304 animadvertas,
794 2247 848 2310 pro
867 2245 903 2288 eo
924 2227 1000 2310 quod
1016 2247 1123 2313 corpas
1140 2228 1217 2292 istud
1234 2228 1291 2314 legi
1311 2233 1369 2302 cap.
1381 2207 1443 2285 diti.

130 2329 179 2392 dei
197 2327 466 2412 immortalitatique
484 2329 643 2412 capiendae
655 2328 792 2394 idoneum
809 2339 871 2406 est,
896 2329 921 2392 si
937 2329 973 2392 ab
989 2331 1124 2394 omnibns
1140 2330 1291 2400 libidinum

130 2430 330 2494 incitamentis
347 2431 387 2494 ita
412 2441 569 2516 purgetur,
595 2429 680 2494 nullis
697 2441 729 2493 ut
747 2430 924 2493 nefariorum
941 2431 1144 2496 illecebrarum
1167 2433 1291 2501 stimulis

131 2533 375 2613 commaculetur,
399 2532 509 2596 ideireo
525 2535 599 2598 liaeo
612 2533 649 2596 ab
668 2533 801 2618 apostolo
818 2551 885 2596 essa
902 2533 991 2596 dicta.
1027 2532 1105 2617 Quid
1121 2535 1197 2598 enim
1215 2534 1292 2598 aliod

131 2647 181 2701 eet
206 2637 281 2720 quod
300 2636 336 2699 ad
360 2641 544 2700 meretricem
567 2637 774 2714 adhaerescat,
806 2636 892 2699 etad
916 2656 980 2699 eam
1006 2638 1144 2716 accedat,
1176 2659 1291 2721 unaque

131 2761 198 2804 eom
216 2739 264 2802 illa
283 2759 353 2802 caro
368 2737 575 2803 coniunctione
595 2739 791 2802 roambrorum
809 2760 844 2802 aa
865 2739 1070 2803 commuuione
1090 2741 1213 2824 quadam
1232 2739 1291 2803 effi-

131 2841 245 2922 ciatur,
271 2851 474 2927 praeterquam
493 2862 599 2927 eorpus
618 2841 686 2904 illud
711 2851 886 2919 externum,
910 2842 993 2904 auios
1010 2843 1173 2906 ministerio
1194 2843 1291 2906 omnia

130 2945 184 3010 illa
201 2943 414 3007 commistionis
431 2965 586 3029 corporum
605 2955 635 3008 et
648 2945 778 3007 ardentis
794 2943 922 3006 libidinis
941 2944 1049 3028 flagitia
1067 2947 1292 3030 perpetrantur?

129 3045 219 3114 Unde
237 3061 266 3109 et
280 3067 359 3109 amne
369 3059 532 3127 peccatum,
557 3051 749 3128 quodcumque
760 3049 870 3128 secerit
885 3051 979 3122 bomo,
1005 3059 1089 3108 entra
1111 3069 1214 3128 corpus
1235 3059 1287 3122 eet,

130 3155 185 3234 qui
198 3162 289 3212 nutem
304 3153 476 3231 fornicatur,
502 3155 532 3212 in
546 3155 693 3231 proprium
711 3172 814 3230 carpere
825 3161 935 3230 peccat.
974 3147 1093 3212 Etenim
1110 3151 1289 3233 arrogantia,

130 3254 305 3333 infidelitas,
329 3253 369 3316 ita
390 3263 477 3336 atque
500 3253 648 3316 simulatio
670 3252 786 3316 animae
810 3263 928 3336 peecata
947 3262 1032 3332 sunt,
1063 3263 1194 3338 stuprum
1219 3273 1291 3315 vero

131 3369 162 3422 et
187 3355 376 3420 inflammatio
399 3355 448 3418 illa
476 3354 604 3418 libidinis
632 3375 788 3442 corporum
813 3355 930 3440 propria
957 3365 1036 3418 sant.
1083 3352 1199 3438 Quibus
1224 3375 1289 3418 aum

130 3461 233 3543 otique
251 3479 306 3522 nee
325 3458 443 3521 evolare
466 3459 563 3521 anima
587 3459 712 3543 poterit,
737 3479 832 3543 neque
850 3457 1061 3542 temperantiae
1078 3459 1205 3521 decretis
1221 3457 1290 3520 sob-

129 3563 194 3642 iiei,
218 3562 269 3624 sed
286 3560 371 3624 ambo
385 3559 495 3624 Christi
511 3581 604 3644 ragno
619 3563 759 3625 excidere
777 3581 899 3625 neeesse
916 3571 972 3624 est.
1004 3558 1165 3624 Praeterea
1183 3561 1207 3623 si
1224 3581 1291 3622 cor·

129 3685 204 3752 pora
222 3675 323 3727 nostra
341 3663 370 3727 in
389 3664 582 3728 saraotimonia
600 3676 775 3728 conservata
792 3667 921 3746 ternplum
937 3675 1006 3725 crmt
1019 3665 1173 3725 babttonu'a
1187 3669 1217 3725 r'n
1238 3685 1289 3725 nc-

129 3772 176 3831 bia
192 3771 327 3849 spurtus,
353 3777 439 3850 atque
457 3777 486 3830 et
503 3767 531 3830 in
554 3789 678 3851 corpore
698 3769 832 3831 dominns
848 3768 974 3847 residet,
1000 3777 1029 3830 et
1045 3769 1167 3828 membro
1188 3788 1206 3827 c
1226 3788 1290 3827 cor-

122 3877 211 3956 porale
227 3875 338 3932 Cbre'eti
352 3873 475 3932 membra
492 3882 576 3945 sunt,
601 3871 720 3934 omnino
743 3871 859 3934 divinae
878 3872 934 3954 legi
957 3889 1064 3954 eorpus
1081 3869 1230 3946 subditur,
1254 3889 1289 3932 ac

128 3995 257 4059 regnam
273 3973 320 4036 dai
337 3973 488 4058 possidere
505 3983 613 4059 potest.
661 3979 718 4053 Qut
730 3979 802 4036 eninr
816 3979 952 4036 eaca’tam't
965 3977 1107 4034 Cantatum
1123 3993 1140 4032 a
1157 3977 1285 4047 martium,
1302 3993 1397 4052 neme,
1410 3999 1441 4043 ιι.

128 4079 304 4158 velificabat,
330 4075 441 4160 inquit,
469 4089 499 4138 et
519 4079 650 4138 mortalr'a
676 4097 796 4156 corpora
821 4089 915 4138 vestra
937 4099 991 4157 per
1007 4076 1206 4136 inhabitantem
1228 4081 1289 4138 eiua

127 4185 265 4263 sprin‘trem
280 4185 309 4242 in
325 4182 420 4242 nobis.-
445 4192 477 4242 ut
491 4184 609 4242 mortale
622 4182 675 4240 boc
689 4181 790 4240 abduut
804 4183 1051 4255 immortalitatem,
1075 4191 1104 4240 et
1116 4184 1289 4260 abemwpti·
1299 4201 1440 4256 accussat

128 4287 188 4346 bite
206 4289 453 4366 incorruptionem,
479 4305 607 4364 morsque
622 4289 652 4344 in
669 4286 814 4344 rectoriam
829 4285 1023 4344 absorbeatur.
1070 4279 1140 4345 Non
1156 4278 1234 4344 enim
1254 4285 1289 4348 de

128 4387 190 4452 alio
208 4407 332 4472 corpore
349 4388 404 4450 hcc
423 4388 489 4452 loeo
507 4385 673 4474 disputabat
690 4386 859 4471 apostolus,
883 4397 1085 4471 praeterquam
1101 4389 1136 4448 de
1152 4384 1207 4448 boc
1223 4386 1287 4470 ipso

90 4481 94 4492 ’
128 4489 209 4574 quod
229 4489 412 4572 extinguitur
428 4511 463 4554 ac
477 4501 570 4554 morte
588 4489 757 4568 conficitur,
782 4510 835 4575 per
850 4490 925 4574 quod
948 4493 1072 4554 sconart
1088 4489 1159 4552 licet
1179 4509 1215 4552 ao
1237 4489 1288 4552 ila·

127 4592 202 4678 gitia
225 4593 418 4658 committere.
