3186 4928
363 177 501 319 sapien
516 227 579 280 nra.
595 229 626 281 n.
642 229 725 282 ron.
740 227 992 282 rrqnsunnxvr.
1194 217 1255 281 425
1342 206 1348 215 '

112 347 286 415 elesiesticee
303 348 454 414 doctrinae
472 349 565 414 lorme
583 349 736 434 profitetur
751 348 880 414 divinum
897 368 1003 412 numen
1022 347 1058 412 ab
1078 347 1156 413 omni
1173 351 1255 436 peni·
1327 367 1332 386 ·

113 463 152 517 tus
169 452 309 538 pravitate
334 451 461 516 alienum
484 473 519 516 sc
537 463 681 516 remotum
706 473 786 517 esse.
831 449 952 516 Nullum
976 450 1054 514 enim
1078 451 1128 516 ille
1149 453 1255 522 malum

110 556 187 634 iecit,
209 559 261 618 sed
281 560 373 618 ommis
395 558 476 617 uelde
499 555 587 630 donc,
613 574 678 619 eum
697 565 727 618 et
743 555 781 618 slt
801 565 905 618 natura
924 553 1036 633 bouus,
1059 575 1154 639 neque
1177 575 1257 620 com·
1276 569 1409 624 omnm.

110 658 239 744 prehendi
258 657 336 722 itlius
359 657 488 722 essentia
513 658 623 742 possit,
655 667 685 720 et
705 656 844 722 ninivense
864 656 1029 737 contiueat,
1060 677 1115 721 nec
1137 656 1173 721 eb
1195 658 1255 723 ullo

109 760 166 846 ipse
183 759 378 824 contineatur.
425 758 573 843 Quocirca
598 779 692 846 neque
712 761 819 826 malurn
843 779 961 845 semper
979 759 1096 838 extitit,
1121 777 1254 844 nequeo
1314 787 1316 792 ·

110 865 159 927 deo
178 864 347 948 productum
368 872 425 926 est.
472 861 573 948 ltaque
595 885 661 927 cum
687 883 781 948 neque
806 863 912 927 melum
937 863 992 943 sit,
1023 883 1118 946 neque
1139 883 1257 946 semper

109 965 207 1046 luerit,
230 987 285 1030 nee
304 987 322 1028 a
341 965 396 1030 deo
421 975 625 1050 procreatum,
656 975 792 1051 superest
815 965 884 1029 illud
909 975 941 1028 ut
963 973 1156 1050 quaeremus,
1180 967 1255 1050 quod

108 1088 217 1155 semper
232 1068 351 1132 minime
369 1067 475 1147 luerit,
499 1081 529 1132 et
544 1067 657 1132 initium
674 1068 789 1153 aliquod
811 1067 962 1146 habuerit,
987 1078 1017 1131 et
1034 1067 1189 1154 aliquando
1205 1066 1256 1131 de·

108 1172 181 1236 sinet
197 1193 231 1235 ec
256 1180 374 1256 pereat,
398 1189 493 1256 ucqne
514 1181 657 1256 perpetuo
678 1181 811 1250 maneat,
836 1171 980 1234 undenam
1005 1171 1146 1256 originem
1170 1190 1255 1234 ecoe·

106 1275 186 1359 perit.
215 1271 290 1338 'Sed
314 1295 380 1337 oum
402 1272 472 1336 illud
498 1272 717 1358 {requisierimus
734 1273 803 1337 illud
820 1273 850 1336 iu
869 1271 969 1359 mainus
988 1273 1173 1358 cogitandum
1196 1283 1254 1352 est,

106 1375 261 1440 cuiusmodi
280 1374 336 1455 sit,
360 1385 389 1439 et
404 1374 434 1438 iu
451 1395 508 1460 qno
527 1376 565 1438 sit
582 1375 701 1439 malum.
747 1371 863 1442 Deinde
879 1376 956 1440 sitne
974 1375 1083 1461 aliquid
1103 1377 1179 1461 quod
1197 1377 1255 1440 cir·

106 1477 258 1543 eumseribi
277 1478 387 1566 possit,
413 1488 481 1564 puta
503 1481 626 1564 corpirs,
650 1487 680 1541 et
701 1490 797 1544 utrum
819 1478 983 1543 substantia
1008 1479 1105 1564 alique
1125 1489 1252 1558 coastat,

104 1591 153 1645 sut
171 1581 229 1646 ulla
252 1581 350 1644 radice
371 1580 535 1653 nitentum
558 1577 643 1663 Quae
664 1601 727 1644 cum
745 1581 820 1666 apud
837 1601 892 1644 nos
910 1582 1168 1666 perpenderimus,
1193 1582 1256 1646 unl-

103 1686 157 1749 lam
176 1684 277 1748 inesse
302 1682 378 1748 malo
400 1683 638 1762 subsistentium,
663 1704 718 1746 neo
741 1683 868 1747 redicem
891 1683 978 1748 ullem
998 1683 1104 1748 hebere
1126 1685 1255 1770 reperie-

103 1807 177 1866 mus,
201 1787 252 1850 sed
269 1785 297 1848 in
313 1786 386 1850 solis
403 1785 488 1849 laetis
504 1785 682 1864 consistere,
707 1796 737 1848 et
753 1785 907 1850 humanam
923 1785 1106 1850 efficientiam
1120 1787 1150 1851 iu
1165 1801 1255 1872 agen·

102 1890 138 1954 do
157 1889 309 1975 perlicere.
345 1886 465 1952 Etenim
482 1898 626 1972 quatenus
645 1887 752 1972 aliquid
769 1887 923 1968 laniamus,
947 1889 1025 1953 inest
1038 1888 1067 1952 in
1082 1909 1118 1953 eo
1134 1889 1253 1969 mulum,

102 2015 165 2056 com
181 2011 254 2057 vero
270 1991 343 2055 nihil
359 1991 489 2076 eginum,
515 2009 658 2076 nusquam
678 2001 734 2054 est.
780 1987 813 2054 ln
833 2009 890 2074 quo
904 1990 975 2056 illud
992 1991 1185 2078 intelligentie
1202 2013 1255 2056 no·

100 2106 161 2159 stra
179 2093 416 2180 comprehendit,
442 2094 510 2179 quid
526 2093 564 2156 sit
581 2091 646 2156 meli
665 2092 772 2178 aliquid
793 2093 908 2158 efficere
925 2095 1001 2180 quod
1019 2096 1074 2159 deo
1091 2096 1253 2182 displiceat,

99 2201 175 2284 quod
198 2199 226 2261 ei
247 2209 344 2262 tameo
367 2196 508 2280 relragari
530 2214 564 2258 nc
584 2215 749 2282 repugnare
773 2217 832 2260 nou
854 2207 961 2281 potest.
1008 2197 1152 2283 Quicquid
1175 2199 1253 2262 euim

96 2300 317 2366 abdominibus
335 2299 434 2364 excidi
456 2297 647 2384 extinguique
667 2307 781 2384 potest,
805 2300 1013 2366 multominus
1036 2303 1176 2366 resistcre
1198 2301 1253 2364 deo

116 2404 216 2468 eterit.

96 2428 114 2492 p
182 2503 229 2570 ne
251 2505 366 2572 diabolo
383 2525 499 2591 qnoque
521 2503 564 2568 sie
582 2503 743 2568 habendum
767 2515 829 2584 est,
854 2525 920 2570 eum
941 2504 1061 2569 minime
1082 2505 1118 2570 ab
1140 2505 1254 2590 origine
1267 2517 1328 2590 cop.
1338 2517 1409 2572 xvi.

94 2609 162 2695 ipsa
189 2619 371 2692 naturaeque
397 2606 565 2670 eruditione
589 2607 696 2671 melum
722 2606 877 2688 extitisse,
906 2609 958 2670 sed
983 2607 1130 2694 aliquanto
1153 2619 1255 2694 postea

95 2726 232 2800 tempore
253 2712 360 2776 malum
385 2711 461 2795 quod
482 2709 594 2774 laceret
616 2710 821 2794 excogitasse,
853 2710 893 2773 ite
916 2721 1014 2774 tamen
1040 2722 1072 2774 ut
1092 2711 1254 2776 uniusmodi

92 2819 214 2880 iuturus
231 2823 311 2878 essct
327 2833 509 2898 nequequam
526 2812 641 2876 lateret.
678 2810 789 2876 Verum
806 2813 1046 2896 quemadmodum
1065 2826 1164 2879 cetere
1179 2815 1255 2880 bene

91 2930 184 3004 atque
204 2915 316 2982 utiliter
331 2935 399 2980 esse
418 2913 535 2978 condita
557 2934 628 3000 prae
650 2915 810 2980 excellenti
830 2916 876 2979 dei
895 2915 1024 2998 iustitia,
1048 2919 1096 3002 qui
1119 2939 1172 3004 pro
1194 2918 1254 2982 siu-

89 3021 192 3107 guluri
213 3040 267 3084 sue
291 3018 421 3082 bonitate
449 3018 579 3082 existere
606 3018 667 3080 vult
691 3018 806 3100 omnia,
835 3018 969 3102 bonaque
992 3041 1047 3084 sua
1068 3020 1202 3085 omnibus
1224 3021 1253 3084 in

90 3143 254 3188 commuue
274 3120 419 3207 proponit.
465 3119 512 3184 nc
538 3120 726 3184 nihilomiuus
746 3131 843 3185 tamen
865 3142 918 3206 pro
940 3141 976 3184 eo
1000 3143 1035 3186 ae
1059 3122 1184 3187 libertati
1204 3144 1255 3187 cu·

87 3229 201 3312 iusque
219 3244 390 3290 conoessum
408 3233 454 3286 est
477 3221 614 3307 privatim
631 3224 659 3286 id
679 3225 837 3309 permittit,
862 3245 934 3288 suae
955 3234 987 3289 ut
1003 3225 1147 3290 voluntati
1169 3227 1255 3291 obsc-

86 3350 190 3416 quens
207 3327 341 3413 quiequid
355 3326 466 3390 lihitum
483 3325 541 3388 erit
554 3325 671 3404 efficiat,
693 3339 724 3390 ut
739 3340 769 3390 et
784 3329 847 3412 ipse
863 3327 899 3392 ab
917 3329 996 3391 omui
1013 3329 1154 3394 malornm
1170 3329 1255 3415 culpa

84 3435 131 3499 sit
147 3431 300 3509 immunis,
325 3439 473 3492 eteorum
493 3429 541 3512 qui
559 3427 590 3490 in
606 3429 715 3494 virtute
729 3431 969 3516 progrediuntur,
994 3443 1081 3517 atque
1100 3432 1136 3497 ab
1154 3431 1254 3496 hume·

82 3536 186 3600 nitate
201 3533 390 3618 bonitateque
406 3551 460 3595 sue
475 3531 604 3617 praemia
618 3532 763 3613 relerunt,
788 3534 944 3599 discrimen
960 3535 1075 3622 aliquod
1093 3547 1251 3600 statuatur.
1388 3541 1391 3546 '

83 3641 134 3702 Aa
160 3637 286 3704 insanus
304 3635 353 3700 ille
370 3633 496 3712 Manes,
529 3634 594 3697 dum
620 3635 657 3698 ab
677 3635 755 3699 omui
776 3637 904 3700 malitiae
927 3637 993 3702 labe
1012 3639 1097 3702 deum
1121 3639 1252 3704 eximere

79 3742 211 3818 studet,
235 3760 293 3803 uon
312 3738 398 3803 modo
416 3739 444 3801 id
463 3738 538 3822 quod
557 3739 619 3802 vult
637 3759 695 3802 uon
715 3740 899 3826 assequitur,
924 3742 975 3806 sed
995 3742 1182 3806 alienatione
1203 3761 1253 3806 se·

79 3843 212 3930 qualem
233 3842 328 3928 potius
343 3841 423 3906 illem
445 3840 589 3928 rependit.
637 3837 804 3923 Quinetiam
825 3843 958 3909 conditas
976 3847 1065 3909 adeo
1084 3865 1133 3908 res
1150 3865 1252 3909 omncs

77 3947 157 4011 sine
182 3946 240 4010 ullo
258 3945 368 4030 pudore
388 3944 551 4028 vituperetp
575 3943 658 4008 ouius
682 3945 797 4029 quidem
813 3948 856 4010 sie
874 3969 914 4011 ex
935 3947 972 4012 iis
990 3947 1104 4012 delictis
1125 3969 1199 4033 quoe
1221 3949 1252 4012 in

76 4048 181 4113 nobis
199 4059 361 4112 cernuntur
380 4047 566 4111 occasionem
583 4046 687 4131 arripit
708 4059 740 4110 ut
757 4048 788 4110 in
810 4059 919 4141 cetera
933 4051 1031 4116 omnin
1049 4051 1163 4136 opilicie
1185 4073 1253 4138 pro-

71 4153 177 4216 brum
197 4151 266 4216 illud
286 4171 326 4215 ex
349 4171 444 4234 eoquo
461 4149 586 4214 derivet.
632 4145 666 4212 ln
688 4170 744 4235 qno
764 4151 888 4216 melitius
911 4152 1006 4233 illius,
1030 4175 1114 4238 quom
1134 4157 1251 4223 excludi

112 4289 143 4342 2.
175 4287 327 4355 προθέμενον
353 4288 512 4338 emendetiom
537 4289 655 4350 cernerit,
723 4283 746 4342 4.
763 4291 814 4343 cria
834 4288 973 4358 ἰσορρόπων
999 4293 1110 4346 titrorcm
1133 4297 1252 4356 scripturo

69 4363 159 4411 ettam
177 4373 195 4406 o
209 4361 306 4408 Pctooto
317 4359 446 4420 proposito.
480 4359 507 4406 ln
521 4359 586 4407 libris
601 4359 654 4406 unt-
688 4363 721 4410 ert
742 4363 860 4422 omnium,
884 4374 913 4410 uc
928 4363 1056 4410 omnmo.
1092 4365 1121 4412 dt
1138 4365 1251 4414 Patauino

67 4443 106 4492 qo
127 4432 169 4477 est
186 4423 348 4491 montepiloso.
687 4431 802 4478 eriolotus
818 4433 850 4480 est
872 4425 1018 4496 ἰσορρεπῶς.
1053 4431 1161 4493 appartet
1182 4427 1251 4496 ἰσόρ-

86 4495 121 4547 3.
132 4489 410 4564 dpstutpstcodttted.
420 4488 651 4564 ipstulpsoedpr.
688 4511 751 4564 pone
767 4509 827 4562 quoe
843 4499 887 4548 rios·
902 4499 1022 4550 sonuum
1034 4499 1133 4550 motum
1150 4504 1250 4566 ctam,
