3176 4930
347 279 484 332 raanan
501 279 563 332 nra.
576 281 608 333 rt.
624 280 706 333 ron.
721 283 740 332 r.
757 281 856 332 naen.
870 281 963 333 nxrv.
1174 269 1236 332 257

88 398 134 462 bns
148 409 292 462 constans
310 399 443 464 absoluto
457 400 497 462 sit
511 399 683 485 penitusque
699 402 841 486 perlecta,
866 421 959 486 neque
977 400 1128 486 quicquam
1143 400 1172 464 in
1188 401 1239 466 illa

87 503 116 563 ad
131 503 256 586 liguram
271 501 570 588 pulchritudinemque
584 503 777 571 desideretur.
810 501 904 587 lgitnr
917 504 1155 587 quemadmodum
1171 525 1236 566 cum

86 604 126 667 his
141 625 249 668 sacrae
264 603 368 668 literae
384 605 581 684 consentiant,
602 604 688 688 alque
703 605 738 668 ad
755 605 885 669 melioris
901 608 978 669 ritae
994 607 1237 692 complementum

87 705 230 769 hominem
248 707 438 785 confirment,
463 707 596 771 oratione
617 707 822 772 declarandum
842 716 899 772 est.
945 705 1014 773 lllas
1031 709 1107 772 enirn
1129 709 1176 792 qui
1193 708 1238 770 in-

87 817 184 892 tegras
202 829 257 872 nec
276 809 447 893 opportunis
466 809 596 893 partibus
616 809 746 873 delectas
765 809 958 894 intelligentia
976 821 1132 895 penetrare
1155 819 1237 894 pote·

85 909 135 991 rit,
160 912 411 976 resurrectionem
429 912 455 976 is
472 911 547 976 sciet
569 933 749 997 nequaqnam
769 911 805 975 ad
828 912 883 976 hon
900 933 1007 998 corpus
1029 921 1167 997 oportere
1189 932 1237 974 rc-

87 1013 173 1092 lcrri,
198 1015 275 1098 qnod
293 1012 322 1078 iu
341 1014 551 1099 sempiternum
566 1013 745 1079 immutabile
762 1035 828 1078 esse
847 1037 905 1079 non
921 1026 1034 1100 potest,
1058 1015 1110 1078 sed
1126 1016 1160 1078 ad
1178 1013 1237 1100 spi·

83 1116 165 1180 ritale
184 1117 300 1202 potins,
323 1117 353 1180 in
373 1137 430 1201 qno
446 1117 566 1197 eudem,
590 1137 666 1202 qnae
681 1116 795 1181 mortali
813 1116 880 1180 hnic
895 1117 984 1197 inest,
1008 1127 1078 1182 nota
1094 1137 1129 1180 ac
1146 1117 1238 1200 ligura

84 1219 319 1296 conservabitur,
338 1221 412 1284 adeo
423 1231 454 1284 ut
465 1221 663 1306 unnsquisque
673 1231 816 1299 nostrum,
834 1220 910 1304 qnod
921 1221 957 1284 ad
970 1221 1090 1284 formam
1104 1219 1237 1304 corporis

83 1321 204 1400 attinet,
228 1323 304 1385 idem
320 1321 447 1402 existat,
471 1333 503 1386 ut
519 1333 549 1386 ct
565 1319 712 1405 Origenes
728 1323 861 1386 affirmat.
908 1319 953 1386 lta
969 1323 1045 1386 enim
1063 1323 1189 1384 loturam
1208 1331 1238 1384 et

83 1423 129 1488 illc
146 1424 399 1488 resurrectionem
416 1423 577 1490 existimat.
623 1421 698 1489 Cum
721 1424 798 1488 enim
816 1445 922 1510 corpus
937 1424 993 1487 hoc
1010 1424 1150 1487 materiae
1167 1444 1237 1488 con·

82 1538 193 1590 cretum
215 1527 326 1590 duum
346 1529 402 1606 sit,
426 1548 482 1591 nec
498 1527 527 1591 in
548 1549 602 1592 sno
624 1547 752 1612 unquam
772 1537 850 1590 statu
874 1527 921 1590 vel
944 1525 1120 1614 brevissimo
1143 1528 1237 1613 spatio

82 1631 244 1707 consistat,
275 1631 326 1692 sed
351 1642 520 1715 perpetuam
547 1630 747 1694 accessionem
774 1628 1033 1712 decessionemque
1058 1631 1137 1693 circa
1157 1630 1237 1694 illam

82 1732 206 1795 sormam
232 1730 354 1810 habeat,
386 1743 525 1816 quaeest
548 1731 674 1796 bominis
694 1743 762 1796 nota
782 1753 817 1796 ac
839 1731 922 1795 uelut
945 1730 1099 1794 character
1121 1731 1236 1815 quidam

81 1833 237 1919 proprias,
261 1853 354 1918 aquo
370 1833 459 1918 ligura
482 1835 545 1920 ipsa
564 1835 743 1914 continetur,
767 1835 1027 1913 resurrectionem,
1050 1834 1156 1919 inquit,
1181 1834 1236 1898 soli

80 1936 207 2000 hominis
225 1937 337 2000 lorrnae
351 1937 512 2000 convenire
527 1938 684 2023 putandum
700 1948 758 2000 est.
797 1935 844 1999 Ac
859 1957 897 2000 ne
912 1936 981 2000 illnd
998 1938 1124 2000 fortusse
1141 1937 1234 2015 dicas,

30 2043 34 2054 '
79 2039 206 2103 obscure
233 2039 318 2101 istum
341 2038 479 2102 discenda
503 2039 553 2104 illu
573 2039 779 2126 proposuisse,
804 2037 859 2102 boc
879 2039 972 2124 ipsum
992 2038 1042 2102 ille
1064 2040 1234 2125 disputavit.

76 2140 142 2225 Ego
158 2161 237 2206 vero
252 2140 359 2204 clarius
376 2141 490 2205 illorum
506 2141 663 2206 verborum
680 2163 799 2206 sensum
819 2141 895 2205 burto
912 2141 940 2204 in
959 2143 1074 2205 modum
1094 2142 1235 2227 aperiam.

76 2241 204 2322 Vidisti,
230 2240 346 2328 opinor,
367 2241 522 2327 aliquando
540 2244 645 2329 pellem
664 2244 810 2324 animalis,
834 2254 885 2307 ant
901 2242 995 2307 simile
1011 2244 1144 2329 quiddam
1161 2264 1237 2327 aqua

74 2347 235 2432 repletam.
281 2342 347 2407 lloc
363 2345 388 2408 si
402 2343 543 2430 ¹paulatim
563 2345 746 2409 exinanitum
765 2345 900 2431 paulatim
919 2345 1089 2431 impleatur,
1113 2347 1236 2410 eandem

74 2458 223 2534 perpetuo
249 2447 372 2509 formam
397 2447 516 2510 retinet.
569 2444 740 2511 Cuiusmodi
761 2447 839 2510 enim
863 2457 909 2510 est
933 2447 961 2510 id
989 2448 1063 2532 qnod
1092 2447 1235 2526 continet,

73 2569 206 2613 necesse
226 2558 273 2612 cst
288 2547 315 2612 ci
335 2549 410 2633 qnod
428 2549 507 2612 intus
524 2558 570 2612 cst
587 2549 777 2614 conformari.
812 2549 879 2633 Age
896 2549 985 2630 enim,
1009 2571 1075 2613 num
1091 2570 1165 2633 aqua
1181 2548 1237 2612 dil·

74 2651 158 2729 llnit,
193 2651 218 2714 si
245 2649 310 2734 quis
336 2651 504 2714 tantundem
528 2649 658 2715 effundat
685 2662 822 2737 quantum
846 2649 988 2730 elabitur,
1024 2671 1119 2736 neque
1140 2663 1237 2716 utrem

73 2774 173 2837 aqnac
200 2753 366 2816 conlectum
392 2751 544 2817 exhauriri
568 2754 711 2839 patiatur,
744 2773 867 2818 necesse
891 2763 937 2816 est
964 2754 1021 2818 tale
1042 2753 1137 2819 videri
1160 2755 1237 2840 quod

71 2856 197 2919 additur
224 2855 309 2940 quale
336 2864 384 2920 cst
405 2865 496 2918 toturn
520 2875 556 2919 eo
579 2857 654 2940 qnod
678 2857 755 2920 idem
776 2855 846 2919 illud
870 2856 962 2942 ipsum
989 2867 1036 2920 cst
1061 2857 1137 2942 qund
1166 2877 1237 2922 oon-

71 2959 162 3038 tinet,
190 2957 301 3021 fluente
317 2977 351 3020 ac
368 2957 514 3021 diffluente
530 2958 654 3042 liquore.
701 2955 759 3042 Qui
775 2958 865 3042 igitur
881 2978 987 3044 corpus
1003 2979 1067 3022 cnm
1086 2959 1131 3023 his
1148 2959 1237 3023 rebus

70 3063 220 3124 conterre
243 3059 386 3138 voluerit,
411 3061 485 3124 citra
500 3061 640 3145 pudorem
663 3061 751 3125 ullum
775 3061 831 3125 boc
854 3062 952 3126 laciet.
996 3059 1108 3125 Eodem
1132 3061 1237 3147 quippo

68 3165 163 3227 modo
179 3163 362 3240 alimentum,
387 3162 463 3246 quod
478 3162 651 3227 amissarum
662 3164 800 3228 ‘carnium
817 3165 883 3228 loco
900 3163 1097 3242 substituitur,
1120 3163 1150 3226 in
1167 3185 1236 3226 con·

68 3265 203 3330 liuentis
228 3265 339 3328 loricae
365 3265 484 3349 liguram
505 3265 692 3351 speciemque
714 3277 852 3330 motatur.
899 3263 947 3329 Ex
970 3286 1027 3350 quo
1050 3264 1184 3350 quicquid
1207 3265 1237 3328 in

68 3369 183 3432 oculos
203 3367 392 3446 dill'nnditur,
416 3367 568 3432 oculorum
587 3368 619 3430 tt
636 3368 749 3448 simile,
773 3379 805 3432 ut
819 3380 850 3432 et
865 3369 962 3432 uultus
985 3369 1059 3452 quod
1080 3369 1109 3431 in
1125 3368 1237 3433 vultum

66 3469 279 3555 dispergitur,
303 3491 338 3533 ac
354 3479 520 3534 ceterorum
538 3468 643 3534 similia
658 3471 819 3534 redduntur
836 3473 890 3534 hoc
906 3471 1004 3549 modo,
1029 3489 1103 3555 quae
1121 3490 1175 3554 per
1186 3470 1236 3533 illa

66 3574 272 3659 dissipantur.
319 3569 368 3636 Ex
385 3593 443 3656 qno
458 3573 490 3636 bt
508 3580 541 3636 ut
554 3572 631 3636 idern
646 3593 712 3637 ease
730 3573 850 3638 cuilibet
863 3574 1014 3651 videatur,
1039 3593 1104 3636 cum
1118 3572 1235 3634 interim

64 3697 206 3755 carnes,
230 3693 306 3759 qnae
323 3675 415 3760 prirna
430 3686 495 3739 erat
511 3674 643 3760 corporis
662 3677 800 3755 materia,
825 3696 883 3739 non
899 3675 1022 3739 eundern
1039 3684 1146 3738 statum
1166 3671 1237 3736 rati-

64 3787 190 3857 neant,
216 3777 269 3842 scd
285 3779 378 3840 torma
395 3778 556 3856 duntaxat,
580 3797 596 3840 a
617 3797 672 3860 qna
690 3797 726 3840 ea
743 3779 961 3862 configurantur
981 3797 1055 3862 quae
1074 3776 1109 3841 ad
1129 3795 1236 3860 oorpns

63 3881 240 3948 accedunt.
287 3876 348 3943 lana
367 3899 439 3943 vero
453 3879 479 3943 si
495 3880 530 3942 ad
547 3877 739 3965 paucissimos
755 3878 817 3942 dies
832 3899 890 3942 non
904 3879 1004 3955 iidem,
1029 3878 1104 3962 quod
1120 3879 1156 3941 ad
1171 3898 1237 3940 cor·

62 4007 122 4073 pns
142 3982 276 4061 attinet,
301 4000 487 4060 maneamus,
510 3980 562 4044 sed
587 3980 650 4044 sola
669 4001 743 4066 quac
768 3980 884 4066 corpori
900 3981 1008 4045 insidet
1030 3982 1122 4044 lorma
1142 4013 1186 4026 -·
1207 3979 1237 4044 id

61 4091 147 4153 enim
181 4105 274 4149 nuum
294 4083 331 4148 ab
356 4093 423 4148 ortu
444 4093 583 4148 constans
604 4103 638 4146 nc
662 4082 767 4146 stabile
792 4093 944 4162 remanet,
969 4115 1011 4130 -
1032 4080 1237 4166 multomagis

94 4309 125 4366 6.
150 4304 298 4364 σκοτεινῶς
315 4305 367 4356 cod.
381 4305 479 4368 tthedtp.
495 4305 550 4356 adtt.
566 4307 643 4368 princ.
677 4303 801 4373 putarint

60 4389 81 4432 ar
97 4383 165 4431 edit.
189 4377 276 4426 Potor.
310 4379 401 4426 manet
416 4368 452 4433 u‘e
468 4375 519 4424 cod
535 4375 611 4424 Vanet.
710 4375 735 4427 il.
752 4373 811 4440 napi
830 4363 844 4428 d
862 4371 942 4440 clupei
961 4373 1092 4424 mncndnutt
1107 4375 1238 4442 Gotolterus¹

94 4449 123 4503 7.
149 4441 190 4500 δὲ
209 4439 298 4493 nano
314 4444 365 4492 cod.
382 4443 458 4492 Vmet
473 4467 509 4481 -
533 4441 646 4504 „diatin-
678 4445 753 4495 ddnu.
777 4445 842 4494 tttsc.
867 4443 945 4493 Parth.
968 4455 1020 4506 cop.
1038 4439 1079 4494 36.
1103 4457 1160 4506 pop.
1176 4440 1236 4496 804.

59 4519 119 4568 xia-⁴
131 4511 364 4572 macenorum,
378 4511 560 4573 qncut’etontna
572 4509 645 4576 „dla-
679 4513 754 4576 Vutpc
770 4515 882 4576 sciptum
899 4515 932 4564 cst
947 4507 1075 4577 neratde,
1093 4509 1139 4577 ῥεῖ.

122 4589 421 4650 Gomnsflssrescohll.
434 4593 455 4637 ².
995 4601 1034 4662 17
