3116 4934
321 255 459 312 runanu
476 255 583 308 eruut.
600 254 682 308 rou.
694 257 713 309 r.
731 255 830 308 unua.
842 256 925 307 nxrr.
1148 242 1210 308 209

64 373 131 438 lium
155 385 324 460 comparata
346 375 559 440 medicamenta
580 385 665 457 sunt,
698 375 769 441 bueo
792 374 955 461 seplasiarii
980 373 1078 461 operis
1101 396 1212 460 genera

64 488 140 556 suut,
166 475 237 542 baeu
254 478 332 543 sueri
348 479 378 542 iu
402 478 468 563 lege
486 479 545 543 ulei
569 479 732 559 oonleotio,
764 479 837 543 haee
856 488 1018 542 aromatum
1038 479 1128 543 odore
1152 479 1212 541 lra-

63 599 145 664 grans
166 579 287 665 egregia
305 581 393 661 bdes,
417 601 493 666 quae
509 581 636 646 athletae
659 581 695 645 ad
718 592 866 646 uertamen
889 581 1060 666 prodeuntis
1085 581 1212 645 adstrin-

63 683 140 767 gendi
165 683 225 747 rim
247 683 350 762 babet,
382 684 535 770 eidemque
554 684 722 763 denuntiat,
751 685 792 748 uti
810 685 929 747 eorsum
951 682 1127 763 contendat,
1153 705 1210 768 quo

64 807 195 850 eoronam
212 787 306 872 possit
321 789 456 867 auterre,
481 787 536 850 boo
552 786 599 852 dei
616 807 689 872 opos
709 807 743 850 ao
760 787 910 871 negotium
928 797 990 865 est,
1014 786 1090 870 quod
1108 807 1210 850 omnes
1224 805 1294 852 mou
1308 807 1342 853 ss.

62 889 168 972 regiam
185 889 221 954 ad
238 889 519 954 administrationem
542 901 719 975 congregat,
742 889 859 954 velute
882 889 955 952 mari
974 908 1146 973 purpuram,
1170 889 1213 954 la·

63 1013 120 1055 nam
137 1011 181 1056 ex
195 991 316 1071 ovibus,
340 993 430 1056 linum
454 1003 589 1072 eterra,
612 992 732 1078 byssum
751 992 896 1072 sericum,
922 991 1085 1055 rubricatas
1107 991 1210 1077 pelles,

62 1093 216 1179 pretiosum
229 1095 367 1181 lapidem,
386 1095 584 1180 smaragdum,
609 1095 759 1176 unionem,
783 1095 929 1174 aulantem,
954 1094 1064 1179 lapides
1080 1094 1211 1180 inquam,

63 1197 120 1280 qui,
145 1197 201 1261 etsi
224 1197 370 1262 coloribus
394 1197 546 1277 differant,
570 1198 664 1282 pretio
689 1209 784 1262 tamen
808 1197 946 1282 aequales
972 1208 1052 1260 snut.
1098 1195 1158 1262 Sed
1182 1207 1213 1261 et

61 1321 157 1363 aurum
177 1310 208 1364 et
224 1311 394 1385 argentum,
419 1311 450 1364 et
464 1301 633 1384 incorrupta
648 1300 738 1386 ligna,
762 1321 814 1366 aes
832 1309 919 1384 atque
934 1301 1056 1378 serrum,
1081 1301 1212 1384 adeoque

63 1423 93 1465 ne
109 1403 250 1488 caprinos
266 1402 381 1489 quidem
401 1403 475 1489 pilos
492 1404 637 1487 repudiat.
677 1403 776 1488 Atque
794 1401 937 1467 eiusmodi
953 1403 1097 1486 quondam
1117 1403 1213 1466 tuber-

61 1506 190 1570 naculum
214 1505 285 1586 luit,
308 1528 387 1570 nuno
404 1516 501 1570 autem
519 1505 699 1570 tabernaculi
725 1508 828 1570 domus
851 1506 879 1570 in
903 1506 958 1570 deo
977 1505 1123 1585 stabilita,
1148 1507 1213 1569 lun·

61 1607 221 1672 dementum
249 1611 312 1672 eius
339 1609 369 1672 in
396 1609 505 1674 uirtute
536 1607 682 1672 consistit.
727 1605 915 1693 Proindeque
942 1608 1058 1671 desinat
1080 1607 1213 1672 haeresis

60 1711 162 1790 omnis,
188 1731 263 1796 quae
279 1723 382 1777 eontra
399 1713 552 1777 veritatem
569 1711 708 1796 insurgit,
732 1711 781 1777 vel
796 1711 922 1796 seipsam
940 1711 1037 1797 potius
1053 1730 1071 1774 a
1086 1710 1213 1774 veritate

59 1824 201 1880 removet.

138 1915 239 2002 Atque
255 1916 328 1982 bueo
345 1917 498 1983 haetenus.
543 1913 634 1982 Nune
651 1927 839 2003 posteaquam
865 1915 1019 2002 superbam
1043 1915 1117 1980 bano
1131 1916 1213 2002 nipe·

59 2037 134 2098 rau,
159 2019 282 2106 perinde
297 2042 332 2084 ao
349 2021 495 2107 serpentis
511 2039 605 2105 genus
621 2019 710 2099 illud,
735 2020 811 2105 quod
831 2020 956 2084 iaculum
976 2030 1074 2098 vooat,
1099 2031 1150 2084 uut
1170 2031 1215 2107 ty·

58 2121 188 2208 pblopem
205 2123 254 2187 vel
270 2143 436 2210 myagrum,
461 2123 557 2188 oruois
573 2118 652 2207 ligno
668 2123 866 2209 percussimus
882 2145 915 2187 ao
931 2121 1114 2208 reliquimus,
1139 2143 1214 2208 quae

59 2223 170 2307 quidem
188 2237 359 2312 serpentum
376 2245 487 2311 genera
502 2245 560 2289 uon
576 2235 633 2288 tam
650 2228 798 2311 praesenti
814 2247 930 2292 veneno
946 2236 1026 2304 sunt,
1052 2245 1154 2290 verum
1172 2237 1215 2290 ta·

58 2347 121 2391 men
141 2338 201 2392 tam
219 2329 256 2392 ob
276 2349 377 2394 eorum
396 2328 597 2414 perniuitatem
622 2348 706 2412 quam
729 2321 914 2394 insolentiam
937 2339 966 2393 et
989 2329 1212 2392 circulationem

59 2429 91 2493 ad
104 2431 320 2496 baereticorum
332 2431 447 2496 illorum
460 2431 618 2517 perniciem
631 2431 849 2516 significandam
862 2434 1013 2496 commode
1026 2431 1211 2516 adhibentur,

59 2534 250 2620 oontemptis,
280 2534 416 2620 inquam,
448 2531 507 2598 illis
532 2543 564 2597 et
589 2532 712 2600 abieotis
738 2535 773 2599 ad
799 2534 929 2619 retiquae
952 2535 1092 2600 haereses
1116 2545 1213 2599 trans·

57 2653 170 2700 eamus.

313 2875 539 2954 cunrat
565 2877 970 2972 sannntlnnuS,

365 2997 514 3074 haeresis
538 2997 673 3093 xant,
698 2995 769 3076 sira
795 2998 908 3076 LXII.

138 3149 211 3217 Non
229 3149 328 3216 multis
346 3149 452 3214 ablrlno
475 3149 561 3215 anuis
579 3148 725 3216 Sabellius
749 3152 863 3237 quidam
889 3153 1056 3217 haereticus
1080 3152 1212 3232 emersit,
1234 3157 1294 3228 cap.
1313 3157 1332 3209 t.

56 3255 163 3341 quippe
178 3275 286 3319 reeens
302 3253 352 3318 ille
370 3265 428 3334 estq
452 3274 545 3339 aquo
563 3251 725 3319 Sabelliani
738 3256 862 3341 proleoti
879 3267 958 3319 sunt.
1005 3251 1064 3338 Qui
1085 3255 1212 3340 quidem,

54 3356 157 3440 paneis
181 3356 354 3442 quibusdam
375 3355 527 3443 exeeptis,
551 3356 652 3421 eadem
670 3379 736 3422 oum
751 3355 910 3423 Nodtiarris
932 3359 1070 3422 asseruit.
1116 3358 1216 3443 Atque

54 3457 139 3522 buius
165 3469 267 3523 seetue
290 3459 405 3544 plurimi
429 3480 494 3524 eum
519 3459 550 3523 in
568 3457 803 3548 Mesopotamia,
827 3471 886 3526 tum
908 3459 1023 3526 llomue
1045 3472 1213 3541 versantur,

54 3563 179 3626 vesania
201 3561 324 3647 quadam
348 3561 463 3647 perolti.

139 3662 257 3728 Horum
275 3663 348 3729 baeu
363 3665 462 3751 opinio
477 3675 539 3729 est:
563 3662 698 3730 Eundem
715 3685 782 3730 esse
800 3677 923 3751 patrem,
946 3667 1091 3747 etlilium,
1111 3677 1141 3730 et
1155 3665 1214 3751 spi·

53 3767 142 3831 titum
165 3777 318 3848 anetum,
341 3777 374 3832 ut
395 3768 430 3831 ad
455 3768 578 3832 eandem
597 3767 767 3853 hypostasin
789 3778 849 3833 tres
870 3771 1081 3856 appellationes
1104 3789 1214 3834 eonve-

52 3869 149 3934 uiaut.
197 3869 261 3934 Aut
277 3869 398 3955 perinde
415 3879 502 3954 atque
518 3870 547 3934 iu
566 3891 624 3934 uno
641 3871 758 3934 bomine
776 3892 899 3958 eorpus,
923 3885 954 3938 et
968 3873 1080 3953 anima,
1105 3883 1136 3936 et
1154 3873 1212 3957 spi·

50 3971 128 4038 ritus
144 3971 238 4036 inest.
283 3969 328 4036 ltu
343 3983 375 4036 ut
395 3971 527 4058 eorporis
545 3972 641 4037 instar
657 3973 697 4036 sit
713 3982 813 4057 pater,
838 3978 953 4038 animae
976 3974 1068 4053 lilius,
1093 3973 1212 4058 spiritus

51 4075 186 4160 denique
202 4074 231 4138 iu
246 4074 310 4160 ipsa
325 4074 479 4139 divinitate
495 4075 613 4140 humani
632 4074 751 4160 spiritus
768 4075 861 4139 instar
881 4075 1033 4140 habeatur.
1080 4074 1165 4159 Quod
1184 4085 1214 4141 et

50 4177 125 4243 solis
146 4175 338 4242 similitudine
361 4178 526 4259 deelarant,
550 4179 580 4242 iu
599 4197 656 4263 quo
672 4197 737 4240 oum
755 4196 812 4242 una
834 4178 874 4242 sit
896 4175 1080 4265 hypostasis,
1104 4179 1213 4265 triplex

50 4280 247 4346 nibilominus
264 4292 348 4346 aetus
367 4291 425 4362 est,
449 4281 584 4346 nimirum
601 4279 767 4346 illustrandi
783 4279 828 4347 ris
843 4291 874 4346 et
890 4279 1092 4364 ealelaoieudi,
1117 4293 1147 4346 et
1164 4303 1213 4347 or·

49 4403 116 4454 titas
129 4396 466 4468 summasunmna
479 4417 544 4455 mur
554 4405 620 4455 baud
653 4399 748 4470 priscis.

48 4473 238 4536 &must
274 4473 416 4524 cummim:
430 4469 552 4524 Sabellius
562 4471 620 4540 qui-
686 4471 711 4526 2.
727 4472 834 4538 tatanus
850 4465 870 4540 ni
887 4469 990 4540 bso'tnu.

49 4538 108 4590 dam
134 4537 245 4590 meruit
265 4537 292 4590 iu
311 4537 464 4607 temporibus
480 4557 532 4594 nou
555 4539 620 4592 adeo

102 4623 202 4679 arpo·
213 4611 435 4669 emmaus
969 4635 1008 4696 14
