3116 4934
320 239 383 304 202
744 253 1052 308 ειαοτιτειειιιιιιι

319 377 476 444 κοινωνοῖς
492 371 652 453 ἐχρήσαντο
671 367 719 448 άν,
742 368 852 446 εἰδότες
866 369 992 437 ἑκάστου
1007 370 1042 438 τό
1059 373 1164 458 μέτρον
1179 375 1231 438 καί
1246 371 1302 456 τόν
1317 372 1408 451 τάξιν.
1442 371 1474 438 Ἠ

320 469 376 556 γάρ
390 479 446 537 τοῦ
462 480 538 536 θεοῦ
552 480 625 548 ναῦς
640 471 737 538 πάντα
752 472 896 556 ἐπιβάτην
911 476 1034 557 δέχεται,
1056 478 1122 557 δίχα
1136 482 1252 564 ληστοῦ.
1286 481 1406 541 Γνοῦσα
1420 473 1473 561 γάρ

321 573 429 662 ληστήν
445 577 495 640 καὶ
519 575 675 659 πειρατήν,
695 582 803 642 τοῦτον
825 572 880 642 οόιι
900 579 1069 659 είςδέχεται,
1093 575 1161 642 οῦδὲ
1183 577 1318 664 φυγάδα,
1340 581 1394 643 ιιαί
1416 576 1472 643 άπό

321 683 381 741 τῶν
399 679 482 743 ίδίων
500 681 651 744 δεσποτῶν
666 675 873 761 άφηνιάζοντα.
923 678 1011 745 Οίίτω
1027 681 1079 744 καί
1092 676 1113 762 ἡ
1127 677 1196 765 άγία
1211 688 1265 746 τοῦ
1279 687 1356 746 θεοῦ
1373 683 1473 763 διειλη-

321 783 371 843 σία
394 777 432 846 ον’
452 782 562 862 δέχεται
578 785 735 862 πορνείαν,
763 778 801 845 οῦ
820 782 930 863 δέχεται
952 786 1099 864 μοιχείαν,
1128 780 1166 847 οό
1189 784 1299 866 δέχεται
1321 785 1474 866 ἒπαρνησι-

319 886 422 960 θείαν,
446 881 516 948 οῦδὲ
532 881 602 958 τοός
619 881 801 959 άθετοῦντας
816 881 870 966 τήν
888 887 1060 949 δεσποτείαν
1076 891 1130 968 τῆς
1145 891 1198 951 τοῦ
1213 893 1289 951 θεοῦ
1306 885 1473 962 διατάξεως,

320 985 370 1050 καί
385 991 446 1049 τῶν
461 983 554 1050 αότοῦ
571 982 758 1063 άτιοστόλων,
779 987 891 1068 δέχεται
911 986 942 1050 δέ
964 985 1016 1051 τόν
1033 987 1085 1067 μὲν
1103 987 1135 1052 έν
1154 986 1264 1076 μεγάλη
1281 993 1473 1075 πραγματείᾳ,

318 1084 371 1152 τόν
388 1087 421 1151 δὲ
438 1089 470 1152 ἒν
486 1091 621 1176 ἐμπειρίᾳ
637 1093 797 1166 ναυτίλων,
819 1087 871 1154 τόν
885 1088 918 1153 δέ
934 1088 1118 1174 κυβερνήτην
1133 1092 1185 1155 καί
1206 1088 1387 1171 ἐπιστήμονα
1393 1139 1402 1167 ,
1425 1089 1475 1154 τόν

320 1189 353 1254 δὲ
373 1192 404 1254 έν
418 1199 570 1279 πρωρικῇ,
593 1189 646 1254 τόν
664 1191 696 1255 δὲ
717 1193 749 1256 ἒν
764 1188 901 1279 πρύμνη,
924 1193 1027 1274 έχοντα
1045 1190 1079 1256 τό
1098 1189 1307 1276 ἐμπειρότατον
1327 1198 1380 1273 τῆς
1402 1189 1473 1256 άπο·

319 1299 449 1372 σκοπῆς,
472 1291 524 1358 τόν
541 1293 572 1356 δέ
587 1294 619 1357 ἒν
635 1295 729 1380 μέτρῳ
746 1293 805 1357 τινί
820 1289 1008 1368 ὑποστάσεως
1028 1295 1079 1359 καί
1101 1293 1232 1376 ένθιίκης
1252 1291 1340 1372 όντα,
1369 1291 1423 1358 τόν
1443 1295 1474 1358 δὲ

319 1397 371 1460 καί
390 1397 445 1471 ἕως
461 1401 514 1461 τοῦ
533 1396 707 1478 διαπεράσαι
724 1393 833 1478 μόνον,
862 1396 914 1460 καί
932 1394 971 1478 μή
994 1398 1026 1462 ἐν
1042 1396 1179 1485 θαλάσση
1196 1401 1473 1477 καταποντωθῆναι.

322 1498 384 1562 Καὶ
401 1494 438 1562 οῦ
454 1496 573 1572 πάντως
589 1495 636 1562 ότι
656 1495 690 1562 τό
706 1495 746 1580 μή
763 1504 892 1562 τοσαῦτα
907 1501 1074 1587 κεκτημένῳ
1089 1496 1144 1581 τήν
1158 1503 1305 1581 σωτηρίαν
1327 1495 1365 1564 οδ
1385 1499 1474 1582 παρέ-

320 1623 378 1684 χει,
403 1597 461 1664 ἄλλ’
477 1595 541 1664 οίδε
558 1599 612 1681 μέν
627 1598 741 1675 πάντας
755 1597 871 1678 σοι’ζειν,
893 1601 1018 1666 ἕκαστον
1033 1602 1065 1666 δὲ
1079 1599 1154 1666 κατά
1169 1599 1222 1683 τὴν
1242 1603 1320 1665 ἰδίαν
1341 1625 1474 1686 πραγμα·

320 1705 399 1766 κείαν
414 1704 465 1767 καί
481 1707 634 1786 σωτηρίαν.
673 1704 733 1765 Καὶ
749 1701 847 1766 πόθεν
860 1705 892 1767 σί
904 1704 934 1779 έξ
952 1705 1050 1778 οἰκίας
1064 1711 1119 1768 τοῦ
1136 1707 1285 1788 Καίσαρος
1298 1699 1474 1780 άσπάζονται

322 1803 404 1888 παρά
424 1812 466 1893 τῷ
492 1803 659 1894 άποστόλῳ,·
687 1804 786 1870 πόθεν
808 1805 840 1870 δέ
856 1811 896 1892 τῷ
915 1802 1071 1894 άποστόλςο
1090 1803 1123 1870 τό
1145 1807 1315 1888 εἰρημένον,
1335 1803 1385 1884 τό,
1405 1801 1475 1868 Ἐάν

320 1911 424 1998 νομίζῃ
443 1905 616 1990 άσχημονεῑν
634 1908 681 1972 έπί
701 1906 756 1989 τόν
774 1910 853 1972 ἰδίαν
872 1908 1042 1991 παρθένον,
1068 1909 1120 1972 καί
1140 1907 1237 1983 οὕτως
1258 1905 1369 1987 ὀφείλω
1390 1913 1476 1988 ποιῆ-

321 2032 384 2087 σαι,
407 2015 549 2095 γαμείτω,
573 2007 626 2091 οόχ
644 2006 811 2093 άμαρτάνει.
859 2007 922 2074 ofin
945 2007 1028 2085 ἐκτός
1052 2011 1084 2092 δὲ
1104 2015 1231 2095 λουτροῦ
1256 2007 1381 2074 δόναται
1403 2018 1474 2092 πλη-

320 2118 395 2198 ροῦν
408 2110 442 2177 τό
465 2110 519 2194 οὐχ
542 2108 727 2195 άμαρτάνειν.
771 2114 814 2176 Et
834 2111 890 2196 γάρ
912 2111 1190 2203 πάντες,ἥμαρτον,
1219 2113 1267 2176 καί
1284 2108 1475 2194 ὑστεροῦνται

321 2221 374 2296 τῆς
388 2212 478 2296 δόξης
494 2221 548 2279 τοῦ
564 2220 656 2292 θεοῦ,
679 2213 879 2296 δικαιούμενοι
897 2213 1011 2299 δωρεάν
1028 2221 1063 2304 τῇ
1087 2213 1198 2299 χάριτι,
1220 2217 1311 2296 δῆλον
1335 2211 1386 2278 διά
1407 2223 1475 2278 λου·

321 2323 392 2402 τροῦ
416 2320 642 2402 παλιγγενεσίας.
692 2314 731 2381 Τό
757 2315 813 2401 γάρ
841 2316 967 2401 λουτρόν
993 2316 1138 2399 ἐκόσμησε
1162 2315 1218 2399 τὴν
1240 2314 1344 2399 ψυχὴν
1369 2318 1423 2380 καί
1443 2316 1476 2381 τό

320 2427 420 2503 σῶμα,
457 2417 629 2485 άπολοόσαν
653 2425 714 2483 πᾶν
737 2416 894 2503 άμάρτημα
920 2415 969 2484 διά
993 2423 1155 2501 μετανοίας.
1200 2416 1279 2504 ’Ἆρα
1299 2443 1332 2502 γε
1353 2421 1405 2484 καί
1428 2421 1476 2484 έπί

320 2521 373 2605 τὴν
391 2515 484 2588 οὖσαν
505 2523 659 2607 παρθένον
676 2519 709 2587 τό
725 2521 851 2606 χάρισμα
866 2520 1038 2604 έφήπλωται
1051 2528 1106 2587 τοῦ
1120 2525 1338 2604 βαπτίσματος,
1360 2523 1413 2585 καί
1429 2521 1477 2586 έπί

215 2711 220 2726 Ι
320 2623 374 2707 τὴν
385 2623 441 2690 οῦκ
456 2617 548 2690 οὖσαν
561 2626 725 2708 παρθένον,
750 2622 828 2689 2έάν
841 2629 1057 2710 σφραγίζεσθαι
1069 2627 1228 2708 ἐπείγηται,
1251 2619 1300 2688 διά
1312 2622 1346 2687 τό
1358 2622 1475 2710 άβαρές.

244 3077 250 3090 ·
282 3037 299 3091 '·
403 3033 494 3098 Ἀλλά
513 3033 555 3117 μή
570 3059 647 3110 τινες
661 3033 749 3100 πάλιν
766 3031 978 3117 όδαρευόμενοι
994 3037 1170 3115 νομίσωσιν,
1193 3030 1245 3098 έάν
1266 3035 1397 3114 είπωμεν
1412 3032 1478 3116 περί

320 3139 492 3222 παρθένου,
516 3135 705 3214 διατάξαντας
720 3143 773 3202 τοῦ
790 3131 958 3202 άποστόλου
975 3133 1008 3201 τό
1026 3143 1133 3221 γῆμαι,
1156 3133 1196 3218 μη
1213 3135 1268 3217 τὴν
1282 3133 1362 3211 άπαξ
1380 3131 1479 3218 όρίσα·

321 3262 376 3309 σαν
389 3246 591 3326 παρθενεῦσαι
604 3246 669 3328 θεῷ
681 3237 867 3304 κατασπάσαι
883 3245 938 3304 τοῦ
953 3241 1032 3304 ίδίου
1045 3235 1159 3323 δρόμον
1173 3236 1355 3320 βουλόμενος
1370 3235 1389 3302 ό
1405 3233 1477 3302 άπό·

320 3351 422 3418 στολος
437 3349 530 3406 ταῦτα
544 3341 703 3418 διετάξατο.
738 3338 784 3406 Οό
798 3337 854 3425 γάρ
870 3342 938 3426 περί
951 3339 1065 3406 τοότων
1081 3336 1100 3406 ό
1114 3339 1213 3425 λόγος,
1236 3337 1306 3403 άλλά
1321 3341 1392 3424 περί
1405 3365 1479 3422 παρ-
1546 3361 1547 3366 ’

320 3443 417 3511 θένων
432 3441 627 3527 όπεράκμων,
651 3451 709 3509 τῶν
727 3441 764 3510 σά
784 3440 834 3507 διά
853 3447 1022 3526 παρθενίαν
1037 3445 1069 3508 έν
1084 3449 1120 3531 τῇ
1136 3439 1218 3530 άκμῇ
1236 3448 1479 3524 παραμεινασῶν,

321 3546 392 3612 άλλά
407 3545 456 3613 διά
475 3544 508 3611 τό
525 3544 708 3630 η’πορηκέναι
727 3543 844 3629 άνδρῦν
862 3543 938 3630 πρός
956 3544 1060 3629 γάμον.
1103 3543 1157 3621 Ἐξ
1173 3542 1330 3610 Ἰουδαίων
1350 3541 1408 3627 γάρ
1432 3541 1480 3627 όρ·

321 3649 452 3733 μτόμενοι
469 3654 500 3716 οί
514 3649 683 3727 άπόστολοι,
706 3650 757 3713 καί
773 3646 848 3712 κατά
864 3645 918 3713 τόν
933 3647 1027 3730 νόμον
1043 3645 1294 3730 πολιτευσάμενοι,
1316 3643 1371 3726 τήν
1387 3643 1482 3728 άρχήτ

198 3787 248 3832 μσς.
262 3778 308 3823 σεο.
322 3761 376 3818 τοῦ
392 3752 580 3838 κηρύγματος
596 3749 773 3832 ἐποιήσαντο
788 3759 914 3831 θεσμοῖς
928 3752 971 3815 ἔτι
989 3747 1178 3831 κατεχόμενοι
1198 3758 1261 3824 τοῖς
1276 3750 1308 3814 ἒν
1326 3754 1368 3834 τῷ
1385 3747 1480 3834 νόμῳ,

320 3853 357 3921 οό
373 3855 447 3920 κατά
462 3855 515 3938 τὴν
528 3853 639 3937 σαρκός
654 3857 815 3930 δικαίωσιν,
839 3850 909 3916 άλλά
922 3850 998 3916 κατά
1011 3850 1066 3934 τήν
1083 3854 1190 3934 ἐμμελῆ
1202 3857 1256 3918 τοῦ
1269 3848 1367 3932 νόμου
1382 3846 1479 3930 άσφά-

320 3966 401 4022 λειαν
425 3960 476 4022 καί
501 3957 726 4041 άκριβολογίαν..
764 3959 948 4036 Θανμαστῶς
973 3950 1172 4036 ἐκήρυττεν-ό
1194 3951 1285 4035 νόμος
1308 3950 1350 4034 μή
1372 3957 1481 4018 δοῦναι

321 4057 374 4134 τάς
397 4061 566 4144 θυγατέρας
587 4057 708 4143 Ἰσραιίλ
732 4067 794 4133 τοῖς
816 4055 1005 4136 άλλοφάλοις,
1028 4059 1078 4120 ἵνα
1096 4054 1138 4137 μὴ
1153 4052 1364 4121 άποπλανῦσιτ
1387 4051 1482 4129 αὐτάς

322 4161 373 4226 ἐπί
387 4160 422 4223 τά
442 4165 554 4227 ιίδωλα.
590 4161 737 4236 Ἕκαστος
753 4165 855 4226 τοίνυν
871 4165 930 4226 τῶν
951 4156 1170 4224 πιστευσάντων
1188 4155 1254 4224 τότε
1273 4157 1481 4240 προςετάττετο

354 4349 379 4400 2.
398 4347 440 4402 ἐάν
456 4365 514 4416 σφρ.
530 4349 662 4418 ἐπείγηται
676 4365 725 4414 ιςο.
760 4352 826 4400 Libri
839 4353 882 4400 ίιο-
918 4352 1046 4401 comorius
1060 4353 1141 4400 υαίίίι
1167 4377 1219 4412 „-·
1235 4363 1365 4414 ετροειιιια
1382 4358 1437 4406 εει,
1456 4357 1483 4396 et

321 4423 373 4470 λιταί
394 4417 513 4481 παρθένον
537 4435 629 4486 σφραγ.
651 4417 783 4484 ἐπείγεται.
823 4411 883 4482 ἥτις
915 4415 941 4466 in
957 4435 1025 4476 enm,
1049 4433 1112 4485 quae
1129 4433 1179 4467 non
1196 4427 1234 4468 εει
1251 4415 1335 4482 virgo,
1363 4414 1484 4466 concludi

322 4485 507 4555 σφραγίζεσὲαι
515 4483 641 4554 ἐπείγεται
650 4489 881 4538 mmmmm
917 4484 1036 4546 festinat,
1054 4484 1170 4553 eoquod
1187 4501 1263 4551 grave
1280 4500 1329 4534 αοιι
1349 4493 1416 4536 est-‘⁴
