3176 4930
372 241 507 296 rausum
525 243 589 294 ιιι.
606 243 639 294 11.
657 243 738 294 ron.
754 243 774 292 t.
792 241 999 294 utentior.
1205 227 1264 294 abt
1362 223 1364 241 '

107 362 176 448 geri
198 359 413 446 instaurarique
438 363 548 448 possit,
573 362 791 428 exundantibus
811 363 932 426 bemmis
951 361 1088 424 incendio
1104 361 1268 446 conflagra-

108 465 172 543 bit,
197 485 256 527 noo
280 473 377 528 mmea
398 463 529 529 interibit
544 486 579 528 ac
594 475 798 550 corrumpetur
818 459 949 527 omniuo.
995 461 1113 526 Etenim
1136 464 1161 528 si
1184 485 1268 527 mun·

108 569 178 632 dum
196 589 254 631 nou
272 587 339 630 esse
357 588 443 650 qoam
462 587 529 630 esse
548 567 651 634 melius
668 580 732 647 est,
757 588 810 632 cur
827 567 902 652 quod
923 565 1052 628 deterius
1070 576 1117 628 est
1131 567 1267 630 mundum

110 667 283 734 fabricando
307 671 379 733 deus
402 669 580 754 eligeretur
603 671 713 733 frustra
730 691 803 755 opus
825 668 895 732 illud
918 668 1114 754 produceret?
1158 666 1268 750 Qrtam·

109 771 212 836 obrem
228 782 261 834 ut
277 782 379 836 essent
396 793 431 836 ac
454 782 625 849 manerent,
649 772 780 835 conditas
797 794 813 835 a
832 791 865 834 se
883 791 933 836 res
950 771 1022 834 beas
1046 769 1215 848 constituit,
1239 769 1268 832 it

108 874 187 958 quod
208 869 362 959 Sapientia
387 874 540 937 coufirmat
561 874 611 936 bis*
630 873 746 938 verbis:
777 879 892 937 Creaeit
912 878 984 935 enim
1007 885 1039 934 nt
1060 877 1408 945 caeterorummetum.

107 979 195 1050 deus,
220 988 248 1037 et
265 979 408 1038 salutares
427 987 497 1038 stent
518 981 618 1038 mundi
633 982 847 1056 generenam,
877 997 928 1038 nec
948 988 993 1038 est
1014 980 1044 1038 r'n
1067 979 1127 1038 t'llr's
1148 979 1268 1038 medica-

106 1089 230 1140 mentum
245 1083 336 1140 acini.
382 1075 438 1142 Cui
457 1088 488 1142 ct
505 1077 660 1163 perspicue
677 1076 787 1143 Paulus
802 1077 1006 1163 adstipulatur,
1031 1079 1099 1142 dum
1117 1079 1159 1141 ita
1177 1076 1269 1161 loqui·

107 1191 177 1245 tur:
201 1185 274 1244 Nam
292 1185 451 1262 expectabit
465 1193 616 1244 creaturae
629 1185 825 1244 revelationem
840 1184 974 1261 filioram
990 1185 1039 1244 dei
1048 1193 1195 1262 espectet:
1220 1203 1269 1242 aa·
1283 1197 1376 1253 asma,
1391 1199 1422 1242 ιι.

106 1287 197 1346 nitati
219 1288 292 1346 enim
316 1296 450 1346 amatura
468 1285 594 1374 subiecta
617 1295 675 1358 est,
706 1307 762 1346 non
786 1287 896 1360 ualens,
927 1289 978 1346 sed
996 1296 1115 1365 propter
1136 1305 1197 1346 eam
1220 1289 1272 1365 qai

107 1387 231 1447 subruit
243 1407 303 1448 eam
323 1391 352 1448 t'n
368 1407 433 1467 spe,
458 1390 533 1467 qnod
551 1391 655 1467 etipsa
672 1399 805 1448 ereatura
824 1388 993 1448 liberabitur
1014 1393 1184 1449 aseruitate
1205 1409 1269 1448 eor-
1351 1455 1354 1460 ,

108 1491 254 1568 ruptionis
266 1492 306 1573 ‚rit
328 1489 484 1550 [ubertatem
504 1491 617 1568 glareae
633 1491 767 1569 filrbram
785 1493 848 1552 dei:
874 1494 1002 1551 Vanitati
1014 1494 1116 1570 quippe
1136 1501 1269 1552 ereatura

106 1591 236 1652 sube‘emn
252 1602 312 1664 est,
336 1589 389 1653 ait.
435 1589 483 1654 Ab
511 1591 564 1654 bac
587 1612 676 1676 porro
699 1591 842 1655 servitute
867 1591 1020 1654 liberatum
1045 1592 1080 1654 iri
1104 1603 1267 1654 creaturam

109 1702 268 1777 expectem
292 1713 349 1776 quo
367 1691 484 1756 nomiae
502 1693 639 1756 muudum
658 1693 734 1756 boue
754 1693 921 1777 siguificare
938 1693 1052 1757 voluat.
1097 1690 1167 1756 Nou
1190 1693 1268 1756 euim

10 1809 11 1812 ’
108 1815 185 1878 quise
204 1793 297 1859 vicari
322 1807 487 1879 nequeunt,
518 1795 569 1858 sed
594 1795 667 1858 baec
688 1815 761 1879 quae
784 1795 972 1881 aspectabilis
994 1805 1064 1858 suot
1084 1795 1269 1880 corruptelae

106 1896 257 1960 serviunt.
301 1893 406 1960 Meum
424 1895 513 1980 igitur
537 1908 673 1960 ereatura
696 1896 847 1962 meliorem
870 1897 898 1960 io
922 1906 1030 1960 statum
1055 1898 1270 1961 decentiorem·

107 2018 167 2084 que
186 2009 346 2076 renovata,
371 2000 591 2062 resurrectione
606 2011 726 2085 propter
743 2001 789 2063 ulei
807 1999 882 2063 lilios
903 1999 1035 2084 gaudeus
1058 2011 1088 2063 et
1110 1999 1267 2077 exultares

107 2121 235 2186 qaorum
250 2101 347 2185 gratia
362 2106 523 2182 mgemesm't
536 2113 565 2164 et
583 2107 715 2182 parturit
728 2107 825 2176 modo,
852 2092 1083 2187 redemptionem
1099 2112 1229 2166 cosmam
1252 2123 1269 2163 a

109 2203 303 2288 corruptione
318 2203 381 2286 ipsa
399 2203 532 2288 corporis
549 2214 729 2288 expectans,
754 2215 786 2267 ut
803 2226 869 2268 cum
884 2226 939 2268 uos
954 2226 972 2266 a
988 2203 1111 2270 mortuis
1129 2204 1271 2268 locamus

107 2305 234 2370 excitati
255 2327 290 2369 ac
314 2306 518 2370 mortalitatem
542 2305 641 2370 coritis
664 2307 903 2384 excusserimus,
937 2328 989 2393 pro
1012 2327 1105 2370 eoae
1128 2307 1268 2392 scriptum

109 2418 175 2488 est,
198 2412 312 2472 Exorata
333 2411 475 2489 puluerem
498 2421 527 2471 et
548 2431 704 2490 consurge,
728 2414 794 2472 sede
813 2413 983 2484 Ierusalem,
1016 2431 1140 2494 cumque
1162 2432 1179 2472 a
1203 2431 1270 2495 pec·
1283 2431 1409 2486 tarnat

109 2521 178 2576 cato
205 2510 331 2574 libertati
356 2510 516 2588 lacrimas,
545 2511 773 2596 acorruptioue
800 2511 863 2597 ipsa
888 2531 1003 2596 quoque
1030 2511 1184 2589 liberetur,
1215 2530 1270 2574 neo

108 2616 170 2678 iam
187 2612 327 2692 variati,
350 2613 401 2676 sed
418 2613 546 2678 iustitiae
562 2614 684 2679 serviat.
731 2619 842 2680 Sminas
857 2618 930 2678 enam
945 2617 1020 2695 qaod
1033 2619 1123 2676 omnm
1136 2625 1269 2677 mentm
1283 2629 1377 2688 nome,
1390 2630 1423 2676 aa

108 2719 287 2796 regembrat,
318 2727 348 2776 et
364 2721 493 2796 parturit
515 2737 603 2798 usqae
622 2721 731 2779 adbuc:
763 2739 819 2779 non
844 2719 934 2778 sobam
955 2727 1065 2791 autem,
1098 2721 1149 2779 sed
1169 2729 1199 2780 et
1217 2739 1269 2780 nos

104 2823 256 2900 praealtas
277 2821 396 2898 spiritus
414 2819 564 2894 babentes,
589 2831 619 2880 et
632 2824 690 2901 ipsi
704 2825 733 2882 in
750 2821 831 2882 nobr's
852 2823 922 2900 ipses
934 2825 1065 2899 gemenas
1080 2824 1265 2901 adoptabnem,

108 2932 293 3002 aspectantes
307 2923 522 3001 redemptionem
536 2929 665 3004 corporis
679 2927 780 2984 nostri.
829 2917 873 2984 lta
892 2931 922 2985 et
940 2919 1062 2986 Esaiam
1088 2926 1378 3002 commaneamus,
1390 2913 1445 2986 aa‘

108 3026 178 3086 dam
193 3028 281 3097 enam,
306 3021 417 3107 iuquit,
442 3027 549 3086 eoelum
562 3046 662 3086 norum
678 3037 710 3087 et
725 3037 803 3086 terra
820 3045 908 3098 neoc,
932 3047 1004 3106 qaae
1021 3047 1074 3104 ego
1089 3028 1182 3106 facab,
1210 3047 1269 3088 ma-

108 3138 182 3188 nent
198 3147 294 3188 coram
313 3147 374 3200 me,
397 3129 470 3188 debit
481 3131 626 3201 domebus,
656 3132 699 3190 sic
719 3133 776 3190 erit
791 3149 883 3190 semen
900 3139 1038 3202 cestram,
1062 3139 1094 3190 et
1107 3151 1207 3190 nomen
1223 3151 1270 3193 oe·

107 3242 215 3291 emam.
261 3229 308 3292 Ac
323 3245 458 3292 rursum:
482 3233 533 3292 Sic
549 3233 620 3292 decr‘t
632 3234 759 3294 domabas
775 3235 827 3311 qni
836 3233 914 3312 serit
928 3233 1034 3292 coetae
1043 3275 1052 3304 ,
1076 3233 1123 3292 lr'c
1140 3236 1192 3312 pai
1211 3243 1268 3293 ter—
1281 3248 1377 3306 tmtss,
1389 3249 1421 3294 ta

108 3353 175 3394 ram
192 3335 333 3405 condriiit,
357 3343 386 3392 et
398 3333 476 3413 serait
490 3335 585 3396 illam:
615 3337 674 3413 ipse
691 3337 826 3395 aboreor't
838 3335 932 3405 t'llam,
957 3355 1013 3396 non
1030 3337 1060 3394 in
1078 3355 1195 3410 mam,
1219 3338 1271 3396 sea

109 3449 145 3497 at
167 3435 321 3497 babitetnr.
367 3431 444 3497 Nam
462 3453 566 3496 revera
586 3456 644 3497 uon
663 3436 770 3499 frustra
788 3445 875 3518 atque
894 3433 1024 3498 inaniter
1042 3439 1072 3498 et
1091 3435 1128 3500 atl
1145 3435 1270 3500 exitium

109 3557 152 3601 ex
173 3535 421 3622 ineptissimarum
439 3535 586 3600 bominum
604 3537 742 3622 opinione
766 3546 857 3600 totum
876 3536 930 3600 boe
949 3537 1120 3601 uuiversum
1143 3538 1271 3601 coadidit

111 3640 205 3718 deos,
236 3639 287 3701 sed
314 3650 346 3702 ot
370 3649 468 3718 esset,
499 3649 529 3702 et
554 3639 751 3718 habitaretur,
780 3649 866 3723 atque
891 3649 1087 3724 permaneret.
1134 3638 1218 3704 Unde
1240 3650 1271 3702 et

109 3753 223 3806 terram
243 3761 366 3806 neccsse
386 3751 477 3805 estet
494 3741 606 3806 eoelum
625 3742 783 3826 postillam
802 3763 901 3806 rerum
918 3742 1046 3807 omnium
1066 3740 1270 3824 conflagratio·

109 3865 183 3912 aeut
204 3854 292 3928 atque
315 3855 429 3908 aestum
451 3844 594 3909 existere.
641 3841 705 3910 Gor
723 3855 820 3909 autem
838 3845 879 3908 ita
899 3845 962 3908 lieri
983 3865 1107 3908 necesse
1126 3845 1180 3923 sit,
1205 3844 1269 3909 loo·

107 4001 179 4048 tuam
215 3999 268 4048 Vre.
282 3997 324 4050 aba
339 4002 485 4051 menatae
503 4001 566 4050 abest
584 4013 600 4049 a
616 4002 675 4050 Gut-
746 3997 783 4048 15.
802 4013 895 4064 φησιν,
912 3991 929 4050 ἃ
945 3994 997 4064 ἐγώ
1011 3999 1075 4050 ποιῶ
1095 4001 1206 4048 Gallund.

107 4069 180 4118 tund.
747 4065 783 4116 16.
802 4063 872 4117 κενὸν
893 4063 1010 4130 [ἐποίησε
1027 4060 1119 4134 αὐτὴν]
1143 4062 1208 4120 attat
1223 4084 1269 4119 κα·

148 4136 190 4186 11.
209 4131 248 4188 διὸ
265 4136 329 4184 edidi
338 4137 492 4189 coronatum
501 4141 599 4186 neotus.
620 4137 675 4186 Val-
708 4133 849 4186 recutiebat
880 4131 998 4197 [caraea
1023 4129 1123 4202 obruet.
1167 4127 1269 4196 Ὀιτως

107 4207 171 4268 pata
185 4206 303 4263 scriptura
316 4208 350 4252 est
365 4197 398 4256 δι’
412 4194 465 4261 οὓς.
710 4203 821 4252 Gaband.

147 4271 190 4322 12.
209 4267 276 4336 [καὶ]
294 4265 398 4324 κάθισον
417 4273 527 4322 Galland.
745 4267 916 4335 linimur,
934 4269 979 4322 καὶ
995 4285 1017 4321 τ.
1031 4272 1070 4338 βρ.
1088 4269 1193 4324 ἔσεσθαι
1211 4275 1269 4323 Gat-

147 4337 189 4392 13.
210 4340 285 4389 Verbo
301 4339 414 4404 Οἴδαμεν
431 4365 446 4378 -
462 4365 479 4377 ·
494 4335 676 4406 τοῦσώματος
708 4342 773 4392 tund.
802 4341 876 4392 Verbo
893 4337 940 4392 Διὰ
954 4337 979 4391 sl
994 4365 1033 4376 --
1050 4336 1156 4408 φθοράν.
1169 4355 1268 4394 nones-

108 4405 190 4476 rlpait
206 4422 254 4458 noa
269 4409 336 4458 babet
352 4410 464 4460 Galtaod.
708 4415 758 4460 tant
775 4423 814 4472 cp.
832 4409 942 4459 Guttund.

149 4477 189 4530 tt.
206 4471 321 4535 ‘nesae
336 4473 381 4542 bl,
399 4469 426 4529 bo
445 4479 556 4529 camna
