3116 4934
311 231 371 295 1⁷2
737 245 858 298 οκασπ
875 245 1045 298 nummu

308 360 403 447 κύγαέ,
425 369 490 437 πῶς
504 359 740 446 ύποτετμημένος
755 361 941 438 τιςέίύνατο
958 369 1066 448 γῆμαι,
1090 367 1117 426 ιί
1130 364 1232 446 μηκίτι
1247 362 1464 446 ἐνεκραεεύειος

311 466 373 529 Καί
389 463 434 543 τό,
458 470 653 546 Γαμείτωσαν,
677 467 726 531 καὶ
746 464 787 547 μή
804 467 1038 549 πυρούσθωσαν,
1060 463 1134 553 ύρᾷς
1149 464 1198 531 ότι
1212 466 1280 548 περί
1297 467 1467 551 ἐγκρατείας

310 565 434 646 φύσκει,
457 569 508 631 καί
529 563 594 649 σύχί
611 571 678 650 περί
694 573 789 650 μελοῖν
805 565 1003 651 ύφαιρέσεωςς
1026 571 1070 632 Et
1082 568 1114 633 δὲ
1130 565 1297 647 φάσκουσιν
1311 561 1401 634 ούτοι
1419 566 1465 632 διό

309 665 364 750 τήν
377 671 526 750 βασιλείαν
541 675 602 734 τοῖν
617 667 754 754 ούρανύν
771 669 895 746 ἑαυτούς
912 667 1128 752 εύνουχικέναι,
1151 675 1217 746 πῶς
1232 668 1358 746 ἐαυτούς
1375 667 1464 734 ύπσλ

308 769 500 854 λοεριοόσουσι
524 779 576 836 τοῦ
600 773 756 856 εἰρημένου
776 770 908 856 βήματος
928 771 991 850 ὅτι,
1022 774 1093 836 Εἰσί
1113 797 1189 848 τινες
1207 774 1313 848 οἵτινες
1335 769 1463 853 εύνουγί·

309 883 427 954 σθησαν
440 869 502 938 ύπό
519 881 577 938 τῶν
590 872 771 959 ύνθρύπων.
817 877 860 938 Et
875 872 931 959 γύρ
949 871 1040 949 αύτός
1061 877 1151 950 ἰδίαις
1172 876 1269 958 χερσίν
1291 872 1400 940 ἑαυτόν
1421 871 1465 938 εύ-

311 978 447 1056 νουηίζει,
470 973 636 1058 ύυθρωπός
650 979 725 1055 ἐστι,
748 977 798 1042 καί
820 981 854 1042 αἴ
870 985 963 1061 χεῖρες
982 973 1074 1041 αύτού
1087 974 1121 1041 τό
1139 973 1283 1058 ύθέμιτον
1298 982 1387 1041 τοῦτο
1409 978 1463 1059 είρ·

310 1075 452 1162 γύσαντο·
480 1081 508 1142 εί
527 1079 559 1142 δέ
578 1076 668 1154 αύτύς
684 1080 777 1166 ἐαυτῷ
795 1076 881 1144 ούέἐν
899 1076 1023 1142 δύναται
1039 1081 1165 1160 πρᾶξαι,
1186 1075 1246 1143 ύπό
1264 1076 1358 1144 ύλλων
1372 1079 1406 1143 ύέ
1421 1074 1465 1142 εύ-

310 1187 471 1269 νονηισθή,
495 1177 595 1245 ούκέτι
611 1183 690 1246 ἐσται
709 1179 759 1245 θιύ
776 1185 923 1264 βασιλείαν
941 1178 1092 1264 ούρανῶν,
1115 1179 1190 1246 διότι
1211 1177 1271 1246 ύπό
1295 1178 1466 1265 ύνθρύπων

310 1278 505 1364 εύνουχίσθη,
527 1281 591 1364 ήτοι
614 1280 651 1348 δι’
668 1280 778 1360 αύτοῦ,
800 1281 865 1364 ήτοε
890 1280 941 1346 διό
958 1290 1018 1346 τοῖν
1034 1289 1125 1348 τοῦτο
1148 1282 1362 1365 πεποιηκότων.
1409 1289 1467 1346 Πε-

308 1391 402 1448 σεῖται
420 1385 452 1448 θέ
470 1385 518 1448 καί
539 1381 599 1449 ύπύ
615 1391 669 1450 τοῦ
684 1383 832 1464 στεφύνου
856 1387 907 1450 καὶ
930 1381 990 1449 ύπό
1009 1391 1063 1450 τού
1076 1389 1236 1469 βραβείον,
1264 1383 1361 1454 ούπέτι
1384 1382 1469 1468 χάριν

308 1487 382 1568 ἔχων
401 1484 450 1550 ύιύ
469 1483 523 1567 τήν
541 1483 657 1569 ύποχήν
670 1495 724 1569 τῆς
738 1486 876 1569 τοιαύτης
891 1486 1030 1570 χρήσεως,
1053 1485 1124 1552 ύλλύ
1142 1485 1193 1551 θιύ
1209 1485 1241 1551 τό
1260 1484 1469 1568 μὴδύνασθαι

309 1593 452 1672 χρῆσθαι,
477 1585 677 1676 ύφηρημένων
700 1595 760 1654 τῶν
781 1597 833 1671 τῆς
857 1587 997 1671 τοιαύτης
1018 1585 1192 1664 ύποθέσεως
1214 1595 1316 1670 μελῶν.
1355 1587 1413 1651 Ἓν
1436 1589 1469 1652 όέ

309 1691 360 1754 καί
377 1687 410 1754 τό
428 1689 501 1755 αύτό
518 1690 710 1775 κριθήσεται,
733 1689 808 1767 ύςό
825 1689 1039 1772 λυμαινόμενος
1058 1693 1165 1756 ἑαυτοῦ
1182 1690 1215 1756 τό
1233 1691 1335 1772 μέλος,
1358 1691 1408 1754 καί
1425 1686 1469 1763 σός

309 1789 328 1856 ύ
342 1793 455 1872 τέμνων
471 1789 622 1874 ύλλότριον
639 1791 804 1876 ύμπελεῖινα.
841 1791 886 1858 Ού
902 1791 957 1878 γύρ
972 1792 1048 1858 κατὰ
1064 1791 1139 1858 θεόν
1155 1791 1371 1868 ἐπολιτεύσατο,
1394 1789 1468 1854 α’λλύ

308 1892 383 1960 κατὰ
397 1893 558 1979 ἐπιβουλήν
573 1901 613 1983 τῷ
625 1899 797 1984 δημιουργῷ
812 1899 905 1984 κυρίῳ
919 1903 981 1983 θεῷ
997 1892 1119 1977 ύντέστη
1133 1900 1272 1970 τοιοῦτος.
1301 1892 1469 1980 Ἐπιθυμίᾳ

310 1997 343 2060 δέ
355 1998 546 2086 περισσοτέρᾳ
558 1995 577 2063 ό
587 2005 722 2073 τοιοῦτος
732 1996 927 2080 ἐνεχθήσεται.
951 1999 1012 2060 Καί
1022 1996 1078 2082 γὰρ
1092 1994 1110 2063 ό
1121 1993 1262 2080 εύνούχος
1271 1995 1374 2084 ᾅσεται
1384 1993 1469 2079 παρύ

309 2105 350 2186 τῷ
369 2105 463 2186 Σοφβ
478 2096 534 2162 ούκ
551 2097 731 2182 ἀπεχόμενος
744 2106 797 2182 τῆς
814 2103 987 2182 ἐπιθυμίας,
1010 2098 1082 2163 ύλλύ
1099 2097 1140 2182 μή
1157 2097 1322 2180 ύυνόμενος
1337 2097 1391 2178 τήν
1406 2101 1468 2163 ἐπι-

308 2205 425 2282 θυμίαν
450 2203 626 2281 ἐπιτελέσαι,
656 2199 696 2277 ύς
720 2205 810 2287 λίγει,
838 2199 1011 2283 Ἐπιθυμία
1036 2200 1180 2284 εὐνούχου
1207 2199 1468 2282 ύποπαρθενεύσει

309 2306 436 2368 νεανίόα.
482 2305 543 2368 Καὶ
561 2307 620 2369 7ἐκ
635 2304 824 2386 πανταχόθεν
842 2297 866 2368 a}
887 2311 940 2386 τῆς
960 2311 1069 2386 πολλῆς
1083 2302 1278 2386 ματαιότητος
1297 2310 1351 2384 τής
1373 2305 1406 2369 ἐν
1427 2307 1469 2389 τῷ

309 2403 410 2494 κύσμςο
432 2405 628 2491 πολυτρόποις
639 2409 886 2490 ’ἐπινενοημένηςΙ

184 2730 294 2790 pag-m
395 2714 456 2776 Καί
473 2713 565 2778 ταύτό
584 2717 661 2780 ἐστιν
677 2715 697 2778 ύῖ
713 2717 781 2800 περὶ
797 2712 909 2780 τούτων
927 2717 1062 2800 ἐγνωμτν.
1107 2711 1164 2778 Διό
1186 2713 1218 2778 ἐν
1239 2713 1378 2800 συντόμῳ
1400 2713 1470 2796 περί

307 2811 574 2900 αύτιῖντίρηιιότες
588 2819 655 2895 καί,
680 2813 721 2892 ύς
736 2819 824 2900 ἐφην,
846 2815 1066 2898 ὑπονοήσαντες
1081 2812 1157 2880 είναι
1172 2813 1295 2890 τούτους
1307 2812 1381 2888 τούς
1396 2839 1470 2897 τερο-

309 2918 499 3000 ειρημένους,
530 2916 739 2995 καταλιπόντες
762 2917 834 2994 τούς
859 2916 984 2996 αύτούς,
1015 2920 1067 2984 καὶ
1093 2917 1340 3001 καταμελήσαντες
1370 2913 1469 2998 ύςπερ

307 3021 453 3101 σκορπίου
476 3021 628 3104 όιιιέντρου
653 3029 715 3096 τοῖς
736 3022 789 3102 μὲν
810 3023 940 3105 ε’πέρασι
961 3023 1011 3084 καί
1032 3027 1131 3102 χηλαῖς
1155 3016 1215 3085 ύπό
1236 3025 1296 3084 τῶν
1316 3015 1470 3082 ύνέκαθεν

306 3125 366 3186 τοῖν
389 3122 524 3205 πατέρων
548 3126 625 3204 βίοις
648 3124 897 3202 ἐναντιωθέντας,
929 3125 960 3188 ἐν
985 3123 1017 3186 θέ
1038 3129 1079 3210 τῷ
1102 3123 1211 3209 κίντρῳ
1234 3127 1274 3209 τῷ
1302 3118 1388 3206 τύπῳ
1417 3127 1471 3200 τῆς

308 3217 393 3306 ύγίος
407 3231 460 3287 τοῦ
474 3231 550 3288 θεοῦ
570 3227 725 3306 ἐκκλησίας
744 3222 995 3307 ύνθισταμένους,
1017 3221 1187 3306 ύπούήματι
1204 3223 1401 3309 ἐστηριγμένφ
1418 3249 1471 3286 κα-

306 3322 526 3406 ταπατήσαντες
550 3325 673 3402 τούτους
697 3330 747 3392 καί
769 3326 1033 3412 καταγελάσαντες,
1063 3327 1194 3392 τουτέστι
1218 3323 1268 3390 ύιύ
1289 3329 1347 3389 τείν
1370 3325 1471 3406 ῥητῶν

306 3433 360 3491 τοῦ
377 3424 560 3511 εύαγγελίου,
583 3427 658 3494 κατό
675 3427 708 3494 τό
726 3432 800 3505 ἐθος
817 3431 867 3494 ἐπλ
887 3427 942 3504 τός
961 3427 1067 3504 λοιπός
1089 3430 1312 3511 μεταβαίνοντες
1333 3428 1470 3492 ἐνταῦθα

306 3526 440 3610 λήξωμεν
460 3535 513 3610 τῆς
536 3529 650 3595 τούτων
662 3527 854 3617 Ιύβελτηρίας.

665 3881 805 3950 ΚΑΤΑ
841 3881 1116 3966 ΚΑΘΑΡΩΝ,

454 3995 633 4096 τριακοστή
661 3995 799 4090 ε’ννάτη,
822 3995 845 4092 ἡ
872 4001 933 4071 καὶ
958 3995 1165 4090 πεντηκοστὴ
1192 3993 1320 4089 ἐννάτη.

172 4151 240 4218 Κεφ.
257 4145 291 4204 α’.
397 4150 536 4228 Καθεξής
554 4145 586 4209 θέ
601 4143 714 4209 τούτων
730 4151 871 4231 Καθαροί
886 4170 960 4220 τινες
975 4142 1126 4230 λεγόμενοι
1147 4141 1299 4226 ἐφύησαν,
1322 4142 1382 4210 ύπύ
1403 4151 1471 4212 Να-

309 4243 405 4330 βύτου
422 4245 518 4324 τινός,
541 4243 581 4322 σός
598 4244 690 4322 πολύς
706 4245 808 4334 ᾅδεται
822 4246 916 4333 λόγος.
963 4239 1060 4325 Ούτος
1078 4244 1095 4310 ό
1112 4249 1253 4329 Ναβᾶτος
1270 4248 1320 4312 ἐπὶ
1334 4253 1389 4329 τῆς
1401 4243 1471 4312 Ῥα-

342 4401 367 4455 7·
396 4403 524 4451 commus
545 4405 628 4452 vertit.-
656 4404 720 4452 Eto
743 4401 870 4469 ingentem
903 4401 1041 4456 εἰίοτωιίεετ
1058 4401 1242 4470 excogitatum!

309 4468 461 4532 vanitatem,
479 4465 636 4536 undiquaque
653 4469 678 4520 ίω
696 4469 790 4520 εσυοείο
803 4469 869 4520 mul-
