3128 4930
366 259 511 312 'riulan
528 259 592 311 ora.
604 261 634 312 u.
653 259 736 312 rou.
749 261 769 310 1.
785 259 884 311 flauo.
899 261 951 310 ov.
1180 247 1238 310 143

89 377 229 441 aduersus
245 377 346 442 hostes
361 378 476 458 babuit,
500 380 548 464 qui
565 378 595 444 iu
612 375 830 444 Sodomitarum
845 401 946 464 agrum
962 389 1130 464 eruperant,
1156 378 1237 442 inde·

90 500 142 564 que
159 479 260 544 fratris
279 481 368 546 lilium
385 492 518 545 sanetum
536 481 595 546 Lot
609 482 810 562 abduxerant,
835 491 924 566 quem
943 503 1007 544 oum
1029 479 1109 544 omui
1131 482 1238 566 proella

90 603 120 646 ao
135 582 240 668 spoliis
264 583 438 648 iooolumem
460 586 588 648 reduxit.
635 584 677 647 At
698 585 767 648 illul
794 605 878 668 qoam
903 585 1022 669 copiose
1046 583 1239 646 demonstrari

91 696 201 770 potest,
227 685 315 750 lilium
335 709 399 750 eum
419 697 501 772 patre
521 698 661 772 perpetuo
677 687 787 749 luisse?
829 690 863 747 In
874 691 1026 766 proberpro,
1051 686 1155 770 inquit,
1179 698 1242 746 erot
1254 699 1330 741 tono.
1344 699 1362 752 t,
1376 699 1393 740 1.

91 790 210 863 roboro,
235 801 264 851 el
277 791 390 852 uerbum
405 803 472 852 erut
485 793 563 871 opud
575 795 666 864 dorem
690 801 719 850 el
735 793 804 850 deos
817 800 881 851 erut
896 789 1019 850 uerbum.
1065 785 1134 850 Nou
1153 788 1240 865 lixit,

90 894 120 950 lo
130 896 276 972 principio
295 904 359 954 erut
374 895 572 954 Melchisedec.
620 889 711 955 ltemr
738 896 821 954 Vem't
839 896 930 971 igilur
948 895 1075 952 domabas
1092 895 1131 952 ad
1144 893 1241 952 Abro-

89 997 165 1067 lum,
198 1006 230 1055 et
247 997 326 1074 plm't
348 998 476 1058 donabus
497 999 641 1058 odomr'no
665 999 756 1073 agnem
777 1005 806 1056 et
825 997 946 1074 sulphur
968 1014 1054 1072 super
1070 996 1191 1054 Sodoma
1214 1005 1243 1054 et

91 1097 255 1158 Gomorrha.
302 1093 480 1174 Praeterea,
508 1101 584 1160 [loos
600 1101 684 1170 deos,
710 1097 751 1158 ait
766 1096 933 1178 apostolus,
956 1119 994 1156 ea
1007 1095 1063 1176 quo
1080 1099 1188 1168 omnio,
1213 1107 1241 1156 el
1254 1109 1272 1150 1.
1280 1107 1333 1151 cor.
1342 1109 1363 1159 a,
1375 1109 1395 1148 o.

90 1219 158 1258 eous
172 1201 304 1262 dommo
318 1203 399 1260 Iesos
415 1203 555 1272 Christos,
577 1221 631 1278 per
646 1221 726 1282 qoem
740 1203 844 1260 omnib.
891 1199 938 1261 Ae
955 1217 992 1260 uo
1008 1195 1071 1280 quis
1088 1195 1242 1275 obiiceret,

90 1295 141 1361 llbi
157 1312 206 1364 est
221 1301 310 1384 igitur
325 1302 445 1386 spiritus
461 1312 592 1380 sauctus,
618 1321 682 1362 oum
697 1301 783 1364 unius
799 1311 886 1384 atque
903 1299 989 1363 unius
1004 1303 1144 1362 duntaxat
1162 1319 1243 1362 meu·

91 1399 196 1464 tionem
217 1403 324 1468 laoiatl
369 1400 429 1468 Seu
446 1404 578 1488 spiritum
596 1413 728 1466 sanetum
747 1402 853 1468 suimet
870 1403 961 1486 ipsios
977 1401 1242 1464 commendatorem

90 1523 121 1566 ao
135 1505 370 1588 praedicatorem
385 1526 451 1568 esse
467 1505 584 1568 minime
602 1503 794 1589 congruebat.
843 1503 915 1570 lllud
933 1501 1008 1567 euim
1030 1502 1174 1587 scriptura
1197 1525 1244 1566 sa-

91 1627 135 1669 rra
151 1619 296 1692 perpetuo
312 1618 429 1686 servat,
455 1617 487 1670 ut
502 1628 536 1669 se
556 1607 641 1670 nobis
656 1606 834 1690 exemplaris
850 1607 945 1669 instar
962 1616 1114 1690 proponat.
1162 1603 1244 1689 Quo-

90 1709 166 1772 oirea
184 1709 258 1772 baeu
272 1709 302 1772 iu
320 1707 425 1794 spiritu
443 1719 546 1773 saneto
564 1711 737 1792 loquebatur
757 1709 923 1793 apostolus:
956 1713 1037 1772 -llooa
1053 1713 1121 1770 deor
1136 1731 1174 1768 eo
1190 1729 1245 1789 pao

90 1815 197 1885 emoto,
221 1823 251 1872 et
266 1833 339 1874 eous
355 1815 483 1874 domiuus
498 1816 577 1876 leros
591 1815 735 1885 Christus,
757 1833 906 1892 perquem
922 1815 1025 1873 omnm
1072 1812 1162 1894 Atqui
1179 1831 1243 1874 oum

88 1912 193 1994 spiritu
218 1923 323 1976 saneto
348 1913 403 1976 ista
430 1913 561 1990 dicebat,
592 1934 687 1998 neque
712 1935 843 1978 mauram
869 1935 937 1977 esse
965 1912 1087 1975 triadem
1115 1913 1243 1977 uolebat.

89 2015 133 2076 Ab
156 2015 229 2078 baeu
244 2015 379 2082 dominus
392 2017 454 2101 ipse
474 2017 625 2100 perspicue
643 2016 730 2079 dior:
753 2020 862 2078 Euolet
877 2017 1020 2096 baptizate
1037 2037 1131 2078 omnes
1145 2029 1245 2096 gentes
1257 2006 1341 2117 ξξξῗξ·

88 2121 117 2177 br
132 2122 245 2178 morarios
257 2122 353 2198 poor&
371 2131 400 2180 ot
412 2121 479 2198 sttu'
496 2131 526 2180 et
544 2122 663 2198 spiritus
679 2123 781 2180 suncti.
828 2118 990 2202 Apostolos
1008 2139 1141 2201 quoque:
1168 2122 1245 2180 Unus
1253 2129 1398 2186 romualt.

90 2241 156 2282 aare
171 2231 216 2280 ert
228 2225 363 2300 epb‘r'lm,
389 2221 500 2304 iuquit,
523 2223 648 2282 dubr'deos
665 2225 814 2302 uoobm'que
833 2232 920 2300 prout
937 2224 1013 2294 trualt,
1037 2224 1076 2285 od
1088 2225 1148 2282 m'us
1167 2223 1245 2281 uto'b‘·

91 2333 188 2384 mea.
234 2319 280 2384 Eu
305 2322 393 2405 igitur
418 2332 517 2405 pater,
541 2343 577 2388 eo
603 2323 695 2400 lilius,
720 2322 895 2406 suspiritus
916 2332 1047 2384 suaeuis.
1094 2319 1244 2404 Nusquam

92 2424 304 2490 Melchisedec.
349 2423 456 2508 Neque
473 2445 538 2488 oum
557 2426 592 2488 tle
612 2423 789 2487 eoelestibus
807 2424 891 2486 donis
908 2423 1017 2485 mentio
1033 2425 1081 2500 lit,
1106 2421 1247 2506 impertiri

93 2527 166 2592 baeo
184 2529 220 2592 ab
236 2529 286 2590 illo
302 2526 394 2602 (lixit,
420 2547 513 2610 oeque
530 2548 595 2589 oum
619 2527 654 2588 tle
678 2525 847 2590 sublimibus
866 2523 1016 2588 disseruit.
1061 2521 1247 2608 Proindeque

94 2633 201 2695 trustra
219 2628 362 2694 eiusmodi
379 2627 488 2692 abillis
507 2629 657 2692 mendacia
676 2629 711 2690 ab
732 2629 894 2691 animorum
912 2627 1104 2691 offensionem
1125 2627 1247 2690 ooufieta

94 2733 312 2816 praedicantur.
360 2729 444 2812 Quae
469 2730 585 2813 quidem
609 2751 668 2792 oon
691 2750 731 2794 ex
753 2731 895 2810 veritate,
926 2731 977 2792 serl
1004 2729 1140 2793 tlraoonis
1162 2727 1248 2792 sibilo

94 2836 227 2918 proseuta
242 2843 322 2910 suot,
338 2827 400 2917 'pro
416 2825 452 2896 eo
468 2854 503 2896 ao
518 2831 676 2915 quamlibet
690 2841 802 2896 sestam
817 2832 952 2916 desipere
971 2843 1058 2916 atque
1073 2833 1101 2895 iu
1117 2851 1248 2896 errorem

94 2937 240 3000 abducere
264 2935 367 3021 potuit.

179 3035 256 3103 Cum
280 3048 377 3102 autem
396 3037 511 3100 abunde
529 3036 586 3100 iam
604 3038 639 3100 le
656 3037 715 3102 illis
732 3037 907 3122 disputatum
925 3037 981 3116 sit,
1006 3036 1112 3100 missos
1135 3037 1249 3098 demum

98 3140 259 3218 faciamus,
280 3159 353 3224 quos
371 3137 461 3204 muris
477 3142 579 3204 urauei
596 3139 689 3204 iustar
704 3139 797 3203 solida
811 3159 846 3202 ae
864 3140 960 3204 stabili
982 3140 1036 3202 lule
1056 3140 1137 3202 velut
1158 3139 1250 3222 lapide

96 3244 306 3328 percussimus,
330 3265 366 3305 ao
382 3241 528 3304 letiferum
545 3241 626 3306 virus
643 3243 803 3306 evasimus.
849 3239 934 3304 llane
950 3242 1026 3304 euim
1045 3243 1135 3306 muris
1149 3241 1249 3304 aranei

97 3358 230 3409 naturam
246 3365 313 3408 esse
332 3347 445 3420 lerunt,
471 3357 534 3408 ute
556 3343 682 3428 vestigio
700 3345 815 3427 quidem
838 3345 943 3407 nullam
962 3343 987 3406 ei
1007 3343 1055 3427 qui
1072 3365 1188 3408 morsus
1204 3355 1251 3407 est

97 3449 256 3531 perniciem
280 3447 406 3522 inierat,
438 3467 540 3509 verum
566 3447 702 3530 paulatim
725 3467 831 3530 eorpus
857 3445 1027 3529 extinguat,
1059 3467 1093 3508 ao
1121 3446 1249 3507 membra

97 3550 160 3614 eius
177 3549 278 3614 omnia
293 3548 357 3612 labe
371 3547 421 3612 illa
437 3569 521 3633 quam
539 3549 675 3625 κελεφίαν
688 3559 795 3610 vooaut
810 3546 931 3610 iuboiat.
956 3545 1009 3612 Sio
1024 3549 1156 3611 lmorosis
1173 3546 1248 3608 illius

97 3653 199 3736 dogma
219 3651 313 3736 primo
330 3649 427 3714 statim
444 3651 545 3714 auditu
561 3650 702 3714 leuissimi
725 3670 792 3714 esse
815 3649 953 3712 momenti
970 3651 1102 3728 videtur,
1127 3649 1178 3712 sed
1202 3647 1248 3709 ubi

97 3815 150 3884 tpn
166 3821 257 3883 oorppa
273 3801 298 3852 iu
314 3801 393 3852 bullas
407 3802 584 3883 aiuelpustulpa
600 3821 656 3854 aur·
691 3804 768 3865 σῇαι,
786 3801 1011 3882 aliufllobm'ioboo
1048 3801 1112 3882 llinp
1132 3797 1195 3880 0pr
1211 3801 1250 3852 lo-

97 3871 656 4007 tls‘tlt'ttl‘blttrttl'tottll
691 3869 1250 4006 ἓξὲ1111ὲ1ξξ1111111111ῗὲἑὲ

99 4007 243 4068 Φλυκτίῡας
258 4007 425 4056 νοωῑΑὲιίιιε
442 4006 466 4056 in
484 4007 573 4057 eodem
588 4023 657 4058 mor·
691 4003 777 4066 δόσις,
805 4005 858 4058 Kal
876 4006 976 4074 σφίγμα
992 3953 1195 4069 casaleplano
1211 4007 1250 4058 lo-

98 4075 133 4126 bo
163 4073 341 4155 describendo⁸
380 4074 507 4193 {alapiam
538 4085 658 4125 voearuut
721 4073 823 4154 polrus·
858 4071 911 4127 Τὸν
926 4074 983 4139 ῥοῦν
998 4069 1046 4138 γὰρ
1064 4071 1193 4157 lor-pruma
1206 4071 1249 4126 riu

99 4154 250 4194 recentiores
273 4159 342 4260 poam
367 4159 447 4208 salop
458 4160 495 4194 oo.
531 4144 595 4193 Nam
612 4141 658 4194 κέ·
701 4159 773 4209 popu
788 4139 847 4220 ξζει,
866 4141 918 4193 Kal
934 4155 1109 4224 ompurooppp
1121 4157 1168 4199 τας
1182 4139 1250 4207 ῥέου-

99 4215 176 4278 λυφος
192 4223 231 4262 eat
249 4209 392 4270 feliculus,
419 4226 532 4277 proquo
552 4210 659 4278 κέλεφος
694 4225 741 4266 σας
764 4207 879 4273 sisoius,
905 4209 1046 4274 Μορφοῦσα
1070 4225 1102 4261 τα
1126 4205 1251 4275 πρόσωπα

99 4279 181 4330 infima
206 4279 268 4329 dicit
291 4277 404 4328 Graecia.
439 4273 558 4347 Λόβωσιν
584 4277 659 4330 etiam
693 4277 741 4341 τῆς
763 4271 898 4343 ἀμορφίας.
933 4277 982 4326 llio
1004 4275 1085 4326 verbio
1108 4272 1155 4342 arlo
1178 4283 1251 4329 xalt-

100 4347 227 4409 dixrront,
250 4341 370 4400 dol-roto
388 4346 483 4414 λοβῶν,
499 4365 516 4398 a
534 4346 658 4398 folliculis.
694 4345 767 4412 plat,
795 4345 848 4394 siue
873 4340 997 4464 λόξωσιν,
1024 4345 1098 4412 plane
1122 4344 1251 4412 expressit.

101 4411 219 4480 Δόβωσις
242 4425 325 4464 eutem
340 4413 515 4470 scribendum.
543 4431 593 4466 non
612 4411 660 4467 λώ-
694 4413 744 4464 Sed
762 4412 794 4464 de
812 4411 851 4464 his
872 4413 930 4464 elii
953 4413 1048 4480 pluro.“
1066 4441 1101 4454 -·
1139 4417 1164 4466 l'.
1184 4413 1250 4474 lnlrtt

101 4485 181 4551 βωοις
193 4493 238 4536 aot
254 4480 376 4551 λώβησις.
411 4483 476 4536 Nam
494 4481 563 4534 aliod
578 4483 660 4552 λωβᾶ-
694 4483 758 4534 beer.
774 4479 824 4544 bb,
840 4481 865 4532 tt.
883 4487 905 4532 et
920 4497 979 4544 quoe
995 4485 1029 4534 tba'
1046 4485 1168 4534 monton.
