3176 4930
321 239 383 306 318
744 219 1056 304 ιιιιατιιιιίιιιιιιιι

199 397 250 442 μς.
261 385 307 432 ιιι.
321 366 407 452 ἡμεῖς
421 365 615 454 ίρρόσθημεν.
651 370 691 432 Οί
705 366 851 453 μόρτυρίς
868 370 940 435 τίσιν
956 371 988 434 αί
1002 366 1171 448 ψάλλοντες.
1204 367 1270 434 Δόο
1286 368 1319 434 δὲ
1334 375 1396 433 τοῖν
1410 377 1477 434 κολ-

319 475 439 536 λινίκιον
455 472 486 534 οί
496 471 581 555 γαροὶ
594 468 762 555 μαρτόρων,
784 467 828 546 είς
842 470 895 551 μὲν
911 477 964 553 τῆς
980 468 1131 553 διαθήκης
1144 477 1198 554 τῆς
1211 476 1327 552 καινῆς,
1348 469 1479 556 θότερος

320 573 353 638 δὲ
366 581 421 656 τῆς
435 578 576 650 παλαιᾶς,
598 571 805 657 ἀντίφθογγον
816 571 912 654 ὕμνον
926 571 1096 655 συμφώνως
1116 579 1158 662 τῷ
1174 569 1333 662 δπερμόημ
1348 580 1413 661 θεῷ
1427 575 1479 638 καί

319 679 434 758 βασιλεῖ
446 679 507 739 τῶν
523 672 601 740 ὅλοιν
620 671 852 759 ἀναπέμποντες,
874 673 1069 757 Ἐδοκίμασας
1083 673 1164 758 ήμᾶς
1179 672 1198 740 ό
1214 674 1299 754 θεός,
1321 672 1480 759 ίπόρωσας

319 775 397 860 ἡμᾶς
414 774 456 853 νίς
472 783 620 862 παροῦσαι
635 775 668 843 τό
686 775 843 863 όργόριον,
866 774 1016 863 είςήγαγες
1031 775 1109 860 ἡμᾶς
1124 781 1167 854 είς
1181 775 1236 862 τήν
1250 781 1378 863 παγίδα,
1400 779 1480 842 ἔθου

320 884 441 960 θλίψεις
468 881 517 944 ίπί
542 877 594 944 τόν
619 886 715 946 νῶτον
741 875 841 962 ήμοδν,
870 877 903 946 τό
926 878 1117 965 δικαστήριον
1139 887 1198 946 τοῖν
1222 881 1336 960 ίθνοῑν,
1365 867 1491 962 ἢτοδς

319 981 501 1067 πειρασμοδς
517 981 587 1048 καθ’
603 981 656 1058 οὓς
672 984 861 1068 ίκθλιβίντες
875 985 1001 1066 ἰσχυρῶς
1018 980 1269 1066 ἐδοκιμάσθησαν.
1303 981 1480 1065 Δοκίμασόν

319 1109 356 1167 με
370 1082 445 1170 γδρ,
468 1087 558 1169 φησί,
580 1083 680 1170 κόριε,
703 1086 753 1149 καί
775 1083 917 1168 πείρασόν
935 1109 983 1168 με·
1006 1083 1148 1171 πόρωσιν
1166 1084 1237 1162 νοός
1255 1084 1386 1172 νεφρούς
1407 1109 1479 1168 μου,

317 1189 371 1253 καί
387 1185 442 1270 τήν
457 1191 584 1273 καρδίαν
600 1213 666 1268 μου.
711 1188 831 1272 Λεγίτω
846 1187 951 1270 δήκαὶ
967 1185 1101 1273 Ἀβραὰμ
1117 1191 1166 1254 ἐπὶ
1187 1194 1229 1276 τῷ
1248 1197 1404 1274 μονογενεῖ
1422 1213 1480 1254 πα-

321 1291 433 1376 ρωθείς
451 1287 488 1355 τό
509 1288 672 1375 σπλόγγνα,
694 1287 879 1374 προτιμήσας
896 1313 928 1354 τε
944 1288 979 1356 τό
996 1298 1050 1359 τοῦ
1067 1297 1144 1358 θεοῦ
1165 1297 1273 1373 μᾶλλον
1294 1288 1479 1376 πρίςταγμα,

320 1390 397 1476 μετόν
408 1389 441 1458 τό
458 1389 600 1472 οἰκοῦσαι,
621 1389 770 1477 Ἅβραόμ,
792 1401 894 1474 φεῖσαι
909 1399 963 1458 τοῦ
979 1393 1087 1470 παιδός
1105 1415 1176 1474 σου,
1198 1394 1371 1479 ἀπορρίψας
1384 1391 1420 1459 τό
1439 1398 1480 1472 ξί-

321 1520 396 1577 φος,
417 1492 612 1577 Ἐδακίμασας
626 1491 706 1578 ήμᾶς
723 1489 741 1560 ό
756 1493 847 1574 θεός,
870 1493 1026 1580 ίπόρωσας
1040 1493 1134 1578 ἡμᾶς,
1157 1494 1198 1573 οἷς
1213 1503 1360 1582 πυροῦται
1374 1493 1408 1561 τό
1426 1493 1481 1582 δρ-

320 1600 431 1684 γιίριον.
475 1599 594 1683 Λεγίτω
616 1599 668 1662 καί
682 1594 750 1680 Ἰοίβ
771 1595 841 1680 μετό
857 1595 890 1662 τό
906 1594 1088 1683 όπορρεῦσαι
1112 1597 1165 1682 τήν
1181 1603 1310 1683 σαπρίαν
1325 1600 1377 1663 καί
1398 1597 1478 1664 όνει·

321 1703 464 1784 δισθήυαί
477 1725 507 1766 τε
522 1697 583 1766 όπό
597 1705 765 1780 τῶνφίλων
782 1701 834 1764 καί
849 1697 973 1785 ἀλγῆσαι
989 1699 1023 1768 τό
1040 1709 1140 1784 σῶμα,
1162 1700 1212 1768 διδ
1227 1705 1368 1776 λαίλαπος
1382 1697 1479 1766 όιιοό-

320 1826 374 1880 σας
391 1810 550 1879 λαλοῦντος
565 1800 646 1890 αὐτῷ
663 1809 717 1868 τοῦ
734 1808 826 1880 θεοῦ,
857 1805 921 1868 Οίει
940 1827 976 1884 με
995 1801 1088 1880 ἄλλως
1111 1823 1158 1873 σοι
1179 1805 1436 1890 κεγρηματικίναι,
1458 1801 1482 1885 ἢ

321 1909 371 1972 ἵνα
386 1913 488 1996 φανῇς
503 1909 633 1986 δίκαιος,·
668 1903 769 1971 ’Ἐθον
783 1909 905 1984 θλίψεις
924 1907 1079 1972 ῑέναντίον
1094 1904 1189 1989 ήμῶν,
1211 1905 1310 1992 κόριε,
1331 1909 1382 1972 ἳνα
1397 1903 1482 1989 ἡμᾶς

323 2005 366 2083 τός
380 2005 489 2093 χρυσόν
505 2009 538 2072 ίν
555 2012 739 2096 γανιυτηρίρι
755 2005 927 2098 δοκιμάσης.
971 2010 1146 2094 Λεγίτιισιιν
1165 2009 1215 2074 καί
1237 2013 1269 2074 οί
1286 2019 1365 2095 τρεῖς
1386 2011 1420 2075 ἐν
1442 2016 1481 2098 τῇ

322 2114 437 2198 καμίνρο
453 2114 558 2186 παῖδες
574 2107 789 2193 δροσιζόμεναι,
812 2114 862 2176 ἵνα
882 2108 924 2194 μή
944 2118 1190 2196 καταφλιγθοῖσιν
1210 2107 1271 2177 όττό
1292 2117 1349 2177 τοῦ
1368 2109 1479 2196 πυρός,

320 2209 516 2295 Ἐδοκίμασας
530 2209 608 2296 ἡμᾶς
623 2209 642 2276 ό
654 2209 743 2293 θεός,
766 2211 923 2298 ἐπόρασας
935 2210 1029 2296 ἡμᾶς,
1052 2212 1094 2290 οἷς
1107 2221 1252 2298 πυροῦται
1267 2211 1301 2280 τό
1319 2212 1480 2300 όργόριον·

323 2315 487 2398 διήλθομεν
503 2313 554 2380 διό
576 2311 674 2400 πυρός
691 2316 742 2380 καί
758 2313 883 2394 ὕδατος,
911 2318 963 2381 καί
979 2317 1117 2402 δξήγσγες
1136 2313 1218 2400 ήριᾶς
1239 2319 1282 2392 είς
1301 2313 1480 2400 όνατμυγήν·

323 2415 363 2494 ός
381 2421 473 2484 είπεῖν
493 2417 587 2499 κάμοί
603 2423 644 2505 τῷ
661 2421 827 2507 Μεθοδίιμ,
852 2415 886 2482 Ὁ
904 2417 993 2496 θεός,
1016 2416 1034 2486 ό
1055 2418 1284 2504 παντοκράτωρ,
1306 2416 1324 2484 ό
1344 2418 1479 2498 αίόνιος,
1579 2451 1580 2486 ι

322 2519 340 2588 ό
359 2519 458 2606 πατήρ
481 2528 536 2586 τοῦ
554 2527 704 2605 Χριστοῦ,
732 2523 766 2587 ἒν
783 2526 820 2610 τῇ
840 2517 937 2609 ήμίρμ
957 2543 1013 2588 σου
1035 2519 1173 2604 διαβάντι
1192 2520 1225 2587 τό
1242 2529 1303 2606 πῦρ
1325 2519 1480 2607 όναλγητδ,

322 2626 372 2690 καὶ
387 2631 448 2688 τοῖν
469 2620 588 2690 όδοίτων
608 2627 649 2700 είς
665 2624 720 2706 τήν
737 2620 899 2706 καυστικὴν
919 2625 1186 2708 2μεταβληθόντων
1202 2621 1310 2706 φύσιν,
1333 2621 1478 2702 όπεξαλό-

322 2729 403 2804 ξαντι
418 2725 472 2801 τός
486 2722 598 2811 όρμός,
622 2734 758 2810 Διῆλθον
774 2724 824 2792 διδ
838 2724 935 2812 πυρός
951 2729 1002 2792 καί
1017 2727 1140 2806 ὕδατος,
1162 2728 1214 2792 καί
1230 2725 1370 2814 ίξήγσγίς
1385 2751 1422 2810 με
1436 2729 1480 2804 τίς

321 2824 479 2910 όνιίψνξιν.
526 2827 597 2912 3Σή
612 2829 669 2914 γαρ
685 2827 761 2911 αὕτη
774 2837 838 2905 τοῖς
854 2826 990 2914 α’γαπνδσί
1005 2851 1038 2894 σε
1051 2827 1073 2912 ή
1088 2832 1252 2915 ἐπαγγελία·
1273 2827 1344 2894 Ἐόν
1360 2833 1478 2912 δισβοί·

322 2956 381 3007 νεις
398 2928 436 2996 δι’
452 2929 576 3010 ὕδατος,
599 2930 670 3014 μετό
686 2939 742 2998 σοδ
757 2934 833 3013 είμι,
855 2933 906 2998 καί
928 2934 1056 3016 ποταμοὶ
1073 2929 1110 2998 οό
1128 2935 1330 3018 συγκλείσανσί
1349 2953 1397 2998 σι·
1419 2929 1479 2998 κόν
1578 2961 1579 3020 η

321 3036 481 3123 διαβαίνης
497 3031 548 3099 διδ
563 3032 670 3120 πυρός,
692 3031 729 3102 ον’
744 3032 784 3117 μή
801 3031 981 3101 καταπαύσει
994 3057 1035 3100 σε.
1074 3033 1161 3100 'AM
1175 3032 1233 3121 γόρ
1249 3034 1315 3119 περί
1330 3042 1387 3118 τῆς
1401 3031 1478 3101 κατὰ

321 3135 374 3202 τόν
396 3134 520 3220 Ψαλμόν
541 3135 702 3222 ἐξηγήσεως
724 3135 789 3213 ἅλις
810 3139 986 3220 ἔχειτοῦτο.

1577 3487 1578 3522 ί

1576 4037 1577 4088 ί

1576 4094 1577 4150 ί

1575 4483 1576 4526 ι

173 3558 242 3629 Iup.
256 3554 308 3628 μθ.
406 3551 466 3628 Εἰς
489 3547 520 3617 δδ
543 3553 637 3618 ἐκεῖνα
662 3551 869 3630 διασκεπτίαν,
898 3553 931 3616 ίν
955 3541 980 3638 ᾧ
1000 3548 1200 3634 πολυμόρφως
1222 3549 1478 3632 ἐμφανιαξόμενοι

321 3649 465 3732 όπόταις,
487 3651 699 3720 καθευδόντων
716 3652 843 3740 τρόπον,
866 3651 1084 3734 ἐπιφαίνονται
1103 3650 1155 3718 τόν
1176 3649 1342 3718 όπόστολον
1363 3655 1476 3738 εδρηιιί·

321 3781 384 3834 ναι,
407 3753 482 3841 Ἐγοδ
503 3758 535 3822 δὲ
557 3759 629 3835 ἔζων
644 3759 734 3841 χωρὶς
750 3755 846 3837 νόμον
861 3757 947 3836 ποτδ,
969 3757 1147 3838 καίκβοοῑσι,
1174 3753 1236 3838 Τίήν
1250 3754 1309 3838 πρό
1324 3762 1378 3838 τῆς
1395 3757 1476 3820 ίντο-

199 3883 249 3930 ιιι.
262 3873 307 3918 ⁵²⁵.
320 3864 372 3942 λῆς
386 3855 473 3940 ήμῶν
487 3861 519 3924 ίν
533 3866 576 3947 τῷ
589 3855 809 3946 πρωτοπλόστιμ
824 3855 975 3944 διαγωγήν
988 3856 1046 3942 πρό
1062 3857 1196 3940 στόματος
1212 3859 1280 3940 ἔφη,
1304 3854 1346 3933 σός
1359 3855 1397 3922 τό
1413 3859 1475 3924 ἐπι·

321 3960 470 4047 φερόμενα
493 3965 677 4044 συνίστησιν,
707 3957 783 4045 Ἐγοδ
806 3960 838 4026 δὲ
862 3959 1003 4046 σάρκινός
1023 3963 1097 4044 είμι,
1125 3962 1313 4047 πεπραμένος
1337 3955 1400 4025 όπό
1422 3957 1475 4042 τήν

322 4061 480 4148 ἁμαρτίαν·
508 4061 555 4130 ότι
571 4061 612 4146 μή
631 4061 724 4141 ἄλλως
745 4060 764 4130 ό
780 4061 944 4148 δνθραπος
960 4062 1103 4148 ἄρχεσθαι
1121 4061 1250 4147 ήδόνατο
1270 4065 1321 4129 καί
1344 4061 1474 4148 κυριεόε·

322 4175 396 4231 σθαι
411 4163 471 4232 όπό
488 4175 541 4232 τοῦ
558 4171 668 4246 κακοδ,
690 4167 819 4252 πραθείς
836 4165 916 4255 αὐτῷ
933 4165 982 4232 διδ
999 4165 1055 4250 τήν
1071 4165 1253 4252 παράβασιν,
1276 4167 1304 4232 εί
1318 4165 1361 4250 μή
1374 4165 1474 4251 σόριιι·

322 4293 375 4343 νος
386 4260 425 4350 ἦν
438 4267 575 4355 γεγονός.
609 4268 760 4354 Ἀληπτος
775 4267 831 4354 γόρ
848 4265 919 4334 καθ’
935 4266 1044 4354 ἑαυτήν
1058 4266 1079 4353 ἡ
1094 4267 1193 4354 ψυχή,
1215 4270 1306 4352 φησί,
1327 4275 1365 4358 τῇ
1380 4265 1473 4355 ἆμαρ-

356 4422 416 4476 cn.
429 4423 546 4476 XLVIII.
564 4453 598 4468 -
635 4427 656 4480 ί.
679 4428 790 4480 Pacuvius
805 4429 881 4492 ευιρί-
948 4425 973 4478 λ.
991 4425 1198 4496 μεταβληθίνταν
1215 4428 1472 4478 ιπιιιδονιίΡιίσοίιιι

322 4497 359 4544 ίιιι
375 4498 409 4544 ιιι
425 4490 450 4548 ίν
467 4487 548 4561 νιίτῳ.
913 4497 979 4546 δίδοτ’
994 4499 1065 4560 ουίρο
1082 4493 1291 4565 μιταβληθίντις.
