3154 4930
382 231 636 288 rtnsanursnr
660 229 1008 284 renumerantur.
1217 219 1276 284 tut

115 363 249 438 optatum
267 351 470 438 adseitumque
486 362 599 433 narrat,
624 373 683 416 oon
700 371 788 415 noum
803 351 896 430 ittam,
920 349 1071 434 solumque
1087 349 1180 416 seeuli
1195 349 1282 416 buius

115 475 188 520 esse
203 457 289 520 deum
304 455 387 534 diuo,
412 455 464 518 sed
483 454 600 540 piures,
624 453 727 538 quibus
745 473 778 516 se
796 453 927 516 infideles
943 452 1140 532 subiecerint,
1166 463 1197 516 et
1217 453 1282 518 ani·

115 558 174 621 mis
201 558 349 622 oooaeoati
375 557 447 620 sint.
494 554 745 639 Quemadmodum
771 555 829 619 atio
851 555 917 618 loeo
940 554 1026 618 dieite
1062 559 1185 632 Quorum
1209 560 1278 618 ἀειιι
1302 546 1401 656 {hid-W

115 671 216 724 neam
231 672 289 735 est,
314 673 343 722 et
357 663 455 740 glon'u
469 665 498 722 r'n
515 662 680 742 consaur'orre
695 663 829 738 aprorum.
877 654 950 721 Item
965 657 995 722 io
1013 657 1169 741 evangelio
1187 658 1279 722 domi-

115 783 191 824 nus:
215 765 280 824 Non
292 767 413 842 potestis
430 763 540 824 duobus
556 765 675 823 domnis
690 765 808 822 servr‘re.
855 757 970 824 Deinde
988 759 1085 824 multis
1101 759 1276 840 interiectis,
1291 778 1433 836 Metuant.

117 875 152 926 nt
172 863 289 947 quinam
307 865 364 927 dno
388 864 429 927 itti
447 863 557 928 domiui
583 873 684 927 esseut
708 862 896 938 ostenderet,
926 866 992 924 Noa
1012 867 1148 943 potestis,
1172 861 1278 946 inquit,

112 971 227 1028 serame
242 969 309 1039 deo,
334 970 562 1028 etMommorrae.
611 962 810 1047 Quamobrem
836 966 1046 1028 etdeusvere
1070 965 1223 1041 deusest,
1248 976 1279 1028 et
1332 1012 1334 1015 -

113 1065 304 1132 Mammonas
321 1067 405 1131 huius
424 1068 523 1131 mundi
541 1069 624 1131 deus.
669 1065 748 1130 Nam
768 1066 930 1145 amborum,
956 1067 1010 1130 boo
1026 1078 1074 1130 est
1090 1063 1278 1132 Mammooae

113 1191 153 1233 ae
174 1170 307 1249 ventris,
340 1169 479 1234 illecebra
505 1169 628 1256 pellecta
650 1170 777 1234 maxima
805 1187 873 1252 prars
899 1169 1065 1234 mortalium
1088 1181 1278 1234 exoaeoatur.

113 1267 212 1336 Cuius
230 1271 345 1356 quidem
362 1272 476 1356 eulpam
493 1273 565 1337 deus
583 1273 702 1336 minime
719 1271 864 1350 sustinet,
889 1272 940 1334 sed
958 1270 1071 1356 privata
1088 1272 1204 1336 illorum
1226 1273 1281 1334 im·

113 1374 267 1460 probitas,
292 1393 344 1460 pro
362 1395 398 1438 eo
423 1395 457 1438 ao
479 1374 602 1459 quisque
622 1374 780 1459 eupiditate
797 1373 901 1438 duetus
920 1395 973 1458 per
987 1373 1187 1438 infidelitatem
1210 1374 1280 1438 sub-

113 1477 223 1540 ieotum
243 1497 276 1539 se
295 1476 430 1540 omnibus
448 1476 667 1560 obnoxiumque
690 1476 852 1539 tradiderit.
899 1474 976 1538 Hine
997 1475 1066 1538 ittuu
1089 1477 1213 1560 apostoli
1236 1477 1279 1540 di-

113 1590 214 1658 otum,
238 1583 332 1641 Rodio
348 1583 485 1641 molor-nm
501 1584 622 1642 omnium
636 1592 680 1640 est
694 1583 827 1640 uvarr'tr'o.
876 1577 953 1642 Hine
968 1589 1183 1663 praesumptam
1201 1579 1278 1644 iilam
1294 1575 1424 1673 ¹·0'fffi0ffi

113 1703 154 1745 ae
177 1681 365 1766 depravatam
399 1682 538 1746 salsorum
562 1681 684 1744 deornm
715 1679 882 1766 opinionem
909 1692 1068 1744 execratur
1090 1679 1134 1744 bis
1159 1681 1278 1746 verbisa
1322 1661 1329 1685 ’

114 1789 194 1847 Esco
211 1789 305 1846 nentri
317 1797 347 1846 et
361 1797 458 1846 uenter
473 1790 562 1848 escis.-
586 1789 656 1846 deus
670 1795 762 1846 eutero
778 1796 808 1844 et
821 1786 896 1846 hune
911 1795 941 1845 et
953 1785 1020 1845 illos
1032 1785 1168 1846 destruet.
1203 1780 1277 1865 Qui·
1283 1791 1303 1833 1.
1309 1785 1364 1836 ⁰⁰¹·
1372 1790 1393 1843 θ’
1402 1789 1434 1834 1⁸·

111 1887 172 1950 bus
187 1887 286 1950 verbis
302 1887 416 1950 veratris
433 1887 607 1972 cupiditates
625 1887 673 1950 ttte
688 1887 852 1950 detestatus
866 1895 925 1964 est.
971 1891 1048 1948 Deus
1072 1886 1171 1970 itaque
1187 1889 1401 1948 securta-we.
1412 1893 1434 1937 ⁴·

111 1993 202 2050 lamias
217 1995 381 2050 meoeeoor’t
396 2001 500 2052 menter
516 1992 683 2071 infidelium.
732 1985 800 2070 Quo
815 1987 884 2052 ittut
903 1987 1029 2071 pertinet
1048 1988 1125 2072 quod
1142 1989 1171 2052 in
1188 2007 1279 2052 eran·

111 2090 195 2174 gatto
219 2091 361 2176 legimus,
392 2091 516 2176 primunr
536 2092 615 2155 illurn
637 2101 667 2154 et
685 2091 808 2154 alterum
825 2091 938 2154 dixisse
960 2089 1105 2170 scribam,
1140 2096 1215 2169 Quid
1226 2094 1433 2174 sor-hunbald

111 2197 216 2256 ciendo
232 2198 317 2254 vitum
334 2206 477 2256 aeternam
493 2202 674 2276 consequor?
703 2199 830 2268 Honora,
855 2192 960 2277 inquit,
981 2205 1094 2272 putrem
1108 2206 1137 2254 et
1151 2205 1278 2268 matrem,

110 2301 194 2357 sabat
207 2301 343 2376 seraptem
360 2309 412 2358 eat.
449 2295 520 2360 Non
537 2297 615 2360 enim
635 2296 730 2359 aliena
750 2296 825 2379 tegis
840 2305 927 2358 erant
942 2295 978 2358 ab
995 2315 1031 2358 eo
1045 2296 1193 2373 mandata,
1215 2315 1281 2380 per·

110 2398 243 2481 indeque
260 2397 395 2462 dominus
419 2398 497 2461 iltius
516 2398 726 2463 observatione
751 2398 828 2462 vitae
851 2398 989 2462 eoelestis
1015 2397 1204 2462 hereditatem
1228 2397 1280 2460 ob·

113 2500 207 2562 timeri
222 2500 332 2562 doenit.
378 2498 513 2564 Subieoit
532 2502 568 2564 ad
586 2501 657 2565 haee
675 2501 809 2579 iuvenis,
832 2505 910 2562 Haeo
926 2489 1378 2598 autoramentum-{1314}

112 2606 251 2664 larentia
277 2625 348 2665 meo.
397 2600 466 2686 Quo
495 2604 594 2666 audito
620 2599 758 2667 Christus
780 2608 899 2683 gnor'aos
921 2615 981 2678 est,-
1017 2614 1048 2667 ut
1072 2603 1281 2666 ostendereto

113 2703 272 2768 diuinitate
288 2725 341 2768 sua
360 2725 543 2790 nequaquam
565 2717 720 2791 praecepta
737 2705 812 2790 legis
833 2705 1006 2769 abhorrere.
1041 2702 1116 2769 Cum
1137 2705 1213 2767 enim
1231 2725 1283 2788 ge·

113 2807 201 2869 visus
228 2827 295 2870 esse
315 2807 438 2886 dieitur,
472 2808 583 2872 vetoris
607 2807 775 2872 testamenti
801 2829 867 2870 oum
892 2829 970 2871 novo
992 2807 1217 2871 consensionem
1247 2825 1281 2869 oo

111 2909 304 2972 oonoordiam
329 2909 489 2972 adstruxit.
538 2907 670 2974 instante
695 2931 768 2973 vero
786 2910 991 2989 adolescente,
1016 2920 1063 2988 et,
1094 2913 1169 2989 Quid
1185 2905 1377 3014 odduoffl’fldgs

111 3013 189 3073 mibi
203 3015 301 3073 deest?
329 3012 550 3096 interrogante,
575 3012 709 3076 dominus
729 3012 897 3098 respondit,
928 3017 965 3074 Sr'
979 3018 1022 3074 uis
1038 3016 1185 3096 perfectus
1205 3033 1276 3086 esre,

110 3117 204 3175 vende
217 3135 289 3194 pune
304 3116 400 3187 dobes,
425 3127 454 3175 et
469 3119 505 3175 do
515 3117 707 3196 paoperibus,
733 3127 763 3176 et
775 3137 854 3177 sume
874 3137 985 3178 urucam
1002 3127 1094 3190 mom,
1119 3126 1280 3195 strepuere

111 3239 176 3289 me,
201 3229 230 3276 et
244 3218 360 3278 haustu
379 3221 542 3280 thesaurum
560 3222 590 3279 a'n
604 3221 698 3279 coelo.-
722 3230 754 3279 ot
770 3221 820 3281 itte
842 3223 934 3280 tra'strb
948 3221 1036 3294 nbir't3
1059 3223 1208 3280 eratenim
1230 3219 1282 3278 nd-

110 3323 226 3381 modum
241 3323 328 3380 dives.
378 3315 441 3382 Sub
458 3319 530 3382 bueo
547 3319 698 3398 dominns,
724 3324 851 3382 Facilius
866 3333 925 3396 est,
950 3320 1055 3404 inquit,
1080 3324 1215 3382 camelum
1226 3341 1281 3400 per

104 3425 243 3504 soronam
268 3442 338 3483 aruo
356 3426 473 3502 abgreda'
485 3444 567 3502 quom
583 3425 696 3484 dubitem
719 3428 748 3484 r’n
767 3443 886 3502 regnum
907 3427 1061 3486 coelorum.
1110 3419 1179 3485 ideo
1202 3421 1279 3484 eninr

108 3523 229 3606 ingredi
245 3535 396 3607 nequeunt
410 3525 517 3608 quoda
534 3525 591 3587 deo
607 3523 699 3586 secuti
718 3523 804 3588 buius
822 3525 969 3588 oeoaeeuti
987 3524 1113 3603 fuerint,
1137 3534 1168 3586 et
1181 3519 1280 3585 Mam·

108 3645 232 3689 monam
248 3647 301 3710 pro
318 3626 373 3690 deo
391 3625 500 3689 babere
516 3625 711 3705 instituerint,
735 3647 770 3690 ao
789 3647 823 3690 se
836 3625 962 3710 denique
979 3627 1070 3690 secuti
1088 3626 1144 3689 deo
1159 3633 1278 3708 sponte,

107 3729 232 3792 honest
249 3728 403 3808 avaritiae,
423 3728 615 3792 subiecerint.
648 3727 692 3793 tt
708 3729 783 3812 quod
801 3727 871 3791 ittut
893 3727 1051 3792 saluatoris
1068 3737 1198 3814 spectata
1221 3732 1278 3788 At·
1291 3741 1345 3785 uus.
1361 3743 1399 3796 ra.
1413 3743 1431 3787 t.

106 3833 220 3893 lerrdr'te
235 3853 252 3892 o
265 3834 406 3913 fermento
420 3835 650 3905 Pdorr'soeorum,
668 3835 745 3912 quod
757 3843 800 3892 est
814 3835 993 3913 hypocrysis.
1025 3829 1094 3894 Alio
1110 3850 1184 3894 vero
1198 3829 1275 3906 loeo,

106 3937 197 4012 Quod
216 3945 261 3994 est
281 3938 414 3995 auon'trb.
463 3931 558 3998 Cuius
584 3943 615 3997 ut
638 3934 763 3997 frustum
788 3955 920 4018 opusque
942 3933 1140 4018 signiticaret,
1170 3937 1275 4006 Borea,

105 4034 224 4119 inquit,
256 4041 336 4097 oneri
356 4047 442 4098 aunt:
473 4058 575 4098 ramus
598 4047 690 4098 autem
713 4057 826 4097 onerum
844 4043 873 4099 ιι·
888 4041 989 4111 duent,
1021 4037 1102 4098 morbo
1119 4040 1149 4098 a'n
1166 4037 1277 4118 tbueom
1290 4013 1384 4122 '⁸22²‘ss

102 4141 224 4201 εαᾰειιι.
272 4135 358 4220 Quod
376 4138 513 4204 videlieet
533 4159 587 4202 sna
611 4138 677 4201 iilos
695 4139 868 4202 exoaeoarit
884 4138 1025 4216 avaritia,
1051 4136 1100 4221 qni
1124 4149 1169 4201 est
1192 4137 1278 4201 buius

102 4239 205 4306 secuti
223 4239 307 4320 deus,
331 4261 427 4324 neque
446 4239 482 4303 ob
500 4261 563 4304 earu
580 4240 753 4304 eaecitatem
770 4242 799 4304 in
816 4261 917 4304 eorum
934 4240 1071 4304 cordibus
1088 4241 1278 4327 evangelicus

141 4459 168 4514 a
191 4461 243 4515 ruia
258 4463 327 4514 rodd
347 4473 402 4512 otas.
425 4463 502 4512 eted.
517 4465 593 4527 nuno.
627 4461 677 4532 τῆς
693 4465 730 4516 ed.
744 4466 821 4529 patae
