3154 4930
378 238 514 294 ssttfflt
530 234 596 290 utu.
607 237 640 288 n.
656 235 739 290 Tott.
752 237 784 289 li.
801 237 902 294 blm.
914 237 1007 291 vat.
1207 229 1270 292 457

117 359 238 424 soboles
254 359 331 426 illius
348 359 516 447 disciplinae
531 357 752 422 constituendae
770 358 848 422 rstin
865 359 929 436 luit,
953 377 1006 444 per
1022 381 1106 444 quam
1124 360 1223 426 lolium
1241 361 1271 426 in

118 465 257 528 mnndum
275 463 495 528 disseminatum
510 472 567 526 est.
613 455 690 523 Huic
707 459 783 523 enim
801 461 907 524 semini
923 461 1096 526 simillimam
1111 463 1271 528 doctrinam

116 567 261 631 evomuit.
308 565 405 650 Quam
427 566 516 630 multa
539 584 626 650 porro
647 562 790 627 adversus
812 572 919 628 tantam
943 563 1093 628 bistrinnis
1116 565 1201 631 buius
1223 587 1272 631 ιι-

118 669 257 732 lumniam
277 669 383 755 opponi
407 679 545 754 possunt,
570 666 645 751 quod
669 664 824 749 unicuique
846 676 985 730 constare
1007 677 1114 752 potest.
1160 668 1207 731 Ac
1228 679 1271 732 ta·

116 772 204 836 metsi
227 772 370 858 perpolito
385 771 415 834 iu
434 770 589 834 refutando
612 783 792 852 nequaquam
812 767 984 832 adbibeolur
1004 768 1126 850 cretio,
1141 771 1214 834 sutis
1235 771 1270 834 ad

115 874 316 938 incutiendum
334 873 392 938 illis
407 873 548 959 pudorem
567 871 671 949 luerit,
695 879 727 934 ut
742 869 770 933 id
787 868 977 955 intelligatur,
1001 872 1143 938 eiusmodi
1161 872 1196 936 ab
1214 871 1271 936 illis

115 976 237 1040 decreto
255 976 371 1040 delendi
393 995 467 1060 quac
493 985 628 1039 constare
649 971 704 1036 sibi
729 983 894 1055 nequeant,
919 993 1014 1058 neque
1031 974 1089 1038 vim
1111 975 1197 1039 ullam
1221 986 1272 1039 sut

115 1079 232 1166 pondus
255 1079 392 1142 babeant.
437 1075 555 1140 Etenim
585 1075 683 1161 priora
710 1075 921 1160 posterioribus
948 1077 1074 1157 evertit,
1107 1077 1270 1163 posteriora

115 1181 207 1264 longe
222 1201 239 1244 a
257 1181 402 1267 primibus
420 1181 537 1244 divorsa
553 1177 699 1265 proponit.
743 1174 885 1242 Mundum
902 1177 976 1242 alias
993 1179 1083 1242 odeo
1100 1182 1270 1265 productum

115 1284 243 1363 usserit,
268 1285 340 1348 alias
358 1305 376 1348 a
393 1280 597 1367 Principibus,
621 1290 653 1378 nt
671 1279 734 1344 eius
755 1279 833 1343 nulla
850 1299 890 1344 ex
907 1291 989 1365 parte
1006 1302 1109 1347 nauseo
1130 1283 1170 1348 sit
1184 1283 1268 1362 deus,

114 1388 170 1450 sed
186 1386 293 1471 etipse
310 1386 434 1450 mundus
449 1387 586 1448 intereat.
630 1381 849 1467 Nonnunquam
867 1383 1077 1449 firmamentum
1095 1386 1185 1470 pelles
1202 1407 1270 1452 esse

113 1485 286 1574 Principum
302 1490 399 1568 docet,
424 1509 497 1574 quos
512 1487 657 1552 interdurn
674 1506 763 1570 supra
778 1485 807 1548 in
825 1486 892 1570 poin
909 1486 940 1550 in
959 1507 1047 1551 eruce
1064 1489 1185 1552 suffixos
1202 1509 1270 1554 esse

14 1635 15 1638 κ
114 1591 205 1669 dicit,
229 1611 264 1654 ac
280 1589 465 1670 discurrere,
489 1600 519 1654 et
535 1589 615 1654 velut
631 1590 723 1654 nubes
741 1588 905 1668 obducere,
929 1589 1135 1674 proritarique,
1159 1602 1190 1656 et
1207 1592 1271 1656 libi·

14 1739 15 1742 ,
114 1693 193 1756 dinis
211 1693 337 1757 stimulis
361 1693 397 1756 ad
417 1703 565 1778 aspectum
590 1691 731 1776 virginis,
759 1703 790 1755 et
810 1692 1006 1756 adolescentis
1029 1693 1270 1778 pulchritudinem

14 1843 15 1850 1
113 1795 270 1860 concitari.
317 1791 345 1859 0
364 1794 512 1858 infamiam
532 1793 726 1878 singularem!
774 1792 851 1878 Quid
867 1794 1033 1878 eotmtngt
1050 1806 1148 1880 potest
1163 1796 1271 1883 impro-

111 1898 202 1962 biusi
230 1898 296 1982 qnid
324 1898 475 1962 molestius
500 1917 535 1961 ac
559 1897 689 1982 turpius,
713 1917 799 1980 quam
823 1896 957 1960 veritatis
981 1898 1113 1983 spiritum
1137 1895 1270 1964 muliebri

112 1999 174 2065 sibi
189 2000 281 2084 figura
302 1999 487 2078 describere,
512 1999 693 2084 eundemque
717 1999 815 2063 dicere
835 2019 1044 2084 nonnunquam
1063 2002 1152 2066 moris
1171 2002 1269 2086 specie

111 2099 301 2189 Principibus
316 2104 478 2188 apparere?
520 2101 598 2166 Nom
615 2122 680 2166 cum
699 2113 782 2187 torpa
798 2103 838 2166 sit
852 2103 947 2166 virum
966 2123 1001 2166 eo
1016 2102 1207 2168 temulentiae
1223 2104 1268 2168 iu·

112 2204 319 2289 scientiaeque
334 2204 484 2290 progredi,
508 2215 539 2268 nt
554 2204 724 2270 muliebrem
743 2203 870 2268 babitum
886 2225 922 2268 an
937 2206 1059 2268 iormam
1075 2206 1188 2284 induat,
1208 2217 1268 2270 ιιιιι

113 2327 189 2373 vero
206 2307 403 2393 turpissimum
418 2319 475 2385 est,
500 2307 686 2371 mulierculas
701 2307 730 2369 iu
745 2307 826 2372 viros
842 2308 1014 2372 commutari
1029 2328 1065 2371 ne
1078 2309 1191 2372 virilem
1208 2309 1269 2372 cul-

112 2422 177 2475 tum
192 2410 326 2475 induere.
372 2408 493 2493 Quanto
511 2429 582 2473 vero
600 2408 742 2473 maiores
762 2409 891 2496 pessimo
906 2410 957 2472 illo
975 2410 1076 2474 lictore
1092 2407 1268 2474 Maniebeeo

112 2513 222 2578 iniuris
243 2512 359 2576 divinus
382 2511 433 2576 ille
452 2511 584 2576 veritatis
608 2511 727 2597 spiritus
748 2512 889 2575 allicitur?
931 2507 992 2575 Sed
1014 2511 1085 2575 illud
1105 2512 1178 2576 nolo
1198 2511 1268 2574 mibi

112 2617 209 2693 dicas,
234 2615 337 2700 quibus
353 2613 427 2678 eutis
443 2615 574 2678 detracta
588 2614 639 2693 sit,
663 2613 791 2678 libidinis
806 2613 930 2678 stimulis
948 2614 1053 2698 agitari
1071 2614 1119 2698 qui
1136 2614 1267 2699 possint?

110 2729 164 2782 aut
181 2717 337 2802 quomodo,
361 2713 511 2801 postquam
529 2717 560 2780 in
577 2735 693 2781 erucem
711 2717 767 2780 acti
783 2726 869 2796 suot,
892 2716 968 2801 pelle
986 2715 1086 2780 sudati
1105 2728 1185 2797 sunt,
1207 2717 1267 2780 imo

110 2841 205 2900 vero,
230 2821 255 2884 si
272 2817 352 2883 cruci
369 2820 446 2882 aliisi
464 2829 551 2897 suut,
575 2839 701 2903 quonam
717 2819 831 2883 ratiosm
847 2819 883 2882 ad
902 2816 1051 2882 Virtutem
1071 2818 1168 2898 illam,
1192 2839 1267 2903 quse

110 2933 237 3009 repente
259 2923 424 3007 dispsrest,
448 2931 571 3007 possunt
593 2922 771 2986 accurreret
813 2919 929 2985 Deinde
945 2941 1019 2986 vero
1037 2922 1102 3006 quis
1117 2933 1268 2986 contume·

110 3025 220 3090 liosum
238 3025 324 3087 istum
344 3025 373 3088 iu
392 3025 475 3088 deum
496 3023 642 3086 bominem
660 3024 737 3086 ierre
758 3023 868 3108 possit,
888 3024 940 3108 'qui
959 3045 1013 3088 nos
1030 3021 1197 3110 Principum
1218 3045 1268 3088 su·

111 3127 234 3192 duribus
247 3125 286 3190 ati
303 3126 423 3212 sentiet,
446 3137 533 3210 atque
552 3146 591 3192 ex
605 3124 782 3190 foedissimis
798 3126 913 3190 illorum
930 3127 1130 3190 excrementis
1145 3127 1267 3190 imbrem

110 3229 200 3296 nobis
217 3228 328 3293 emitti?
372 3224 435 3293 Cur
456 3238 553 3292 entem
572 3239 669 3312 potum
688 3227 752 3314 ipse
771 3248 837 3292 enm
855 3229 1003 3315 discipulis
1026 3231 1089 3294 suis
1110 3230 1208 3294 brutis
1228 3250 1266 3292 ex

110 3332 206 3396 imbre
223 3332 396 3395 collectum?
437 3327 548 3394 Nonne
562 3330 660 3394 statim
676 3330 814 3395 ridiculus
832 3331 942 3416 estqui
958 3334 1091 3419 corporis
1107 3333 1267 3396 necessita-

109 3434 190 3498 tibus
204 3432 370 3518 obsequens
384 3433 521 3498 sudorem
536 3431 636 3496 bibuli
678 3431 756 3496 Nom
774 3445 805 3498 nt
821 3434 973 3520 disparsit
989 3445 1151 3520 peccatum,
1171 3453 1266 3519 poeno

109 3549 209 3601 tomen
235 3535 262 3608 ei
289 3536 336 3620 qui
365 3535 475 3600 invitus
502 3546 605 3621 peccat
629 3535 715 3620 longe
741 3534 837 3600 minor
861 3536 1033 3623 proponitur
1058 3557 1144 3621 qnam
1166 3536 1195 3600 ei
1217 3536 1266 3619 qui

108 3649 219 3726 sponte
235 3639 425 3704 commiserit.
471 3636 558 3702 Licet
574 3638 669 3717 onim,
694 3640 770 3724 quod
788 3640 886 3723 reipsa
903 3659 961 3702 nnn
981 3651 1043 3718 est,
1066 3657 1168 3702 verum
1186 3648 1267 3702 esset

109 3743 189 3828 quod
207 3742 334 3806 furiosus
352 3741 400 3805 ille
419 3741 512 3825 lingit,
537 3741 628 3804 ceteri
644 3741 758 3826 quidem
775 3741 920 3820 homines,
945 3741 993 3826 qui
1009 3741 1133 3804 sudores
1150 3759 1185 3803 ac
1204 3741 1267 3803 loe·

108 3848 166 3909 das
184 3844 374 3909 exuretinnes
398 3844 554 3928 ignorant,
579 3864 643 3907 cum
665 3854 825 3929 aquantur,
850 3855 900 3910 aut
922 3853 1039 3930 potent,
1063 3842 1150 3906 venia
1172 3843 1265 3927 magis

146 3998 186 4050 ll.
206 3991 310 4062 t'utqn‘'
295 4015 340 4052 οτι
357 3996 393 4052 δὲ.
739 3995 778 4048 14.
806 3993 884 4052 no'rod
909 4001 999 4048 restitui
1023 4013 1053 4049 es
1075 3999 1168 4060 smtptie
1191 3999 1264 4048 tibris.

145 4066 185 4118 12
202 4069 239 4118 ltu
255 4071 394 4129 comptonam
409 4069 473 4118 ttbm.
491 4071 585 4130 uterquc
600 4072 621 4118 et
635 4069 671 4116 ed.
705 4068 769 4116 Editi
785 4067 869 4116 tonent
886 4060 977 4118 odedu

104 4139 184 4200 price
219 4138 245 4186 ln
258 4135 312 4184 edit.
329 4136 435 4198 Petunti,
452 4139 493 4198 qui
508 4137 672 4198 sueptcnbutnr
741 4135 778 4184 15.
798 4133 918 4200 σιμᾶτ(
905 4135 971 4200 (ιι..ι
989 4132 1126 4201 σωμάτων)
1144 4135 1264 4186 undllbe·

107 4200 285 4267 misoscum,
303 4208 367 4253 estat
384 4172 449 4286 bqt'p
435 4220 478 4255 υυε
472 4201 562 4256 'sobac
704 4203 753 4266 dtq.

146 4273 185 4322 13.
204 4273 310 4321 Fortmm
325 4265 500 4340 αἰσχροτάιης.
537 4273 601 4321 Certe
621 4273 671 4333 eos·
742 4265 779 4320 16.
796 4270 832 4338 rqi
857 4273 946 4320 ιιιιιιι·
901 4285 988 4322 auses
1004 4274 1069 4322 ιιιιιι
1084 4283 1157 4321 manu
1177 4285 1264 4322 ιιιιιι·

104 4343 237 4424 stupentur
267 4353 391 4402 queen
359 4341 404 4403 fine
428 4343 512 4402 cupitis
538 4343 671 4402 repetentur
704 4341 740 4390 tit.
775 4339 839 4388 Editi
853 4342 964 4401 praebent
980 4335 1018 4392 τι.

105 4403 257 4492 α’γιοοῦιτις
280 4403 392 4474 lipsien<
413 4407 457 4461 και
480 4405 606 4477 ἐκκρίσεις
629 4405 670 4461 αἰ·
741 4403 778 4457 17.
796 4402 888 4464 πλάνος
904 4409 933 4457 ιιι
950 4411 1081 4461 ιιιιιιιιιιι
1103 4413 1203 4474 reposui.
1236 4411 1264 4461 ln

107 4473 198 4546 cppdq.
703 4475 768 4526 libris
784 4479 817 4528 ιιι
833 4471 896 4541 ιιλήι
914 4475 944 4530 tl.
