3176 4930
244 242 254 260 ·
370 253 507 305 causan
525 253 588 306 urs.
602 254 634 304 ιι.
650 251 766 305 nour.
783 249 986 305 usuuuxtv.
1199 238 1261 302 287

103 393 190 437 suum
214 373 283 437 illud
305 373 342 436 de
366 373 494 438 tollenda
518 373 736 436 resurrectione
758 372 863 454 dogma
888 371 1043 454 procedat3
1072 369 1120 453 qui
1143 369 1210 433 ideo
1232 380 1262 432 ut
1362 405 1364 412 ‹

104 497 173 539 osse
190 477 331 561 quaedam
351 475 542 558 intelligibilia
560 487 590 538 et
609 495 714 538 carnes
731 473 865 538 similiter
885 471 1083 555 intelligibiles
1104 471 1261 536 commenti

102 589 190 657 sunt,
215 579 333 642 ansuis
358 578 507 661 allegoriis
529 577 603 640 alies
628 577 715 640 aliter
740 597 855 640 sursum
881 575 1075 657 deorsumque
1101 595 1168 636 sese
1191 593 1262 638 eou-

103 692 236 744 vertunt.
281 680 375 765 Atqui
392 679 464 744 baec
481 679 602 766 perinde
622 699 656 742 ae
673 679 779 764 scripta
797 685 866 740 sunt
881 675 1050 760 accipienda
1067 696 1134 738 esse
1150 672 1261 740 Christi

103 784 259 846 eoulirmat
274 783 446 860 auctoritas,
472 781 521 846 ubi
539 780 787 864 interrogantibus
802 777 972 842 Pltarisaeis
991 779 1029 841 de
1043 779 1146 842 uxoris
1163 780 1263 842 divor·

103 887 147 948 tio
173 887 350 970 respondet,
381 887 431 948 At
453 890 536 948 eieittb
562 889 614 965 qai
632 888 742 945 creauit
767 885 920 943 masculam
943 894 972 942 et
991 883 1124 963 firmittem
1138 883 1217 964 secit
1235 890 1415 949 efflant-tbi-

101 991 196 1062 deicit,
220 993 341 1068 Propter
362 991 415 1048 boc
437 991 580 1068 relrbquct
601 989 682 1047 domo
701 996 813 1066 putrem
836 995 864 1046 ct
885 975 1016 1057 matrem,
1041 997 1095 1046 etc.
1143 984 1261 1068 Alioqui

103 1091 252 1173 quomodo
267 1091 302 1154 de
317 1089 423 1154 animis
440 1090 511 1152 solis
530 1088 651 1172 intelligi
670 1088 745 1150 istud
764 1097 877 1171 potest:
902 1091 1028 1148 Crescite
1041 1099 1071 1148 et
1083 1091 1188 1168 replete
1204 1100 1260 1148 ter-
1273 1097 1402 1151 uentae.

100 1199 191 1256 rum?
223 1189 296 1255 ltem
316 1191 404 1256 illud:
428 1198 551 1273 Accepit
565 1195 684 1253 deur-de
699 1195 765 1253 irino
783 1201 887 1262 terroe,
914 1201 944 1250 ct
950 1193 1093 1272 formavit
1104 1193 1263 1252 iomanem?
1275 1200 1334 1246 tter.
1343 1202 1363 1246 t.
1375 1201 1396 1246 t.

103 1291 193 1376 Quod
211 1296 246 1357 de
266 1317 390 1378 corpore
409 1295 525 1379 proprie
542 1295 650 1358 dictum
668 1291 794 1357 videtur.
840 1289 948 1374 Neque
965 1293 1041 1354 euim
1065 1296 1100 1355 dc
1121 1292 1190 1356 limo
1212 1294 1262 1356 de·

102 1417 161 1480 que
176 1396 362 1480 gravioribus
378 1396 437 1460 illis
453 1397 658 1480 concretisque
675 1395 763 1458 rebus
778 1415 860 1460 suam
878 1393 973 1458 anima
990 1405 1121 1458 naturam
1140 1416 1263 1478 expres·

102 1499 156 1561 sit.
203 1497 330 1582 Exque
355 1499 519 1562 certissime
541 1499 610 1562 illud
636 1497 777 1573 efficitur,
808 1508 876 1560 ante
901 1496 1039 1581 pelliceas
1060 1499 1125 1562 illas
1149 1498 1262 1562 tunicas

103 1621 232 1686 corpore
248 1602 408 1687 praeditum
427 1602 572 1666 homiuem
593 1602 695 1664 luisse.
741 1598 823 1664 ttaec
840 1599 916 1663 enim
935 1601 1032 1663 omnia
1050 1611 1118 1664 ante
1135 1600 1262 1663 bominis

102 1703 218 1788 lapsum
237 1705 422 1788 pronuntiatu
440 1723 508 1768 csse
531 1713 662 1781 constat,
688 1713 786 1766 cetera
803 1723 875 1765 vero
894 1703 1045 1765 tetanicis
1063 1703 1180 1766 troarnisi
1197 1712 1262 1787 post

103 1806 231 1890 lapsum.
278 1803 478 1888 Quamobrem
494 1805 709 1871 consideranda
727 1804 811 1868 nobis
834 1826 921 1888 porro
938 1816 1007 1868 sunt
1023 1825 1098 1888 quac
1118 1806 1147 1867 iu
1172 1805 1262 1867 mani·

102 1908 159 1972 bus
186 1907 342 1986 babemus,
373 1929 437 1972 cum
464 1909 532 1972 illud
560 1907 675 1972 abunde
698 1908 1015 1986 demonstraverimus,
1044 1917 1177 1971 scorteos
1199 1906 1263 1970 illus

103 2010 222 2074 tunicas
238 2031 363 2095 corpora
380 2033 438 2074 uon
459 2011 561 2089 luisse,
585 2011 636 2074 sed
653 2010 731 2074 illam
749 2031 765 2072 a
781 2010 895 2074 ratione
908 2011 990 2074 velut
1003 2009 1168 2074 animalium
1185 2030 1263 2074 mor-

102 2123 164 2176 tem
184 2122 252 2175 tuno
268 2113 408 2198 temporis
424 2114 601 2196 perlectam,
625 2113 680 2176 boe
696 2113 773 2176 enirn
789 2113 904 2176 demum
920 2123 1068 2198 superest.
1115 2109 1264 2194 Quocirca

102 2225 194 2278 extra
211 2211 346 2278 Paradisi
364 2217 504 2279 terminos
523 2216 640 2279 obeam
665 2236 799 2278 caussam
822 2215 948 2280 eiicitur.
993 2211 1063 2279 Nou
1087 2219 1165 2278 enim
1187 2216 1262 2298 quod

104 2337 145 2380 ex
163 2315 271 2380 arbore
288 2318 367 2382 vitae
391 2339 477 2402 poma
497 2319 656 2402 decerpere
676 2337 712 2380 ac
729 2319 885 2382 comedere
909 2316 1000 2382 nollet
1023 2317 1169 2380 bominem
1191 2319 1264 2380 deus

102 2418 173 2482 ideo
190 2419 367 2498 deturbavit,
391 2430 507 2505 poterat
521 2420 626 2504 quippe
644 2420 674 2482 iu
690 2421 900 2504 sempiternum
914 2421 1035 2498 vivere,
1060 2442 1125 2482 cum
1140 2419 1262 2484 subinde

103 2541 144 2585 ex
166 2521 250 2585 vitali
273 2521 322 2585 illa
346 2523 453 2586 arbore
480 2521 675 2586 comedisset:
706 2523 758 2586 sed
784 2543 820 2586 ne
845 2523 1028 2600 immortale,
1057 2523 1098 2586 uti
1120 2523 1261 2601 diximus,

102 2623 215 2688 malum
238 2633 335 2702 esset,
367 2624 423 2688 sibi
443 2625 603 2688 cavendum
624 2625 748 2710 putavit.
794 2624 914 2709 Alioqui
931 2625 998 2709 quid
1018 2623 1160 2688 attinebat
1176 2621 1265 2688 libri-

101 2737 182 2788 stum
201 2725 230 2788 in
249 2736 344 2790 terras
363 2747 379 2790 e
398 2725 483 2790 coelo
507 2726 640 2806 mittere,
665 2728 690 2792 si
714 2726 833 2790 omuino
856 2727 935 2792 nulla
950 2728 1029 2792 vitae
1048 2738 1130 2812 parte
1148 2737 1264 2811 gustata

102 2827 255 2892 bominem
277 2831 394 2913 penitus
418 2829 508 2894 vellet
530 2829 685 2914 extingui?
730 2827 815 2912 Quod
839 2831 864 2893 si
888 2831 1026 2894 nonnulla
1049 2829 1142 2892 veluti
1164 2829 1264 2912 poeui-

102 2931 199 2996 teutia
225 2932 341 2996 ductum
363 2930 441 2996 istud
464 2933 562 3016 egisse
585 2933 669 2996 deum
695 2933 883 2997 adversarius
903 2932 1039 3012 obiiciat,
1063 2931 1208 2996 imbecilla
1229 2953 1265 2996 ea

102 3035 184 3098 ratio
208 3045 271 3112 est,
304 3055 378 3118 quae
403 3034 518 3098 consilii
542 3033 571 3096 iu
597 3035 681 3098 deum
706 3035 896 3100 mutationem
915 3034 1039 3099 invehit.
1086 3031 1147 3100 Sed
1170 3056 1265 3120 neque

102 3136 227 3220 ignarus
246 3135 336 3198 luturi
353 3137 425 3200 deus
442 3147 504 3215 est,
528 3157 584 3200 uec
599 3137 722 3202 effector
738 3138 823 3216 mali,
848 3138 898 3200 sed
915 3147 946 3200 et
963 3138 1058 3202 bouus
1072 3137 1203 3223 inprimis
1219 3149 1265 3201 est

103 3251 136 3302 et
154 3239 318 3302 futurorum
337 3239 500 3322 praescius.
547 3237 648 3322 Quare
666 3261 725 3304 uon
740 3240 807 3303 ideo
826 3241 950 3304 eiecisse
968 3241 1113 3324 putandus
1129 3251 1186 3319 est,
1212 3261 1261 3319 ne,

102 3342 130 3405 si
151 3361 191 3404 ex
214 3339 330 3404 arboris
347 3340 425 3405 vitae
445 3342 540 3406 lructu
563 3343 747 3421 comederet,
771 3344 801 3407 iu
820 3353 971 3406 aeteruum
989 3345 1152 3408 servandus
1175 3345 1262 3422 leret,

102 3443 160 3506 sed
178 3452 212 3504 ut
227 3452 377 3526 peccatum
395 3443 517 3528 primum
534 3445 662 3508 oruninm
680 3455 774 3509 morte
790 3446 994 3531 perimeretur,
1018 3457 1105 3529 atquc
1122 3447 1173 3525 ito,
1198 3467 1263 3510 cunr

103 3555 189 3608 esset
206 3555 357 3624 mortuus,
382 3545 464 3609 velut
479 3556 651 3630 consumpto
669 3545 857 3632 eliquatoque
871 3558 991 3634 peccato
1007 3549 1154 3612 excitatus
1169 3549 1204 3611 ad
1220 3549 1263 3612 vi·

104 3657 167 3710 tam
191 3646 279 3710 bomo
301 3667 336 3710 ao
359 3647 459 3732 purior
481 3649 574 3714 lactus
596 3649 656 3712 vita
679 3661 863 3714 vesceretur.
1298 3695 1332 3746 ce

192 3746 261 3812 Nec
276 3751 410 3834 estquod
427 3750 550 3815 stolidus
562 3750 703 3837 quispiam
720 3763 832 3817 temere
847 3751 957 3816 iactare
971 3755 1077 3818 audeat
1091 3753 1177 3818 aliter
1188 3752 1260 3816 llaec
1285 3714 1387 3817 thtlt.

103 3871 176 3916 esse
202 3851 401 3936 pronuntiata.
451 3851 529 3916 Nam
552 3854 601 3938 qui
628 3875 746 3918 curnem
774 3855 848 3918 banc
872 3856 1081 3920 immortalitati
1105 3832 1398 3940 cupientissimi

102 3957 243 4048 idoneam
261 3975 327 4018 esse
348 3955 464 4040 penitus
480 3965 584 4039 negat,
611 3955 656 4020 bic
673 3959 813 4022 vesaniae
833 3958 934 4022 morbo
953 3957 1090 4021 laborans
1111 3968 1262 4025 coutume-

104 4058 192 4122 liosis
208 4058 237 4120 in
253 4057 338 4120 deum
358 4055 480 4122 vocibus
500 4057 602 4122 utitur.
649 4055 712 4126 Cur·
726 4059 822 4138 onim,
848 4069 1035 4143 posteaquam
1057 4058 1195 4142 pelliceae
1218 4071 1264 4124 tu·

104 4162 194 4225 nicae
212 4169 353 4222 consutae
369 4170 456 4237 suut,
481 4157 613 4224 Adamas
630 4161 746 4224 eiiuitur
761 4181 796 4223 uc
810 4159 887 4224 vitoe
906 4162 1041 4225 arborem
1057 4161 1202 4244 attingere
1220 4163 1264 4225 vi·

103 4279 240 4346 vereque
262 4249 450 4346 prohibetur,
480 4261 506 4326 si
528 4263 592 4327 lieri
616 4263 735 4326 omnium
757 4285 816 4327 non
840 4275 937 4348 potest
956 4273 987 4327 ut
1002 4263 1033 4326 in
1054 4263 1264 4349 sempiternum

139 4417 165 4470 t.
182 4413 304 4482 insinues
318 4409 427 4482 nicode,
445 4414 490 4471 set
508 4421 618 4471 Gattond.
663 4423 665 4431 '
706 4418 762 4538 etp.
777 4421 860 4538 ,lam
879 4416 924 4471 sal
944 4413 991 4485 τὴν
1007 4415 1106 4488 μητέρα
1127 4433 1174 4472 noo
1197 4420 1265 4472 boba

727 4501 776 4539 cn
811 4523 817 4537 .
