<?xml version="1.0" encoding="UTF-8"?>
<!DOCTYPE html PUBLIC "-//W3C//DTD XHTML 1.0 Transitional//EN"
    "http://www.w3.org/TR/xhtml1/DTD/xhtml1-transitional.dtd">
<html xmlns="http://www.w3.org/1999/xhtml" xml:lang="en" lang="en">
 <head>
  <title>
</title>
<meta http-equiv="Content-Type" content="text/html;charset=utf-8" />
  <meta name='ocr-system' content='tesseract 3.04.00' />
  <meta name='ocr-capabilities' content='ocr_page ocr_carea ocr_par ocr_line ocrx_word'/>
</head>
<body>
  <div class='ocr_page' id='page_1' title='image "./corporishaerese02oehlgoog_0550.png"; bbox 0 0 3154 4930; ppageno 0'>
   <div class='ocr_carea' id='block_1_1' title="bbox 367 227 1258 298">
    <p class='ocr_par' dir='ltr' id='par_1_1' title="bbox 367 227 1258 298">
     <span class='ocr_line' id='line_1_1' title="bbox 367 227 1258 298; baseline 0 -2"><span class='ocrx_word' id='word_1_1' title='bbox 367 243 504 298; x_wconf 77' lang='lat' dir='ltr'><strong>ananau</strong></span> <span class='ocrx_word' id='word_1_2' title='bbox 521 241 585 296; x_wconf 84' lang='lat' dir='ltr'><strong>nra.</strong></span> <span class='ocrx_word' id='word_1_3' title='bbox 598 245 630 296; x_wconf 89' lang='lat' dir='ltr'><strong>u.</strong></span> <span class='ocrx_word' id='word_1_4' title='bbox 646 240 729 298; x_wconf 83' lang='lat' dir='ltr'><strong>rora.</strong></span> <span class='ocrx_word' id='word_1_5' title='bbox 741 245 772 296; x_wconf 92' lang='lat' dir='ltr'><strong>u.</strong></span> <span class='ocrx_word' id='word_1_6' title='bbox 789 243 890 297; x_wconf 84' lang='lat' dir='ltr'><strong>nanu.</strong></span> <span class='ocrx_word' id='word_1_7' title='bbox 903 241 995 297; x_wconf 84' lang='lat' dir='ltr'><strong>nxvr.</strong></span> <span class='ocrx_word' id='word_1_8' title='bbox 1197 227 1258 296; x_wconf 81' lang='lat' dir='ltr'><strong>aaa</strong></span> 
     </span>
    </p>
   </div>
   <div class='ocr_carea' id='block_1_2' title="bbox 113 361 1387 1868">
    <p class='ocr_par' dir='ltr' id='par_1_2' title="bbox 118 361 1360 752">
     <span class='ocr_line' id='line_1_2' title="bbox 119 361 1360 446; baseline 0.002 -18"><span class='ocrx_word' id='word_1_9' title='bbox 119 369 289 446; x_wconf 55' lang='lat' dir='ltr'><strong>werpum</strong></span> <span class='ocrx_word' id='word_1_10' title='bbox 304 381 339 428; x_wconf 83' lang='lat' dir='ltr'><strong>ee</strong></span> <span class='ocrx_word' id='word_1_11' title='bbox 355 369 510 428; x_wconf 69' lang='lat' dir='ltr'><strong>lbtmmtea</strong></span> <span class='ocrx_word' id='word_1_12' title='bbox 526 369 605 428; x_wconf 80' lang='lat' dir='ltr'><strong>uelat</strong></span> <span class='ocrx_word' id='word_1_13' title='bbox 621 371 650 428; x_wconf 64' lang='grc' dir='ltr'><strong>ἔτι</strong></span> <span class='ocrx_word' id='word_1_14' title='bbox 667 365 807 446; x_wconf 70' lang='lat' dir='ltr'><strong>utampbo</strong></span> <span class='ocrx_word' id='word_1_15' title='bbox 828 369 966 428; x_wconf 64' lang='lat' dir='ltr'><strong>tamone.</strong></span> <span class='ocrx_word' id='word_1_16' title='bbox 1013 361 1045 428; x_wconf 90' lang='lat' dir='ltr'><strong>ln</strong></span> <span class='ocrx_word' id='word_1_17' title='bbox 1069 375 1163 429; x_wconf 87' lang='lat' dir='ltr'><strong>morto</strong></span> <span class='ocrx_word' id='word_1_18' title='bbox 1184 383 1257 430; x_wconf 84' lang='lat' dir='ltr'><strong>vero</strong></span> <span class='ocrx_word' id='word_1_19' title='bbox 1271 385 1360 430; x_wconf 70' lang='lat' dir='ltr'><strong>aaran.</strong></span> 
     </span>
     <span class='ocr_line' id='line_1_3' title="bbox 120 437 1349 554; baseline 0 -22"><span class='ocrx_word' id='word_1_20' title='bbox 120 478 257 554; x_wconf 73' lang='lat' dir='ltr'><strong>peceatum</strong></span> <span class='ocrx_word' id='word_1_21' title='bbox 275 467 439 546; x_wconf 81' lang='lat' dir='ltr'><strong>damnavit,</strong></span> <span class='ocrx_word' id='word_1_22' title='bbox 468 468 665 554; x_wconf 79' lang='lat' dir='ltr'><strong>insepultura</strong></span> <span class='ocrx_word' id='word_1_23' title='bbox 684 466 863 552; x_wconf 86' lang='lat' dir='ltr'><strong>iniquitatem</strong></span> <span class='ocrx_word' id='word_1_24' title='bbox 880 466 1012 553; x_wconf 77' lang='lat' dir='ltr'><strong>sepeliit,</strong></span> <span class='ocrx_word' id='word_1_25' title='bbox 1036 449 1258 552; x_wconf 51' lang='lat' dir='ltr'><strong>iu&#39;tlegustauda</strong></span> <span class='ocrx_word' id='word_1_26' title='bbox 1282 437 1349 493; x_wconf 56' lang='lat' dir='ltr'><strong>&#39;&#39;l‘&#39;</strong></span> 
     </span>
     <span class='ocr_line' id='line_1_4' title="bbox 120 569 1359 682; baseline 0 -48"><span class='ocrx_word' id='word_1_27' title='bbox 120 581 203 634; x_wconf 83' lang='lat' dir='ltr'><strong>morte</strong></span> <span class='ocrx_word' id='word_1_28' title='bbox 221 575 363 632; x_wconf 75' lang='lat' dir='ltr'><strong>stimulum</strong></span> <span class='ocrx_word' id='word_1_29' title='bbox 380 575 478 632; x_wconf 69' lang='lat' dir='ltr'><strong>morus</strong></span> <span class='ocrx_word' id='word_1_30' title='bbox 493 573 627 654; x_wconf 62' lang='lat' dir='ltr'><strong>refregit,</strong></span> <span class='ocrx_word' id='word_1_31' title='bbox 657 572 686 634; x_wconf 90' lang='lat' dir='ltr'><strong>iu</strong></span> <span class='ocrx_word' id='word_1_32' title='bbox 705 591 761 634; x_wconf 89' lang='lat' dir='ltr'><strong>sno</strong></span> <span class='ocrx_word' id='word_1_33' title='bbox 773 570 825 634; x_wconf 88' lang='lat' dir='ltr'><strong>illo</strong></span> <span class='ocrx_word' id='word_1_34' title='bbox 845 571 880 634; x_wconf 86' lang='lat' dir='ltr'><strong>od</strong></span> <span class='ocrx_word' id='word_1_35' title='bbox 903 570 1015 634; x_wconf 86' lang='lat' dir='ltr'><strong>iuleros</strong></span> <span class='ocrx_word' id='word_1_36' title='bbox 1032 569 1175 634; x_wconf 79' lang='lat' dir='ltr'>descensu</span> <span class='ocrx_word' id='word_1_37' title='bbox 1191 591 1258 656; x_wconf 86' lang='lat' dir='ltr'><strong>spo·</strong></span> <span class='ocrx_word' id='word_1_38' title='bbox 1271 572 1359 682; x_wconf 49' lang='lat' dir='ltr'><strong>{gfff</strong></span> 
     </span>
     <span class='ocr_line' id='line_1_5' title="bbox 118 671 1260 752; baseline 0 -16"><span class='ocrx_word' id='word_1_39' title='bbox 118 673 160 737; x_wconf 84' lang='lat' dir='ltr'><strong>liu¹</strong></span> <span class='ocrx_word' id='word_1_40' title='bbox 170 671 293 738; x_wconf 78' lang='lat' dir='ltr'><strong>detraxit</strong></span> <span class='ocrx_word' id='word_1_41' title='bbox 311 671 430 752; x_wconf 86' lang='lat' dir='ltr'><strong>inieris,</strong></span> <span class='ocrx_word' id='word_1_42' title='bbox 454 673 569 738; x_wconf 86' lang='lat' dir='ltr'><strong>rinetoa</strong></span> <span class='ocrx_word' id='word_1_43' title='bbox 590 671 760 738; x_wconf 82' lang='lat' dir='ltr'><strong>tortitudine</strong></span> <span class='ocrx_word' id='word_1_44' title='bbox 784 691 836 737; x_wconf 90' lang='lat' dir='ltr'><strong>sua</strong></span> <span class='ocrx_word' id='word_1_45' title='bbox 858 673 1010 752; x_wconf 86' lang='lat' dir='ltr'><strong>liberarit,</strong></span> <span class='ocrx_word' id='word_1_46' title='bbox 1034 672 1176 736; x_wconf 81' lang='lat' dir='ltr'><strong>adversus</strong></span> <span class='ocrx_word' id='word_1_47' title='bbox 1198 674 1260 736; x_wconf 77' lang='lat' dir='ltr'><strong>tia-</strong></span> 
     </span>
    </p>

    <p class='ocr_par' dir='ltr' id='par_1_3' title="bbox 119 771 1260 861">
     <span class='ocr_line' id='line_1_6' title="bbox 119 771 1260 861; baseline 0.001 -22"><span class='ocrx_word' id='word_1_48' title='bbox 119 776 205 839; x_wconf 87' lang='lat' dir='ltr'><strong>bulnm</strong></span> <span class='ocrx_word' id='word_1_49' title='bbox 233 775 412 861; x_wconf 78' lang='lat' dir='ltr'><strong>trophaeum</strong></span> <span class='ocrx_word' id='word_1_50' title='bbox 428 777 524 839; x_wconf 84' lang='lat' dir='ltr'><strong>erneis</strong></span> <span class='ocrx_word' id='word_1_51' title='bbox 550 776 675 861; x_wconf 82' lang='lat' dir='ltr'><strong>aceepit.</strong></span> <span class='ocrx_word' id='word_1_52' title='bbox 721 773 798 839; x_wconf 83' lang='lat' dir='ltr'>Vide</span> <span class='ocrx_word' id='word_1_53' title='bbox 820 787 852 838; x_wconf 87' lang='lat' dir='ltr'><strong>ut</strong></span> <span class='ocrx_word' id='word_1_54' title='bbox 876 797 891 840; x_wconf 91' lang='lat' dir='ltr'><strong>a</strong></span> <span class='ocrx_word' id='word_1_55' title='bbox 917 773 1025 861; x_wconf 83' lang='lat' dir='ltr'><strong>Moyse</strong></span> <span class='ocrx_word' id='word_1_56' title='bbox 1050 776 1086 838; x_wconf 82' lang='lat' dir='ltr'><strong>al</strong></span> <span class='ocrx_word' id='word_1_57' title='bbox 1110 771 1260 840; x_wconf 83' lang='lat' dir='ltr'><strong>Christum</strong></span> 
     </span>
    </p>

    <p class='ocr_par' dir='ltr' id='par_1_4' title="bbox 118 875 1260 1066">
     <span class='ocr_line' id='line_1_7' title="bbox 118 875 1260 964; baseline 0 -22"><span class='ocrx_word' id='word_1_58' title='bbox 118 875 202 964; x_wconf 89' lang='lat' dir='ltr'><strong>gloria</strong></span> <span class='ocrx_word' id='word_1_59' title='bbox 220 877 397 963; x_wconf 72' lang='lat' dir='ltr'><strong>perstiterit,</strong></span> <span class='ocrx_word' id='word_1_60' title='bbox 422 889 532 962; x_wconf 89' lang='lat' dir='ltr'><strong>quanto</strong></span> <span class='ocrx_word' id='word_1_61' title='bbox 552 897 622 963; x_wconf 82' lang='lat' dir='ltr'><strong>erga</strong></span> <span class='ocrx_word' id='word_1_62' title='bbox 643 878 782 942; x_wconf 88' lang='lat' dir='ltr'><strong>maiorem</strong></span> <span class='ocrx_word' id='word_1_63' title='bbox 808 877 930 963; x_wconf 79' lang='lat' dir='ltr'><strong>gloriam</strong></span> <span class='ocrx_word' id='word_1_64' title='bbox 955 877 1033 942; x_wconf 88' lang='lat' dir='ltr'><strong>vitae</strong></span> <span class='ocrx_word' id='word_1_65' title='bbox 1056 887 1260 942; x_wconf 85' lang='lat' dir='ltr'><strong>testamentum</strong></span> 
     </span>
     <span class='ocr_line' id='line_1_8' title="bbox 118 981 1260 1066; baseline 0.002 -22"><span class='ocrx_word' id='word_1_66' title='bbox 118 981 265 1060; x_wconf 77' lang='lat' dir='ltr'><strong>obtinebit,</strong></span> <span class='ocrx_word' id='word_1_67' title='bbox 296 1001 360 1044; x_wconf 88' lang='lat' dir='ltr'><strong>oum</strong></span> <span class='ocrx_word' id='word_1_68' title='bbox 380 991 410 1044; x_wconf 87' lang='lat' dir='ltr'><strong>et</strong></span> <span class='ocrx_word' id='word_1_69' title='bbox 429 982 503 1066; x_wconf 89' lang='lat' dir='ltr'><strong>lapis</strong></span> <span class='ocrx_word' id='word_1_70' title='bbox 525 981 705 1060; x_wconf 78' lang='lat' dir='ltr'><strong>revolvitur,</strong></span> <span class='ocrx_word' id='word_1_71' title='bbox 740 991 769 1044; x_wconf 83' lang='lat' dir='ltr'><strong>et</strong></span> <span class='ocrx_word' id='word_1_72' title='bbox 791 1001 864 1045; x_wconf 83' lang='lat' dir='ltr'><strong>saxa</strong></span> <span class='ocrx_word' id='word_1_73' title='bbox 889 981 1077 1064; x_wconf 85' lang='lat' dir='ltr'><strong>franguntur,</strong></span> <span class='ocrx_word' id='word_1_74' title='bbox 1109 991 1140 1045; x_wconf 90' lang='lat' dir='ltr'><strong>et</strong></span> <span class='ocrx_word' id='word_1_75' title='bbox 1158 1003 1260 1046; x_wconf 81' lang='lat' dir='ltr'><strong>moruu-</strong></span> 
     </span>
    </p>

    <p class='ocr_par' dir='ltr' id='par_1_5' title="bbox 113 1081 1387 1868">
     <span class='ocr_line' id='line_1_9' title="bbox 118 1081 1260 1169; baseline 0.002 -22"><span class='ocrx_word' id='word_1_76' title='bbox 118 1095 206 1148; x_wconf 88' lang='lat' dir='ltr'><strong>meota</strong></span> <span class='ocrx_word' id='word_1_77' title='bbox 232 1094 421 1164; x_wconf 86' lang='lat' dir='ltr'><strong>reserantur,</strong></span> <span class='ocrx_word' id='word_1_78' title='bbox 454 1093 484 1148; x_wconf 82' lang='lat' dir='ltr'><strong>et</strong></span> <span class='ocrx_word' id='word_1_79' title='bbox 507 1081 602 1169; x_wconf 77' lang='lat' dir='ltr'><strong>angeli</strong></span> <span class='ocrx_word' id='word_1_80' title='bbox 632 1084 755 1168; x_wconf 79' lang='lat' dir='ltr'><strong>fulguris</strong></span> <span class='ocrx_word' id='word_1_81' title='bbox 779 1083 874 1147; x_wconf 81' lang='lat' dir='ltr'><strong>iuuatur</strong></span> <span class='ocrx_word' id='word_1_82' title='bbox 896 1084 1038 1164; x_wconf 82' lang='lat' dir='ltr'><strong>eminant,</strong></span> <span class='ocrx_word' id='word_1_83' title='bbox 1071 1095 1100 1148; x_wconf 90' lang='lat' dir='ltr'><strong>at</strong></span> <span class='ocrx_word' id='word_1_84' title='bbox 1122 1084 1260 1149; x_wconf 82' lang='lat' dir='ltr'><strong>mulieres</strong></span> 
     </span>
     <span class='ocr_line' id='line_1_10' title="bbox 118 1185 1262 1272; baseline 0.001 -22"><span class='ocrx_word' id='word_1_85' title='bbox 118 1186 292 1270; x_wconf 77' lang='lat' dir='ltr'><strong>evangelium</strong></span> <span class='ocrx_word' id='word_1_86' title='bbox 320 1187 506 1271; x_wconf 77' lang='lat' dir='ltr'><strong>praelibant,</strong></span> <span class='ocrx_word' id='word_1_87' title='bbox 540 1207 597 1270; x_wconf 83' lang='lat' dir='ltr'><strong>pax</strong></span> <span class='ocrx_word' id='word_1_88' title='bbox 622 1187 807 1266; x_wconf 86' lang='lat' dir='ltr'><strong>uouoeditur,</strong></span> <span class='ocrx_word' id='word_1_89' title='bbox 839 1185 959 1271; x_wconf 83' lang='lat' dir='ltr'><strong>spiritus</strong></span> <span class='ocrx_word' id='word_1_90' title='bbox 986 1187 1126 1272; x_wconf 89' lang='lat' dir='ltr'><strong>apostolis</strong></span> <span class='ocrx_word' id='word_1_91' title='bbox 1153 1186 1189 1251; x_wconf 88' lang='lat' dir='ltr'><strong>ab</strong></span> <span class='ocrx_word' id='word_1_92' title='bbox 1211 1186 1262 1252; x_wconf 89' lang='lat' dir='ltr'><strong>illo</strong></span> 
     </span>
     <span class='ocr_line' id='line_1_11' title="bbox 118 1280 1262 1375; baseline 0.001 -23"><span class='ocrx_word' id='word_1_93' title='bbox 118 1290 262 1365; x_wconf 88' lang='lat' dir='ltr'><strong>tribuitur,</strong></span> <span class='ocrx_word' id='word_1_94' title='bbox 295 1307 420 1374; x_wconf 84' lang='lat' dir='ltr'><strong>reguum</strong></span> <span class='ocrx_word' id='word_1_95' title='bbox 443 1289 571 1353; x_wconf 87' lang='lat' dir='ltr'><strong>eoeleste</strong></span> <span class='ocrx_word' id='word_1_96' title='bbox 599 1289 806 1367; x_wconf 67' lang='lat' dir='ltr'><strong>denuntiatur,</strong></span> <span class='ocrx_word' id='word_1_97' title='bbox 835 1288 915 1352; x_wconf 88' lang='lat' dir='ltr'><strong>orbis</strong></span> <span class='ocrx_word' id='word_1_98' title='bbox 940 1299 1082 1359; x_wconf 88' lang='lat' dir='ltr'><strong>terrarum</strong></span> <span class='ocrx_word' id='word_1_99' title='bbox 1107 1280 1262 1375; x_wconf 84' lang='lat' dir='ltr'><strong>evaugelio</strong></span> 
     </span>
     <span class='ocr_line' id='line_1_12' title="bbox 117 1389 1387 1482; baseline 0 -26"><span class='ocrx_word' id='word_1_100' title='bbox 117 1392 318 1456; x_wconf 70' lang='lat' dir='ltr'><strong>collustratur?</strong></span> <span class='ocrx_word' id='word_1_101' title='bbox 344 1389 501 1456; x_wconf 83' lang='lat' dir='ltr'><strong>Postremo</strong></span> <span class='ocrx_word' id='word_1_102' title='bbox 516 1397 568 1474; x_wconf 80' lang='lat' dir='ltr'><strong>qui</strong></span> <span class='ocrx_word' id='word_1_103' title='bbox 579 1397 729 1454; x_wconf 66' lang='lat' dir='ltr'><strong>onomat·</strong></span> <span class='ocrx_word' id='word_1_104' title='bbox 737 1397 796 1473; x_wconf 83' lang='lat' dir='ltr'><strong>ipae</strong></span> <span class='ocrx_word' id='word_1_105' title='bbox 808 1401 851 1453; x_wconf 82' lang='lat' dir='ltr'><strong>ert</strong></span> <span class='ocrx_word' id='word_1_106' title='bbox 859 1397 917 1482; x_wconf 79' lang='lat' dir='ltr'><strong>¹pua·</strong></span> <span class='ocrx_word' id='word_1_107' title='bbox 928 1396 1056 1454; x_wconf 80' lang='lat' dir='ltr'><strong>aseendit</strong></span> <span class='ocrx_word' id='word_1_108' title='bbox 1068 1413 1153 1474; x_wconf 80' lang='lat' dir='ltr'><strong>super</strong></span> <span class='ocrx_word' id='word_1_109' title='bbox 1166 1408 1259 1456; x_wconf 79' lang='lat' dir='ltr'><strong>amaea</strong></span> <span class='ocrx_word' id='word_1_110' title='bbox 1272 1405 1329 1470; x_wconf 73' lang='lat' dir='ltr'><strong>spu.</strong></span> <span class='ocrx_word' id='word_1_111' title='bbox 1338 1411 1387 1468; x_wconf 66' lang='lat' dir='ltr'><strong>aa</strong></span> 
     </span>
     <span class='ocr_line' id='line_1_13' title="bbox 115 1491 1378 1577; baseline 0.004 -21"><span class='ocrx_word' id='word_1_112' title='bbox 115 1495 217 1570; x_wconf 79' lang='lat' dir='ltr'><strong>coelos,</strong></span> <span class='ocrx_word' id='word_1_113' title='bbox 241 1505 271 1556; x_wconf 85' lang='lat' dir='ltr'><strong>et</strong></span> <span class='ocrx_word' id='word_1_114' title='bbox 285 1497 364 1556; x_wconf 77' lang='lat' dir='ltr'><strong>redet</strong></span> <span class='ocrx_word' id='word_1_115' title='bbox 379 1496 581 1557; x_wconf 58' lang='lat' dir='ltr'><strong>numeroram</strong></span> <span class='ocrx_word' id='word_1_116' title='bbox 598 1500 703 1577; x_wconf 84' lang='lat' dir='ltr'><strong>potrr‘r.</strong></span> <span class='ocrx_word' id='word_1_117' title='bbox 730 1509 731 1514; x_wconf 76' lang='grc'>’</span> <span class='ocrx_word' id='word_1_118' title='bbox 750 1491 820 1558; x_wconf 83' lang='grc' dir='ltr'>Νοιι</span> <span class='ocrx_word' id='word_1_119' title='bbox 837 1495 892 1558; x_wconf 88' lang='lat' dir='ltr'><strong>luit</strong></span> <span class='ocrx_word' id='word_1_120' title='bbox 906 1495 1089 1558; x_wconf 81' lang='lat' dir='ltr'><strong>mortiterum</strong></span> <span class='ocrx_word' id='word_1_121' title='bbox 1106 1505 1263 1560; x_wconf 83' lang='lat' dir='ltr'><strong>testamen·</strong></span> <span class='ocrx_word' id='word_1_122' title='bbox 1370 1526 1378 1539; x_wconf 93' lang='lat'><strong>·</strong></span> 
     </span>
     <span class='ocr_line' id='line_1_14' title="bbox 115 1595 1263 1683; baseline 0.001 -21"><span class='ocrx_word' id='word_1_123' title='bbox 115 1609 188 1676; x_wconf 85' lang='lat' dir='ltr'><strong>tum,</strong></span> <span class='ocrx_word' id='word_1_124' title='bbox 218 1599 269 1660; x_wconf 86' lang='lat' dir='ltr'><strong>sed</strong></span> <span class='ocrx_word' id='word_1_125' title='bbox 292 1599 435 1661; x_wconf 79' lang='lat' dir='ltr'><strong>aduersos</strong></span> <span class='ocrx_word' id='word_1_126' title='bbox 458 1608 580 1665; x_wconf 87' lang='lat' dir='ltr'><strong>mortem</strong></span> <span class='ocrx_word' id='word_1_127' title='bbox 605 1598 806 1662; x_wconf 83' lang='lat' dir='ltr'><strong>constitutum.</strong></span> <span class='ocrx_word' id='word_1_128' title='bbox 848 1595 925 1661; x_wconf 89' lang='lat' dir='ltr'><strong>lllud</strong></span> <span class='ocrx_word' id='word_1_129' title='bbox 949 1618 1037 1683; x_wconf 89' lang='lat' dir='ltr'><strong>porro</strong></span> <span class='ocrx_word' id='word_1_130' title='bbox 1061 1600 1136 1682; x_wconf 83' lang='lat' dir='ltr'><strong>quob</strong></span> <span class='ocrx_word' id='word_1_131' title='bbox 1160 1600 1263 1663; x_wconf 83' lang='lat' dir='ltr'><strong>mortis</strong></span> 
     </span>
     <span class='ocr_line' id='line_1_15' title="bbox 114 1697 1263 1788; baseline 0.002 -24"><span class='ocrx_word' id='word_1_132' title='bbox 114 1699 230 1780; x_wconf 82' lang='lat' dir='ltr'><strong>dieitur,</strong></span> <span class='ocrx_word' id='word_1_133' title='bbox 254 1697 377 1784; x_wconf 82' lang='lat' dir='ltr'><strong>gloriam</strong></span> <span class='ocrx_word' id='word_1_134' title='bbox 401 1700 517 1780; x_wconf 89' lang='lat' dir='ltr'><strong>babuit,</strong></span> <span class='ocrx_word' id='word_1_135' title='bbox 548 1702 642 1764; x_wconf 89' lang='lat' dir='ltr'><strong>maior</strong></span> <span class='ocrx_word' id='word_1_136' title='bbox 662 1711 694 1764; x_wconf 92' lang='lat' dir='ltr'><strong>ut</strong></span> <span class='ocrx_word' id='word_1_137' title='bbox 714 1701 856 1766; x_wconf 81' lang='lat' dir='ltr'><strong>adversus</strong></span> <span class='ocrx_word' id='word_1_138' title='bbox 881 1711 1004 1765; x_wconf 84' lang='lat' dir='ltr'><strong>mortem</strong></span> <span class='ocrx_word' id='word_1_139' title='bbox 1029 1701 1123 1786; x_wconf 91' lang='lat' dir='ltr'><strong>gloria</strong></span> <span class='ocrx_word' id='word_1_140' title='bbox 1146 1723 1263 1788; x_wconf 84' lang='lat' dir='ltr'><strong>eompa-</strong></span> 
     </span>
     <span class='ocr_line' id='line_1_16' title="bbox 113 1815 236 1868; baseline -0.024 0"><span class='ocrx_word' id='word_1_141' title='bbox 113 1815 236 1868; x_wconf 88' lang='lat' dir='ltr'><strong>raretur.</strong></span> 
     </span>
    </p>
   </div>
   <div class='ocr_carea' id='block_1_3' title="bbox 110 1901 1415 2402">
    <p class='ocr_par' dir='ltr' id='par_1_6' title="bbox 110 1901 1415 2302">
     <span class='ocr_line' id='line_1_17' title="bbox 191 1901 1364 1992; baseline 0.003 -22"><span class='ocrx_word' id='word_1_142' title='bbox 191 1903 256 1970; x_wconf 74' lang='lat' dir='ltr'><strong>unu</strong></span> <span class='ocrx_word' id='word_1_143' title='bbox 275 1903 375 1968; x_wconf 76' lang='lat' dir='ltr'><strong>obiicit</strong></span> <span class='ocrx_word' id='word_1_144' title='bbox 390 1901 600 1986; x_wconf 77' lang='lat' dir='ltr'><strong>Manicheam,</strong></span> <span class='ocrx_word' id='word_1_145' title='bbox 624 1927 683 1970; x_wconf 91' lang='lat' dir='ltr'><strong>nou</strong></span> <span class='ocrx_word' id='word_1_146' title='bbox 702 1923 790 1992; x_wconf 86' lang='lat' dir='ltr'><strong>posse</strong></span> <span class='ocrx_word' id='word_1_147' title='bbox 809 1917 894 1970; x_wconf 85' lang='lat' dir='ltr'><strong>retus</strong></span> <span class='ocrx_word' id='word_1_148' title='bbox 918 1925 953 1969; x_wconf 88' lang='lat' dir='ltr'><strong>ao</strong></span> <span class='ocrx_word' id='word_1_149' title='bbox 972 1927 1078 1971; x_wconf 83' lang='lat' dir='ltr'><strong>raovum</strong></span> <span class='ocrx_word' id='word_1_150' title='bbox 1104 1915 1262 1971; x_wconf 83' lang='lat' dir='ltr'><strong>testamen·</strong></span> <span class='ocrx_word' id='word_1_151' title='bbox 1303 1920 1364 1988; x_wconf 77' lang='lat' dir='ltr'><strong>cap.</strong></span> 
     </span>
     <span class='ocr_line' id='line_1_18' title="bbox 112 1991 1415 2110; baseline 0 -38"><span class='ocrx_word' id='word_1_152' title='bbox 112 2019 172 2074; x_wconf 88' lang='lat' dir='ltr'><strong>tum</strong></span> <span class='ocrx_word' id='word_1_153' title='bbox 189 2007 224 2072; x_wconf 86' lang='lat' dir='ltr'><strong>ab</strong></span> <span class='ocrx_word' id='word_1_154' title='bbox 242 2007 345 2072; x_wconf 85' lang='lat' dir='ltr'><strong>eodem</strong></span> <span class='ocrx_word' id='word_1_155' title='bbox 364 2027 432 2072; x_wconf 79' lang='lat' dir='ltr'><strong>esse</strong></span> <span class='ocrx_word' id='word_1_156' title='bbox 446 2009 590 2092; x_wconf 84' lang='lat' dir='ltr'><strong>magistro</strong></span> <span class='ocrx_word' id='word_1_157' title='bbox 612 2010 786 2095; x_wconf 83' lang='lat' dir='ltr'><strong>proiectum.</strong></span> <span class='ocrx_word' id='word_1_158' title='bbox 833 2007 867 2074; x_wconf 81' lang='lat' dir='ltr'><strong>si</strong></span> <span class='ocrx_word' id='word_1_159' title='bbox 883 2009 997 2094; x_wconf 83' lang='lat' dir='ltr'><strong>quirlem</strong></span> <span class='ocrx_word' id='word_1_160' title='bbox 1019 2023 1097 2072; x_wconf 80' lang='lat' dir='ltr'><strong>netur</strong></span> <span class='ocrx_word' id='word_1_161' title='bbox 1117 2015 1152 2073; x_wconf 81' lang='lat' dir='ltr'><strong>de</strong></span> <span class='ocrx_word' id='word_1_162' title='bbox 1170 2014 1216 2072; x_wconf 79' lang='lat' dir='ltr'><strong>da&#39;e</strong></span> <span class='ocrx_word' id='word_1_163' title='bbox 1236 2015 1265 2072; x_wconf 79' lang='lat' dir='ltr'><strong>a&#39;n</strong></span> <span class='ocrx_word' id='word_1_164' title='bbox 1279 1991 1415 2110; x_wconf 39' lang='lat' dir='ltr'><strong>limi,</strong></span> 
     </span>
     <span class='ocr_line' id='line_1_19' title="bbox 110 2105 1414 2196; baseline 0 -20"><span class='ocrx_word' id='word_1_165' title='bbox 110 2117 183 2176; x_wconf 72' lang='lat' dir='ltr'><strong>den</strong></span> <span class='ocrx_word' id='word_1_166' title='bbox 199 2116 387 2187; x_wconf 78' lang='lat' dir='ltr'><strong>inveterator,</strong></span> <span class='ocrx_word' id='word_1_167' title='bbox 413 2109 535 2175; x_wconf 86' lang='lat' dir='ltr'><strong>alterum</strong></span> <span class='ocrx_word' id='word_1_168' title='bbox 553 2128 619 2173; x_wconf 83' lang='lat' dir='ltr'><strong>uero</strong></span> <span class='ocrx_word' id='word_1_169' title='bbox 637 2117 667 2173; x_wconf 79' lang='lat' dir='ltr'><strong>a&#39;u</strong></span> <span class='ocrx_word' id='word_1_170' title='bbox 682 2117 743 2174; x_wconf 76' lang='lat' dir='ltr'><strong>dies</strong></span> <span class='ocrx_word' id='word_1_171' title='bbox 757 2117 924 2174; x_wconf 72' lang='lat' dir='ltr'><strong>bononorum</strong></span> <span class='ocrx_word' id='word_1_172' title='bbox 949 2117 1085 2196; x_wconf 79' lang='lat' dir='ltr'><strong>quioquid</strong></span> <span class='ocrx_word' id='word_1_173' title='bbox 1097 2119 1168 2176; x_wconf 72' lang='lat' dir='ltr'><strong>erebo</strong></span> <span class='ocrx_word' id='word_1_174' title='bbox 1189 2118 1265 2178; x_wconf 75' lang='lat' dir='ltr'><strong>ailoe·</strong></span> <span class='ocrx_word' id='word_1_175' title='bbox 1277 2105 1414 2164; x_wconf 70' lang='lat' dir='ltr'><strong>³⁶l&#39;·⁸=¹⁸·</strong></span> 
     </span>
     <span class='ocr_line' id='line_1_20' title="bbox 111 2212 1266 2302; baseline 0.003 -26"><span class='ocrx_word' id='word_1_176' title='bbox 111 2227 238 2290; x_wconf 77' lang='lat' dir='ltr'><strong>teratur,</strong></span> <span class='ocrx_word' id='word_1_177' title='bbox 263 2237 299 2276; x_wconf 87' lang='lat' dir='ltr'><strong>oe</strong></span> <span class='ocrx_word' id='word_1_178' title='bbox 312 2220 449 2289; x_wconf 73' lang='lat' dir='ltr'><strong>renarrat,</strong></span> <span class='ocrx_word' id='word_1_179' title='bbox 475 2219 776 2295; x_wconf 73' lang='lat' dir='ltr'><strong>r&#39;aterr&#39;tue&#39;proer&#39;murn</strong></span> <span class='ocrx_word' id='word_1_180' title='bbox 798 2226 850 2277; x_wconf 81' lang='lat' dir='ltr'><strong>eat.</strong></span> <span class='ocrx_word' id='word_1_181' title='bbox 898 2212 999 2297; x_wconf 79' lang='lat' dir='ltr'><strong>Quare</strong></span> <span class='ocrx_word' id='word_1_182' title='bbox 1023 2227 1160 2302; x_wconf 89' lang='lat' dir='ltr'><strong>superest</strong></span> <span class='ocrx_word' id='word_1_183' title='bbox 1179 2227 1211 2281; x_wconf 89' lang='lat' dir='ltr'><strong>ut</strong></span> <span class='ocrx_word' id='word_1_184' title='bbox 1230 2215 1266 2280; x_wconf 89' lang='lat' dir='ltr'><strong>il-</strong></span> 
     </span>
    </p>

    <p class='ocr_par' dir='ltr' id='par_1_7' title="bbox 110 2304 1379 2402">
     <span class='ocr_line' id='line_1_21' title="bbox 110 2304 1379 2402; baseline 0.001 -21"><span class='ocrx_word' id='word_1_185' title='bbox 110 2319 161 2381; x_wconf 85' lang='lat' dir='ltr'><strong>lml</strong></span> <span class='ocrx_word' id='word_1_186' title='bbox 185 2317 366 2382; x_wconf 86' lang='lat' dir='ltr'><strong>alterioadei</strong></span> <span class='ocrx_word' id='word_1_187' title='bbox 392 2339 426 2382; x_wconf 84' lang='lat' dir='ltr'><strong>aa</strong></span> <span class='ocrx_word' id='word_1_188' title='bbox 447 2317 598 2402; x_wconf 84' lang='lat' dir='ltr'><strong>magistri,</strong></span> <span class='ocrx_word' id='word_1_189' title='bbox 630 2317 684 2380; x_wconf 87' lang='lat' dir='ltr'><strong>boo</strong></span> <span class='ocrx_word' id='word_1_190' title='bbox 706 2318 827 2382; x_wconf 85' lang='lat' dir='ltr'><strong>alterius</strong></span> <span class='ocrx_word' id='word_1_191' title='bbox 851 2337 918 2381; x_wconf 90' lang='lat' dir='ltr'><strong>esse</strong></span> <span class='ocrx_word' id='word_1_192' title='bbox 936 2319 1059 2382; x_wconf 79' lang='lat' dir='ltr'><strong>ainana.</strong></span> <span class='ocrx_word' id='word_1_193' title='bbox 1105 2317 1216 2384; x_wconf 89' lang='lat' dir='ltr'><strong>Verum</strong></span> <span class='ocrx_word' id='word_1_194' title='bbox 1240 2313 1265 2382; x_wconf 89' lang='lat' dir='ltr'><strong>si</strong></span> <span class='ocrx_word' id='word_1_195' title='bbox 1376 2304 1379 2313; x_wconf 62' lang='grc'><em>’</em></span> 
     </span>
    </p>
   </div>
   <div class='ocr_carea' id='block_1_4' title="bbox 109 2419 1267 2506">
    <p class='ocr_par' dir='ltr' id='par_1_8' title="bbox 109 2419 1267 2506">
     <span class='ocr_line' id='line_1_22' title="bbox 109 2419 1267 2506; baseline -0.001 -22"><span class='ocrx_word' id='word_1_196' title='bbox 109 2431 214 2485; x_wconf 79' lang='lat' dir='ltr'><strong>vetera</strong></span> <span class='ocrx_word' id='word_1_197' title='bbox 232 2422 288 2484; x_wconf 85' lang='lat' dir='ltr'><strong>tuo</strong></span> <span class='ocrx_word' id='word_1_198' title='bbox 308 2431 483 2485; x_wconf 85' lang='lat' dir='ltr'><strong>testamenta</strong></span> <span class='ocrx_word' id='word_1_199' title='bbox 499 2421 703 2484; x_wconf 85' lang='lat' dir='ltr'><strong>demonstrare</strong></span> <span class='ocrx_word' id='word_1_200' title='bbox 722 2430 833 2505; x_wconf 86' lang='lat' dir='ltr'><strong>posset,</strong></span> <span class='ocrx_word' id='word_1_201' title='bbox 860 2421 1010 2506; x_wconf 83' lang='lat' dir='ltr'><strong>probabile</strong></span> <span class='ocrx_word' id='word_1_202' title='bbox 1027 2421 1158 2486; x_wconf 86' lang='lat' dir='ltr'><strong>nonnihil</strong></span> <span class='ocrx_word' id='word_1_203' title='bbox 1173 2419 1267 2486; x_wconf 81' lang='lat' dir='ltr'><strong>videri</strong></span> 
     </span>
    </p>
   </div>
   <div class='ocr_carea' id='block_1_5' title="bbox 105 2521 1269 3122">
    <p class='ocr_par' dir='ltr' id='par_1_9' title="bbox 105 2521 1269 3122">
     <span class='ocr_line' id='line_1_23' title="bbox 108 2521 1266 2610; baseline -0.001 -23"><span class='ocrx_word' id='word_1_204' title='bbox 108 2535 214 2610; x_wconf 85' lang='lat' dir='ltr'><strong>posset</strong></span> <span class='ocrx_word' id='word_1_205' title='bbox 230 2524 305 2608; x_wconf 81' lang='lat' dir='ltr'><strong>quod</strong></span> <span class='ocrx_word' id='word_1_206' title='bbox 323 2524 360 2586; x_wconf 76' lang='lat' dir='ltr'><strong>ala</strong></span> <span class='ocrx_word' id='word_1_207' title='bbox 378 2521 484 2610; x_wconf 78' lang='lat' dir='ltr'><strong>duplici</strong></span> <span class='ocrx_word' id='word_1_208' title='bbox 501 2531 642 2587; x_wconf 83' lang='lat' dir='ltr'><strong>testatore</strong></span> <span class='ocrx_word' id='word_1_209' title='bbox 664 2521 802 2608; x_wconf 87' lang='lat' dir='ltr'><strong>disputat.</strong></span> <span class='ocrx_word' id='word_1_210' title='bbox 849 2521 894 2587; x_wconf 90' lang='lat' dir='ltr'><strong>lta</strong></span> <span class='ocrx_word' id='word_1_211' title='bbox 910 2523 995 2587; x_wconf 80' lang='lat' dir='ltr'><strong>etiarn</strong></span> <span class='ocrx_word' id='word_1_212' title='bbox 1011 2524 1036 2587; x_wconf 92' lang='lat' dir='ltr'><strong>si</strong></span> <span class='ocrx_word' id='word_1_213' title='bbox 1057 2545 1132 2588; x_wconf 84' lang='lat' dir='ltr'><strong>nova</strong></span> <span class='ocrx_word' id='word_1_214' title='bbox 1151 2524 1208 2586; x_wconf 86' lang='lat' dir='ltr'><strong>dno</strong></span> <span class='ocrx_word' id='word_1_215' title='bbox 1223 2534 1266 2587; x_wconf 90' lang='lat' dir='ltr'><strong>te·</strong></span> 
     </span>
     <span class='ocr_line' id='line_1_24' title="bbox 106 2625 1264 2712; baseline 0 -22"><span class='ocrx_word' id='word_1_216' title='bbox 106 2635 255 2690; x_wconf 75' lang='lat' dir='ltr'><strong>stertente</strong></span> <span class='ocrx_word' id='word_1_217' title='bbox 274 2625 358 2690; x_wconf 90' lang='lat' dir='ltr'><strong>nobis</strong></span> <span class='ocrx_word' id='word_1_218' title='bbox 384 2625 571 2704; x_wconf 80' lang='lat' dir='ltr'><strong>ostenderet,</strong></span> <span class='ocrx_word' id='word_1_219' title='bbox 606 2635 761 2710; x_wconf 84' lang='lat' dir='ltr'><strong>meumque</strong></span> <span class='ocrx_word' id='word_1_220' title='bbox 783 2627 860 2710; x_wconf 83' lang='lat' dir='ltr'><strong>quoti</strong></span> <span class='ocrx_word' id='word_1_221' title='bbox 882 2637 983 2690; x_wconf 86' lang='lat' dir='ltr'><strong>narrat</strong></span> <span class='ocrx_word' id='word_1_222' title='bbox 1007 2625 1130 2712; x_wconf 79' lang='lat' dir='ltr'><strong>intelligi</strong></span> <span class='ocrx_word' id='word_1_223' title='bbox 1152 2635 1264 2712; x_wconf 81' lang='lat' dir='ltr'><strong>poseat.</strong></span> 
     </span>
     <span class='ocr_line' id='line_1_25' title="bbox 108 2723 1266 2820; baseline -0.002 -26"><span class='ocrx_word' id='word_1_224' title='bbox 108 2723 174 2794; x_wconf 81' lang='lat' dir='ltr'><strong>Sed</strong></span> <span class='ocrx_word' id='word_1_225' title='bbox 192 2749 256 2792; x_wconf 86' lang='lat' dir='ltr'><strong>unm</strong></span> <span class='ocrx_word' id='word_1_226' title='bbox 271 2740 357 2792; x_wconf 84' lang='lat' dir='ltr'><strong>vetus</strong></span> <span class='ocrx_word' id='word_1_227' title='bbox 372 2728 487 2813; x_wconf 82' lang='lat' dir='ltr'><strong>quidem</strong></span> <span class='ocrx_word' id='word_1_228' title='bbox 504 2728 637 2807; x_wconf 89' lang='lat' dir='ltr'><strong>alterius,</strong></span> <span class='ocrx_word' id='word_1_229' title='bbox 662 2749 769 2792; x_wconf 84' lang='lat' dir='ltr'><strong>novum</strong></span> <span class='ocrx_word' id='word_1_230' title='bbox 789 2739 993 2792; x_wconf 87' lang='lat' dir='ltr'><strong>testamentum</strong></span> <span class='ocrx_word' id='word_1_231' title='bbox 1010 2724 1131 2795; x_wconf 87' lang='lat' dir='ltr'><strong>alterius</strong></span> <span class='ocrx_word' id='word_1_232' title='bbox 1145 2729 1194 2820; x_wconf 80' lang='lat' dir='ltr'><strong>ait,</strong></span> <span class='ocrx_word' id='word_1_233' title='bbox 1211 2727 1266 2792; x_wconf 91' lang='lat' dir='ltr'><strong>hoo</strong></span> 
     </span>
     <span class='ocr_line' id='line_1_26' title="bbox 105 2827 1266 2918; baseline -0.001 -23"><span class='ocrx_word' id='word_1_234' title='bbox 105 2830 138 2895; x_wconf 86' lang='lat' dir='ltr'><strong>si</strong></span> <span class='ocrx_word' id='word_1_235' title='bbox 158 2831 237 2894; x_wconf 85' lang='lat' dir='ltr'><strong>bono</strong></span> <span class='ocrx_word' id='word_1_236' title='bbox 250 2831 305 2896; x_wconf 81' lang='lat' dir='ltr'><strong>aleo</strong></span> <span class='ocrx_word' id='word_1_237' title='bbox 322 2831 452 2895; x_wconf 85' lang='lat' dir='ltr'><strong>tribuere</strong></span> <span class='ocrx_word' id='word_1_238' title='bbox 470 2832 613 2912; x_wconf 87' lang='lat' dir='ltr'><strong>velimus,</strong></span> <span class='ocrx_word' id='word_1_239' title='bbox 638 2829 707 2896; x_wconf 84' lang='lat' dir='ltr'><strong>illul</strong></span> <span class='ocrx_word' id='word_1_240' title='bbox 723 2849 797 2894; x_wconf 88' lang='lat' dir='ltr'><strong>vero</strong></span> <span class='ocrx_word' id='word_1_241' title='bbox 811 2832 897 2913; x_wconf 85' lang='lat' dir='ltr'><strong>malo,</strong></span> <span class='ocrx_word' id='word_1_242' title='bbox 922 2851 1106 2918; x_wconf 83' lang='lat' dir='ltr'><strong>consequens</strong></span> <span class='ocrx_word' id='word_1_243' title='bbox 1120 2827 1190 2896; x_wconf 84' lang='lat' dir='ltr'><strong>illud</strong></span> <span class='ocrx_word' id='word_1_244' title='bbox 1208 2841 1266 2910; x_wconf 81' lang='lat' dir='ltr'><strong>eat,</strong></span> 
     </span>
     <span class='ocr_line' id='line_1_27' title="bbox 106 2933 1269 3020; baseline 0.001 -23"><span class='ocrx_word' id='word_1_245' title='bbox 106 2934 221 2997; x_wconf 85' lang='lat' dir='ltr'><strong>bonurn</strong></span> <span class='ocrx_word' id='word_1_246' title='bbox 237 2933 334 3013; x_wconf 78' lang='lat' dir='ltr'><strong>eleum,</strong></span> <span class='ocrx_word' id='word_1_247' title='bbox 359 2934 415 2997; x_wconf 90' lang='lat' dir='ltr'><strong>nisi</strong></span> <span class='ocrx_word' id='word_1_248' title='bbox 434 2933 580 2998; x_wconf 82' lang='lat' dir='ltr'><strong>couti-itum</strong></span> <span class='ocrx_word' id='word_1_249' title='bbox 598 2953 613 2996; x_wconf 88' lang='lat' dir='ltr'><strong>a</strong></span> <span class='ocrx_word' id='word_1_250' title='bbox 632 2934 707 2996; x_wconf 87' lang='lat' dir='ltr'><strong>mulo</strong></span> <span class='ocrx_word' id='word_1_251' title='bbox 723 2943 929 2998; x_wconf 86' lang='lat' dir='ltr'><strong>testamentum</strong></span> <span class='ocrx_word' id='word_1_252' title='bbox 949 2934 1097 3014; x_wconf 83' lang='lat' dir='ltr'><strong>scivisset,</strong></span> <span class='ocrx_word' id='word_1_253' title='bbox 1115 2955 1131 2998; x_wconf 88' lang='lat' dir='ltr'><strong>a</strong></span> <span class='ocrx_word' id='word_1_254' title='bbox 1149 2953 1181 2998; x_wconf 90' lang='lat' dir='ltr'><strong>se</strong></span> <span class='ocrx_word' id='word_1_255' title='bbox 1197 2956 1269 3020; x_wconf 74' lang='lat' dir='ltr'><strong>quo-</strong></span> 
     </span>
     <span class='ocr_line' id='line_1_28' title="bbox 106 3033 1269 3122; baseline 0 -22"><span class='ocrx_word' id='word_1_256' title='bbox 106 3052 169 3121; x_wconf 82' lang='lat' dir='ltr'><strong>que</strong></span> <span class='ocrx_word' id='word_1_257' title='bbox 198 3036 380 3100; x_wconf 82' lang='lat' dir='ltr'><strong>euadendum</strong></span> <span class='ocrx_word' id='word_1_258' title='bbox 406 3038 607 3122; x_wconf 86' lang='lat' dir='ltr'><strong>ignoraturum</strong></span> <span class='ocrx_word' id='word_1_259' title='bbox 637 3035 740 3100; x_wconf 86' lang='lat' dir='ltr'><strong>luisse.</strong></span> <span class='ocrx_word' id='word_1_260' title='bbox 788 3033 888 3120; x_wconf 78' lang='lat' dir='ltr'><strong>Quare</strong></span> <span class='ocrx_word' id='word_1_261' title='bbox 910 3038 1060 3101; x_wconf 85' lang='lat' dir='ltr'><strong>doetrinae</strong></span> <span class='ocrx_word' id='word_1_262' title='bbox 1083 3057 1154 3101; x_wconf 89' lang='lat' dir='ltr'><strong>suae</strong></span> <span class='ocrx_word' id='word_1_263' title='bbox 1176 3037 1269 3100; x_wconf 84' lang='lat' dir='ltr'><strong>divul-</strong></span> 
     </span>
    </p>
   </div>
   <div class='ocr_carea' id='block_1_6' title="bbox 65 3139 1422 4149">
    <p class='ocr_par' dir='ltr' id='par_1_10' title="bbox 104 3139 1307 3226">
     <span class='ocr_line' id='line_1_29' title="bbox 104 3139 1307 3226; baseline 0.001 -25"><span class='ocrx_word' id='word_1_264' title='bbox 104 3139 228 3224; x_wconf 87' lang='lat' dir='ltr'><strong>gandae</strong></span> <span class='ocrx_word' id='word_1_265' title='bbox 246 3140 433 3203; x_wconf 85' lang='lat' dir='ltr'><strong>ooeaaiouem</strong></span> <span class='ocrx_word' id='word_1_266' title='bbox 455 3139 491 3202; x_wconf 91' lang='lat' dir='ltr'><strong>ab</strong></span> <span class='ocrx_word' id='word_1_267' title='bbox 512 3139 564 3203; x_wconf 92' lang='lat' dir='ltr'><strong>illo</strong></span> <span class='ocrx_word' id='word_1_268' title='bbox 582 3149 703 3218; x_wconf 87' lang='lat' dir='ltr'><strong>noetus,</strong></span> <span class='ocrx_word' id='word_1_269' title='bbox 735 3159 770 3202; x_wconf 88' lang='lat' dir='ltr'><strong>ao</strong></span> <span class='ocrx_word' id='word_1_270' title='bbox 788 3159 885 3202; x_wconf 87' lang='lat' dir='ltr'><strong>rerum</strong></span> <span class='ocrx_word' id='word_1_271' title='bbox 907 3140 1099 3224; x_wconf 86' lang='lat' dir='ltr'><strong>gerendarum</strong></span> <span class='ocrx_word' id='word_1_272' title='bbox 1117 3140 1268 3226; x_wconf 86' lang='lat' dir='ltr'><strong>imperitus</strong></span> <span class='ocrx_word' id='word_1_273' title='bbox 1304 3139 1307 3147; x_wconf 83' lang='grc'><strong>’</strong></span> 
     </span>
    </p>

    <p class='ocr_par' dir='ltr' id='par_1_11' title="bbox 103 3235 1271 3432">
     <span class='ocr_line' id='line_1_30' title="bbox 104 3235 1271 3328; baseline 0 -22"><span class='ocrx_word' id='word_1_274' title='bbox 104 3257 182 3306; x_wconf 82' lang='lat' dir='ltr'><strong>esse</strong></span> <span class='ocrx_word' id='word_1_275' title='bbox 207 3241 363 3306; x_wconf 84' lang='lat' dir='ltr'><strong>videbitur.</strong></span> <span class='ocrx_word' id='word_1_276' title='bbox 409 3235 476 3306; x_wconf 81' lang='lat' dir='ltr'><strong>Nisi</strong></span> <span class='ocrx_word' id='word_1_277' title='bbox 503 3243 587 3307; x_wconf 51' lang='lat' dir='ltr'><strong>euim¹</strong></span> <span class='ocrx_word' id='word_1_278' title='bbox 604 3243 668 3305; x_wconf 89' lang='lat' dir='ltr'><strong>lieri</strong></span> <span class='ocrx_word' id='word_1_279' title='bbox 692 3243 728 3306; x_wconf 90' lang='lat' dir='ltr'><strong>ab</strong></span> <span class='ocrx_word' id='word_1_280' title='bbox 747 3242 841 3305; x_wconf 84' lang='lat' dir='ltr'><strong>alteru</strong></span> <span class='ocrx_word' id='word_1_281' title='bbox 862 3242 1001 3322; x_wconf 80' lang='lat' dir='ltr'><strong>vidisset,</strong></span> <span class='ocrx_word' id='word_1_282' title='bbox 1025 3263 1170 3328; x_wconf 88' lang='lat' dir='ltr'><strong>nunquam</strong></span> <span class='ocrx_word' id='word_1_283' title='bbox 1189 3249 1271 3307; x_wconf 85' lang='lat' dir='ltr'><strong>esset</strong></span> 
     </span>
     <span class='ocr_line' id='line_1_31' title="bbox 103 3345 1269 3432; baseline -0.001 -23"><span class='ocrx_word' id='word_1_284' title='bbox 103 3346 261 3424; x_wconf 79' lang='lat' dir='ltr'><strong>imitatas,</strong></span> <span class='ocrx_word' id='word_1_285' title='bbox 294 3365 329 3408; x_wconf 83' lang='lat' dir='ltr'><strong>aa</strong></span> <span class='ocrx_word' id='word_1_286' title='bbox 348 3345 427 3409; x_wconf 88' lang='lat' dir='ltr'><strong>boun</strong></span> <span class='ocrx_word' id='word_1_287' title='bbox 449 3345 506 3408; x_wconf 82' lang='lat' dir='ltr'><strong>aleo</strong></span> <span class='ocrx_word' id='word_1_288' title='bbox 531 3353 735 3408; x_wconf 83' lang='lat' dir='ltr'><strong>testamentum</strong></span> <span class='ocrx_word' id='word_1_289' title='bbox 761 3353 846 3410; x_wconf 81' lang='lat' dir='ltr'><strong>vetus</strong></span> <span class='ocrx_word' id='word_1_290' title='bbox 871 3345 966 3431; x_wconf 85' lang='lat' dir='ltr'><strong>affingi</strong></span> <span class='ocrx_word' id='word_1_291' title='bbox 991 3347 1083 3431; x_wconf 84' lang='lat' dir='ltr'><strong>magis</strong></span> <span class='ocrx_word' id='word_1_292' title='bbox 1105 3345 1269 3432; x_wconf 89' lang='lat' dir='ltr'><strong>oportebat,</strong></span> 
     </span>
    </p>

    <p class='ocr_par' dir='ltr' id='par_1_12' title="bbox 102 3447 1270 3533">
     <span class='ocr_line' id='line_1_32' title="bbox 102 3447 1270 3533; baseline 0 -21"><span class='ocrx_word' id='word_1_293' title='bbox 102 3459 142 3512; x_wconf 81' lang='lat' dir='ltr'><strong>nt</strong></span> <span class='ocrx_word' id='word_1_294' title='bbox 159 3448 255 3512; x_wconf 89' lang='lat' dir='ltr'><strong>malos</strong></span> <span class='ocrx_word' id='word_1_295' title='bbox 273 3448 349 3511; x_wconf 89' lang='lat' dir='ltr'><strong>alter</strong></span> <span class='ocrx_word' id='word_1_296' title='bbox 371 3448 467 3533; x_wconf 84' lang='lat' dir='ltr'><strong>potius</strong></span> <span class='ocrx_word' id='word_1_297' title='bbox 492 3447 655 3512; x_wconf 88' lang='lat' dir='ltr'><strong>aemulator</strong></span> <span class='ocrx_word' id='word_1_298' title='bbox 671 3447 868 3532; x_wconf 85' lang='lat' dir='ltr'><strong>appellaretur</strong></span> <span class='ocrx_word' id='word_1_299' title='bbox 889 3469 974 3532; x_wconf 84' lang='lat' dir='ltr'><strong>quarn</strong></span> <span class='ocrx_word' id='word_1_300' title='bbox 991 3469 1077 3513; x_wconf 83' lang='lat' dir='ltr'><strong>verua</strong></span> <span class='ocrx_word' id='word_1_301' title='bbox 1098 3467 1270 3533; x_wconf 86' lang='lat' dir='ltr'><strong>germanus-</strong></span> 
     </span>
    </p>

    <p class='ocr_par' dir='ltr' id='par_1_13' title="bbox 101 3547 1270 3638">
     <span class='ocr_line' id='line_1_33' title="bbox 101 3547 1270 3638; baseline -0.003 -24"><span class='ocrx_word' id='word_1_302' title='bbox 101 3571 170 3638; x_wconf 87' lang='lat' dir='ltr'><strong>que</strong></span> <span class='ocrx_word' id='word_1_303' title='bbox 187 3551 272 3615; x_wconf 83' lang='lat' dir='ltr'><strong>deus.</strong></span> <span class='ocrx_word' id='word_1_304' title='bbox 319 3547 464 3615; x_wconf 85' lang='lat' dir='ltr'><strong>Dominus</strong></span> <span class='ocrx_word' id='word_1_305' title='bbox 487 3550 563 3613; x_wconf 88' lang='lat' dir='ltr'><strong>enim</strong></span> <span class='ocrx_word' id='word_1_306' title='bbox 586 3550 615 3613; x_wconf 92' lang='lat' dir='ltr'><strong>in</strong></span> <span class='ocrx_word' id='word_1_307' title='bbox 632 3550 786 3634; x_wconf 87' lang='lat' dir='ltr'><strong>evangelio</strong></span> <span class='ocrx_word' id='word_1_308' title='bbox 802 3551 888 3630; x_wconf 83' lang='lat' dir='ltr'><strong>dicit,</strong></span> <span class='ocrx_word' id='word_1_309' title='bbox 921 3555 1060 3632; x_wconf 79' lang='lat' dir='ltr'><strong>Qua‘opaa‘d</strong></span> <span class='ocrx_word' id='word_1_310' title='bbox 1074 3554 1270 3632; x_wconf 55' lang='lat' dir='ltr'><strong>uammtfitaus</strong></span> 
     </span>
    </p>

    <p class='ocr_par' dir='ltr' id='par_1_14' title="bbox 97 3636 1422 3944">
     <span class='ocr_line' id='line_1_34' title="bbox 97 3636 1422 3757; baseline -0.002 -40"><span class='ocrx_word' id='word_1_311' title='bbox 97 3665 224 3738; x_wconf 75' lang='lat' dir='ltr'><strong>patrem</strong></span> <span class='ocrx_word' id='word_1_312' title='bbox 236 3657 401 3735; x_wconf 68' lang='lat' dir='ltr'><strong>sarabaiam,</strong></span> <span class='ocrx_word' id='word_1_313' title='bbox 427 3657 498 3714; x_wconf 76' lang='lat' dir='ltr'><strong>etiem</strong></span> <span class='ocrx_word' id='word_1_314' title='bbox 512 3665 542 3714; x_wconf 86' lang='lat' dir='ltr'><strong>et</strong></span> <span class='ocrx_word' id='word_1_315' title='bbox 555 3657 614 3734; x_wconf 79' lang='lat' dir='ltr'><strong>ipre</strong></span> <span class='ocrx_word' id='word_1_316' title='bbox 630 3653 761 3713; x_wconf 83' lang='lat' dir='ltr'><strong>saintlr&#39;ter</strong></span> <span class='ocrx_word' id='word_1_317' title='bbox 770 3655 858 3736; x_wconf 80' lang='lat' dir='ltr'><strong>sunit.</strong></span> <span class='ocrx_word' id='word_1_318' title='bbox 908 3651 986 3715; x_wconf 81' lang='lat' dir='ltr'><strong>Tum</strong></span> <span class='ocrx_word' id='word_1_319' title='bbox 1009 3653 1129 3737; x_wconf 91' lang='lat' dir='ltr'><strong>iusuper</strong></span> <span class='ocrx_word' id='word_1_320' title='bbox 1148 3674 1185 3716; x_wconf 91' lang='lat' dir='ltr'><strong>ne</strong></span> <span class='ocrx_word' id='word_1_321' title='bbox 1201 3636 1422 3757; x_wconf 57' lang='lat' dir='ltr'><strong>⁰⁰¹¹‘¹f,⁸,¹&#39;,lj,⁶p¹{</strong></span> 
     </span>
     <span class='ocr_line' id='line_1_35' title="bbox 100 3741 1394 3840; baseline -0.004 -19"><span class='ocrx_word' id='word_1_322' title='bbox 100 3756 225 3822; x_wconf 80' lang='lat' dir='ltr'><strong>solenti</strong></span> <span class='ocrx_word' id='word_1_323' title='bbox 240 3752 282 3819; x_wconf 89' lang='lat' dir='ltr'><strong>illi</strong></span> <span class='ocrx_word' id='word_1_324' title='bbox 303 3756 431 3821; x_wconf 79' lang='lat' dir='ltr'><strong>cessisse</strong></span> <span class='ocrx_word' id='word_1_325' title='bbox 447 3755 613 3834; x_wconf 84' lang='lat' dir='ltr'><strong>videretur,</strong></span> <span class='ocrx_word' id='word_1_326' title='bbox 638 3773 714 3819; x_wconf 83' lang='lat' dir='ltr'><strong>nevo</strong></span> <span class='ocrx_word' id='word_1_327' title='bbox 730 3753 849 3839; x_wconf 88' lang='lat' dir='ltr'><strong>gloriari</strong></span> <span class='ocrx_word' id='word_1_328' title='bbox 873 3775 907 3820; x_wconf 83' lang='lat' dir='ltr'><strong>aa</strong></span> <span class='ocrx_word' id='word_1_329' title='bbox 924 3755 1034 3818; x_wconf 82' lang='lat' dir='ltr'><strong>iactare</strong></span> <span class='ocrx_word' id='word_1_330' title='bbox 1051 3755 1182 3819; x_wconf 84' lang='lat' dir='ltr'><strong>diabulus</strong></span> <span class='ocrx_word' id='word_1_331' title='bbox 1205 3773 1271 3840; x_wconf 86' lang='lat' dir='ltr'><strong>poa·</strong></span> <span class='ocrx_word' id='word_1_332' title='bbox 1362 3741 1368 3756; x_wconf 82' lang='grc'><strong>’</strong></span> <span class='ocrx_word' id='word_1_333' title='bbox 1386 3741 1394 3764; x_wconf 89' lang='grc'>’</span> 
     </span>
     <span class='ocr_line' id='line_1_36' title="bbox 98 3857 1270 3944; baseline -0.005 -20"><span class='ocrx_word' id='word_1_334' title='bbox 98 3870 157 3924; x_wconf 84' lang='lat' dir='ltr'><strong>set</strong></span> <span class='ocrx_word' id='word_1_335' title='bbox 184 3877 242 3922; x_wconf 86' lang='lat' dir='ltr'><strong>sun</strong></span> <span class='ocrx_word' id='word_1_336' title='bbox 257 3857 362 3944; x_wconf 85' lang='lat' dir='ltr'><strong>aliquid</strong></span> <span class='ocrx_word' id='word_1_337' title='bbox 381 3859 505 3922; x_wconf 87' lang='lat' dir='ltr'><strong>oonsilio</strong></span> <span class='ocrx_word' id='word_1_338' title='bbox 524 3879 539 3921; x_wconf 89' lang='lat' dir='ltr'><strong>a</strong></span> <span class='ocrx_word' id='word_1_339' title='bbox 556 3857 704 3922; x_wconf 85' lang='lat' dir='ltr'><strong>salvatore</strong></span> <span class='ocrx_word' id='word_1_340' title='bbox 728 3869 861 3942; x_wconf 85' lang='lat' dir='ltr'><strong>gestum,</strong></span> <span class='ocrx_word' id='word_1_341' title='bbox 893 3879 957 3924; x_wconf 85' lang='lat' dir='ltr'><strong>eum</strong></span> <span class='ocrx_word' id='word_1_342' title='bbox 979 3857 1018 3921; x_wconf 90' lang='lat' dir='ltr'><strong>ita</strong></span> <span class='ocrx_word' id='word_1_343' title='bbox 1040 3857 1176 3922; x_wconf 85' lang='lat' dir='ltr'><strong>suaderet</strong></span> <span class='ocrx_word' id='word_1_344' title='bbox 1197 3857 1270 3941; x_wconf 80' lang='lat' dir='ltr'><strong>ipeia</strong></span> 
     </span>
    </p>

    <p class='ocr_par' dir='ltr' id='par_1_15' title="bbox 65 3957 1274 4149">
     <span class='ocr_line' id='line_1_37' title="bbox 65 3957 1272 4047; baseline -0.002 -21"><span class='ocrx_word' id='word_1_345' title='bbox 65 4001 68 4006; x_wconf 94' lang='lat'>-</span> <span class='ocrx_word' id='word_1_346' title='bbox 97 3967 168 4026; x_wconf 77' lang='lat' dir='ltr'><strong>me</strong></span> <span class='ocrx_word' id='word_1_347' title='bbox 184 3971 221 4022; x_wconf 81' lang='lat' dir='ltr'><strong>ut</strong></span> <span class='ocrx_word' id='word_1_348' title='bbox 239 3965 344 4042; x_wconf 79' lang='lat' dir='ltr'><strong>tapa&#39;des</strong></span> <span class='ocrx_word' id='word_1_349' title='bbox 358 3981 448 4043; x_wconf 84' lang='lat' dir='ltr'><strong>panea</strong></span> <span class='ocrx_word' id='word_1_350' title='bbox 457 3963 553 4041; x_wconf 77' lang='lat' dir='ltr'><strong>stone,</strong></span> <span class='ocrx_word' id='word_1_351' title='bbox 579 3959 742 4047; x_wconf 83' lang='lat' dir='ltr'><strong>repudiarit</strong></span> <span class='ocrx_word' id='word_1_352' title='bbox 758 3961 892 4047; x_wconf 81' lang='lat' dir='ltr'><strong>penitus,</strong></span> <span class='ocrx_word' id='word_1_353' title='bbox 918 3979 955 4026; x_wconf 92' lang='lat' dir='ltr'><strong>ne</strong></span> <span class='ocrx_word' id='word_1_354' title='bbox 975 3960 1109 4026; x_wconf 85' lang='lat' dir='ltr'><strong>didieisse</strong></span> <span class='ocrx_word' id='word_1_355' title='bbox 1126 3957 1232 4044; x_wconf 84' lang='lat' dir='ltr'><strong>aliquid</strong></span> <span class='ocrx_word' id='word_1_356' title='bbox 1255 3979 1272 4023; x_wconf 91' lang='lat' dir='ltr'><strong>a</strong></span> 
     </span>
     <span class='ocr_line' id='line_1_38' title="bbox 97 4062 1274 4149; baseline -0.003 -17"><span class='ocrx_word' id='word_1_357' title='bbox 97 4063 252 4145; x_wconf 85' lang='lat' dir='ltr'><strong>diabolo,</strong></span> <span class='ocrx_word' id='word_1_358' title='bbox 284 4063 404 4149; x_wconf 62' lang='lat' dir='ltr'><strong>eiusque</strong></span> <span class='ocrx_word' id='word_1_359' title='bbox 426 4063 551 4130; x_wconf 79' lang='lat' dir='ltr'><strong>consitio</strong></span> <span class='ocrx_word' id='word_1_360' title='bbox 569 4082 640 4129; x_wconf 83' lang='lat' dir='ltr'><strong>asna</strong></span> <span class='ocrx_word' id='word_1_361' title='bbox 663 4077 731 4128; x_wconf 82' lang='lat' dir='ltr'><strong>ease</strong></span> <span class='ocrx_word' id='word_1_362' title='bbox 747 4063 910 4128; x_wconf 85' lang='lat' dir='ltr'><strong>rideretur.</strong></span> <span class='ocrx_word' id='word_1_363' title='bbox 955 4062 1041 4148; x_wconf 78' lang='lat' dir='ltr'><strong>Quod</strong></span> <span class='ocrx_word' id='word_1_364' title='bbox 1067 4071 1164 4128; x_wconf 86' lang='lat' dir='ltr'><strong>antem</strong></span> <span class='ocrx_word' id='word_1_365' title='bbox 1184 4071 1274 4128; x_wconf 85' lang='lat' dir='ltr'><strong>teate·</strong></span> 
     </span>
    </p>
   </div>
   <div class='ocr_carea' id='block_1_7' title="bbox 92 4275 1274 4440">
    <p class='ocr_par' dir='ltr' id='par_1_16' title="bbox 92 4275 1274 4440">
     <span class='ocr_line' id='line_1_39' title="bbox 92 4275 1274 4355; baseline -0.002 -16"><span class='ocrx_word' id='word_1_366' title='bbox 92 4292 195 4355; x_wconf 76' lang='lat' dir='ltr'><strong>eptem·</strong></span> <span class='ocrx_word' id='word_1_367' title='bbox 212 4287 334 4338; x_wconf 76' lang='lat' dir='ltr'><strong>librariam</strong></span> <span class='ocrx_word' id='word_1_368' title='bbox 348 4289 451 4337; x_wconf 81' lang='lat' dir='ltr'><strong>uolutare</strong></span> <span class='ocrx_word' id='word_1_369' title='bbox 465 4285 508 4340; x_wconf 76' lang='lat' dir='ltr'><strong>rba</strong></span> <span class='ocrx_word' id='word_1_370' title='bbox 524 4281 577 4340; x_wconf 78' lang='lat' dir='ltr'><strong>ulia</strong></span> <span class='ocrx_word' id='word_1_371' title='bbox 589 4281 683 4353; x_wconf 72' lang='grc' dir='ltr'>πατρὸς</span> <span class='ocrx_word' id='word_1_372' title='bbox 714 4279 782 4352; x_wconf 74' lang='grc' dir='ltr'><strong>ἥξει,</strong></span> <span class='ocrx_word' id='word_1_373' title='bbox 800 4288 825 4336; x_wconf 84' lang='lat' dir='ltr'><strong>ta</strong></span> <span class='ocrx_word' id='word_1_374' title='bbox 842 4287 892 4336; x_wconf 78' lang='lat' dir='ltr'><strong>eod.</strong></span> <span class='ocrx_word' id='word_1_375' title='bbox 902 4285 998 4349; x_wconf 78' lang='lat' dir='ltr'><strong>ltbrdtp.</strong></span> <span class='ocrx_word' id='word_1_376' title='bbox 1011 4275 1076 4351; x_wconf 74' lang='grc' dir='ltr'>ἥξει.</span> <span class='ocrx_word' id='word_1_377' title='bbox 1111 4285 1206 4338; x_wconf 80' lang='lat' dir='ltr'><strong>Gornor.</strong></span> <span class='ocrx_word' id='word_1_378' title='bbox 1222 4297 1274 4337; x_wconf 84' lang='lat' dir='ltr'><strong>uer·-</strong></span> 
     </span>
     <span class='ocr_line' id='line_1_40' title="bbox 92 4351 1273 4440; baseline -0.004 -32"><span class='ocrx_word' id='word_1_379' title='bbox 92 4364 158 4428; x_wconf 76' lang='lat'><strong>(=</strong></span> <span class='ocrx_word' id='word_1_380' title='bbox 167 4352 248 4440; x_wconf 63' lang='lat' dir='ltr'><strong>rapp‘j)</strong></span> <span class='ocrx_word' id='word_1_381' title='bbox 265 4351 308 4408; x_wconf 78' lang='lat' dir='ltr'><strong>&#39;rba</strong></span> <span class='ocrx_word' id='word_1_382' title='bbox 322 4352 419 4420; x_wconf 75' lang='grc' dir='ltr'>πατέρα</span> <span class='ocrx_word' id='word_1_383' title='bbox 435 4361 485 4406; x_wconf 81' lang='lat' dir='ltr'><strong>ortt.</strong></span> <span class='ocrx_word' id='word_1_384' title='bbox 716 4359 742 4405; x_wconf 87' lang='lat' dir='ltr'><strong>ttt</strong></span> <span class='ocrx_word' id='word_1_385' title='bbox 761 4357 791 4404; x_wconf 81' lang='lat' dir='ltr'><strong>ur</strong></span> <span class='ocrx_word' id='word_1_386' title='bbox 807 4365 833 4403; x_wconf 85' lang='lat' dir='ltr'><strong>nt</strong></span> <span class='ocrx_word' id='word_1_387' title='bbox 850 4371 882 4404; x_wconf 84' lang='lat' dir='ltr'><strong>ne</strong></span> <span class='ocrx_word' id='word_1_388' title='bbox 897 4353 1040 4403; x_wconf 84' lang='lat' dir='ltr'><strong>admitteret</strong></span> <span class='ocrx_word' id='word_1_389' title='bbox 1050 4353 1214 4404; x_wconf 82' lang='lat' dir='ltr'><strong>consiliarium</strong></span> <span class='ocrx_word' id='word_1_390' title='bbox 1223 4361 1273 4406; x_wconf 80' lang='lat' dir='ltr'><strong>ortt.</strong></span> 
     </span>
    </p>
   </div>
   <div class='ocr_carea' id='block_1_8' title="bbox 136 4417 1273 4561">
    <p class='ocr_par' dir='ltr' id='par_1_17' title="bbox 136 4417 1273 4561">
     <span class='ocr_line' id='line_1_41' title="bbox 137 4417 1273 4490; baseline -0.005 -12"><span class='ocrx_word' id='word_1_391' title='bbox 137 4427 172 4478; x_wconf 78' lang='lat'><strong>5.</strong></span> <span class='ocrx_word' id='word_1_392' title='bbox 195 4439 280 4482; x_wconf 78' lang='grc' dir='ltr'><strong>ουτως</strong></span> <span class='ocrx_word' id='word_1_393' title='bbox 296 4425 346 4472; x_wconf 78' lang='lat' dir='ltr'><strong>eod.</strong></span> <span class='ocrx_word' id='word_1_394' title='bbox 358 4425 455 4486; x_wconf 67' lang='grc' dir='ltr'><strong>Μῦς.</strong></span> <span class='ocrx_word' id='word_1_395' title='bbox 563 4479 565 4482; x_wconf 63' lang='grc'>,</span> <span class='ocrx_word' id='word_1_396' title='bbox 751 4423 775 4476; x_wconf 86' lang='grc'><strong>7.</strong></span> <span class='ocrx_word' id='word_1_397' title='bbox 794 4417 958 4490; x_wconf 62' lang='grc' dir='ltr'><strong>ὕπολειφθείη</strong></span> <span class='ocrx_word' id='word_1_398' title='bbox 975 4423 1080 4475; x_wconf 64' lang='lat' dir='ltr'><strong>eobano.</strong></span> <span class='ocrx_word' id='word_1_399' title='bbox 1097 4427 1190 4490; x_wconf 74' lang='lat' dir='ltr'><strong>uterque</strong></span> <span class='ocrx_word' id='word_1_400' title='bbox 1204 4427 1225 4475; x_wconf 84' lang='lat' dir='ltr'><strong>et</strong></span> <span class='ocrx_word' id='word_1_401' title='bbox 1237 4424 1273 4474; x_wconf 82' lang='lat' dir='ltr'><strong>au.</strong></span> 
     </span>
     <span class='ocr_line' id='line_1_42' title="bbox 136 4491 790 4561; baseline -0.003 -15"><span class='ocrx_word' id='word_1_402' title='bbox 136 4491 170 4546; x_wconf 80' lang='lat'><strong>6·</strong></span> <span class='ocrx_word' id='word_1_403' title='bbox 192 4491 254 4561; x_wconf 68' lang='grc' dir='ltr'><strong>εἴξῃ</strong></span> <span class='ocrx_word' id='word_1_404' title='bbox 267 4491 403 4542; x_wconf 74' lang='lat' dir='ltr'><strong>emandavit</strong></span> <span class='ocrx_word' id='word_1_405' title='bbox 418 4493 499 4543; x_wconf 80' lang='lat' dir='ltr'><strong>Peter.</strong></span> <span class='ocrx_word' id='word_1_406' title='bbox 532 4491 606 4557; x_wconf 72' lang='lat' dir='ltr'><strong>Vulgo</strong></span> <span class='ocrx_word' id='word_1_407' title='bbox 620 4497 683 4543; x_wconf 78' lang='lat' dir='ltr'><strong>estat</strong></span> <span class='ocrx_word' id='word_1_408' title='bbox 713 4495 790 4557; x_wconf 81' lang='lat' dir='ltr'><strong>prtoo.</strong></span> 
     </span>
    </p>
   </div>
   <div class='ocr_carea' id='block_1_9' title="bbox 163 4571 1073 4654">
    <p class='ocr_par' dir='ltr' id='par_1_18' title="bbox 163 4571 1073 4654">
     <span class='ocr_line' id='line_1_43' title="bbox 163 4571 1073 4654; baseline 0.023 -36"><span class='ocrx_word' id='word_1_409' title='bbox 163 4575 262 4632; x_wconf 72' lang='lat' dir='ltr'><strong>corpas</strong></span> <span class='ocrx_word' id='word_1_410' title='bbox 276 4572 414 4620; x_wconf 84' lang='lat' dir='ltr'><strong>ltaareaeol.</strong></span> <span class='ocrx_word' id='word_1_411' title='bbox 428 4571 489 4619; x_wconf 81' lang='lat' dir='ltr'><strong>ua</strong></span> <span class='ocrx_word' id='word_1_412' title='bbox 765 4647 767 4654; x_wconf 21' lang='lat' dir='ltr'>y</span> <span class='ocrx_word' id='word_1_413' title='bbox 1032 4581 1073 4648; x_wconf 83' lang='grc'><strong>34</strong></span> 
     </span>
    </p>
   </div>
   <div class='ocr_carea' id='block_1_10' title="bbox 0 0 1582 4930">
    <p class='ocr_par' dir='ltr' id='par_1_19' title="bbox 0 0 1582 4930">
     <span class='ocr_line' id='line_1_44' title="bbox 0 0 1582 4930; baseline 0 8"><span class='ocrx_word' id='word_1_414' title='bbox 0 0 1582 4930; x_wconf 95' lang='lat' dir='ltr'><strong> </strong></span> 
     </span>
    </p>
   </div>
  </div>
 </body>
</html>
