<?xml version="1.0" encoding="UTF-8"?>
<!DOCTYPE html PUBLIC "-//W3C//DTD XHTML 1.0 Transitional//EN"
    "http://www.w3.org/TR/xhtml1/DTD/xhtml1-transitional.dtd">
<html xmlns="http://www.w3.org/1999/xhtml" xml:lang="en" lang="en">
 <head>
  <title>
</title>
<meta http-equiv="Content-Type" content="text/html;charset=utf-8" />
  <meta name='ocr-system' content='tesseract 3.04.00' />
  <meta name='ocr-capabilities' content='ocr_page ocr_carea ocr_par ocr_line ocrx_word'/>
</head>
<body>
  <div class='ocr_page' id='page_1' title='image "./corporishaerese02oehlgoog_0028.png"; bbox 0 0 3168 4926; ppageno 0'>
   <div class='ocr_carea' id='block_1_1' title="bbox 509 188 1281 248">
    <p class='ocr_par' dir='ltr' id='par_1_1' title="bbox 509 188 1281 248">
     <span class='ocr_line' id='line_1_1' title="bbox 509 188 1281 248; baseline 0.001 -2"><span class='ocrx_word' id='word_1_1' title='bbox 509 193 645 246; x_wconf 72' lang='lat' dir='ltr'>ananau</span> <span class='ocrx_word' id='word_1_2' title='bbox 661 195 723 246; x_wconf 78' lang='lat' dir='ltr'>ma.</span> <span class='ocrx_word' id='word_1_3' title='bbox 735 197 767 248; x_wconf 85' lang='lat'>11.</span> <span class='ocrx_word' id='word_1_4' title='bbox 784 195 864 248; x_wconf 85' lang='grc' dir='ltr'>ΤΟΜ.</span> <span class='ocrx_word' id='word_1_5' title='bbox 879 199 898 247; x_wconf 90' lang='lat' dir='ltr'>l.</span> <span class='ocrx_word' id='word_1_6' title='bbox 1262 188 1281 247; x_wconf 84' lang='lat' dir='ltr'>&#39;l</span> 
     </span>
    </p>
   </div>
   <div class='ocr_carea' id='block_1_2' title="bbox 123 307 1281 806">
    <p class='ocr_par' dir='ltr' id='par_1_2' title="bbox 123 307 1281 500">
     <span class='ocr_line' id='line_1_2' title="bbox 210 307 1281 400; baseline 0.007 -27"><span class='ocrx_word' id='word_1_7' title='bbox 210 308 301 374; x_wconf 79' lang='lat' dir='ltr'>Xlll.</span> <span class='ocrx_word' id='word_1_8' title='bbox 336 307 470 378; x_wconf 83' lang='lat' dir='ltr'>Cathari.</span> <span class='ocrx_word' id='word_1_9' title='bbox 514 311 664 377; x_wconf 74' lang='lat' dir='ltr'>Nouatum</span> <span class='ocrx_word' id='word_1_10' title='bbox 681 311 1050 378; x_wconf 78' lang='lat' dir='ltr'>Romanumseenlisunt.</span> <span class='ocrx_word' id='word_1_11' title='bbox 1096 315 1281 400; x_wconf 84' lang='lat' dir='ltr'>llidigamos</span> 
     </span>
     <span class='ocr_line' id='line_1_3' title="bbox 123 412 912 500; baseline 0.001 -23"><span class='ocrx_word' id='word_1_12' title='bbox 123 413 241 500; x_wconf 78' lang='lat' dir='ltr'>penitus</span> <span class='ocrx_word' id='word_1_13' title='bbox 263 414 461 500; x_wconf 81' lang='lat' dir='ltr'>proscribunt.</span> <span class='ocrx_word' id='word_1_14' title='bbox 510 412 722 478; x_wconf 73' lang='lat' dir='ltr'>Paenitentiam</span> <span class='ocrx_word' id='word_1_15' title='bbox 748 417 912 500; x_wconf 72' lang='lat' dir='ltr'>repudiant.</span> 
     </span>
    </p>

    <p class='ocr_par' dir='ltr' id='par_1_3' title="bbox 123 513 1280 704">
     <span class='ocr_line' id='line_1_4' title="bbox 208 513 1280 603; baseline 0.005 -24"><span class='ocrx_word' id='word_1_16' title='bbox 208 513 299 580; x_wconf 84' lang='lat' dir='ltr'>xlv.</span> <span class='ocrx_word' id='word_1_17' title='bbox 329 515 478 602; x_wconf 83' lang='lat' dir='ltr'>Angeliei.</span> <span class='ocrx_word' id='word_1_18' title='bbox 515 517 553 580; x_wconf 86' lang='lat' dir='ltr'>lli</span> <span class='ocrx_word' id='word_1_19' title='bbox 568 539 710 602; x_wconf 81' lang='lat' dir='ltr'><strong>nusquam</strong></span> <span class='ocrx_word' id='word_1_20' title='bbox 725 518 810 582; x_wconf 86' lang='lat' dir='ltr'>bodie</span> <span class='ocrx_word' id='word_1_21' title='bbox 825 518 1022 603; x_wconf 71' lang='lat' dir='ltr'>reperiuntur.</span> <span class='ocrx_word' id='word_1_22' title='bbox 1055 517 1192 603; x_wconf 78' lang='lat' dir='ltr'>Angeliei</span> <span class='ocrx_word' id='word_1_23' title='bbox 1208 541 1280 584; x_wconf 88' lang='lat' dir='ltr'>vero</span> 
     </span>
     <span class='ocr_line' id='line_1_5' title="bbox 123 618 1278 704; baseline 0.002 -22"><span class='ocrx_word' id='word_1_24' title='bbox 123 618 235 682; x_wconf 77' lang='lat' dir='ltr'>ordinis</span> <span class='ocrx_word' id='word_1_25' title='bbox 252 639 285 682; x_wconf 84' lang='lat' dir='ltr'>sa</span> <span class='ocrx_word' id='word_1_26' title='bbox 307 638 374 682; x_wconf 86' lang='lat' dir='ltr'>esse</span> <span class='ocrx_word' id='word_1_27' title='bbox 394 619 613 703; x_wconf 75' lang='lat' dir='ltr'>profitebantur.</span> <span class='ocrx_word' id='word_1_28' title='bbox 658 620 721 683; x_wconf 82' lang='lat' dir='ltr'>Aul</span> <span class='ocrx_word' id='word_1_29' title='bbox 743 631 822 684; x_wconf 83' lang='lat' dir='ltr'>nerle</span> <span class='ocrx_word' id='word_1_30' title='bbox 846 621 921 704; x_wconf 87' lang='lat' dir='ltr'>quod</span> <span class='ocrx_word' id='word_1_31' title='bbox 941 621 1073 704; x_wconf 79' lang='lat' dir='ltr'>Angelus</span> <span class='ocrx_word' id='word_1_32' title='bbox 1096 621 1278 686; x_wconf 84' lang='lat' dir='ltr'>invocarem.</span> 
     </span>
    </p>

    <p class='ocr_par' dir='ltr' id='par_1_4' title="bbox 207 718 1281 806">
     <span class='ocr_line' id='line_1_6' title="bbox 207 718 1281 806; baseline 0.004 -22"><span class='ocrx_word' id='word_1_33' title='bbox 207 718 281 784; x_wconf 87' lang='lat' dir='ltr'>XV.</span> <span class='ocrx_word' id='word_1_34' title='bbox 321 721 503 806; x_wconf 75' lang='lat' dir='ltr'>Apostoliei,</span> <span class='ocrx_word' id='word_1_35' title='bbox 537 720 586 806; x_wconf 89' lang='lat' dir='ltr'>qui</span> <span class='ocrx_word' id='word_1_36' title='bbox 609 732 637 784; x_wconf 83' lang='lat' dir='ltr'>el</span> <span class='ocrx_word' id='word_1_37' title='bbox 660 721 844 805; x_wconf 64' lang='lat' dir='ltr'>dilatamini,</span> <span class='ocrx_word' id='word_1_38' title='bbox 879 722 943 784; x_wconf 86' lang='lat' dir='ltr'>sive</span> <span class='ocrx_word' id='word_1_39' title='bbox 966 721 1215 801; x_wconf 71' lang='lat' dir='ltr'>Renuntiatum,</span> <span class='ocrx_word' id='word_1_40' title='bbox 1249 724 1281 788; x_wconf 90' lang='lat' dir='ltr'>in</span> 
     </span>
    </p>
   </div>
   <div class='ocr_carea' id='block_1_3' title="bbox 120 816 1406 908">
    <p class='ocr_par' dir='ltr' id='par_1_5' title="bbox 120 816 1406 908">
     <span class='ocr_line' id='line_1_7' title="bbox 120 816 1406 908; baseline 0.002 -22"><span class='ocrx_word' id='word_1_41' title='bbox 120 821 231 888; x_wconf 82' lang='lat' dir='ltr'>Pisidia</span> <span class='ocrx_word' id='word_1_42' title='bbox 250 823 396 886; x_wconf 77' lang='lat' dir='ltr'>dunlanat</span> <span class='ocrx_word' id='word_1_43' title='bbox 414 820 614 887; x_wconf 71' lang='lat' dir='ltr'>inveniuntur.</span> <span class='ocrx_word' id='word_1_44' title='bbox 660 821 698 888; x_wconf 85' lang='lat' dir='ltr'>lli</span> <span class='ocrx_word' id='word_1_45' title='bbox 717 824 797 888; x_wconf 88' lang='lat' dir='ltr'>solos</span> <span class='ocrx_word' id='word_1_46' title='bbox 817 816 882 888; x_wconf 90' lang='lat' dir='ltr'>illos</span> <span class='ocrx_word' id='word_1_47' title='bbox 900 825 1056 887; x_wconf 81' lang='lat' dir='ltr'>admillunl</span> <span class='ocrx_word' id='word_1_48' title='bbox 1074 826 1121 908; x_wconf 90' lang='lat' dir='ltr'>qui</span> <span class='ocrx_word' id='word_1_49' title='bbox 1143 847 1175 890; x_wconf 86' lang='lat' dir='ltr'>sa</span> <span class='ocrx_word' id='word_1_50' title='bbox 1196 826 1279 889; x_wconf 85' lang='lat' dir='ltr'>bonis</span> <span class='ocrx_word' id='word_1_51' title='bbox 1402 837 1406 846; x_wconf 84' lang='grc'><em>’</em></span> 
     </span>
    </p>
   </div>
   <div class='ocr_carea' id='block_1_4' title="bbox 118 921 1281 1318">
    <p class='ocr_par' dir='ltr' id='par_1_6' title="bbox 120 921 1281 1112">
     <span class='ocr_line' id='line_1_8' title="bbox 121 921 1281 1006; baseline 0.002 -18"><span class='ocrx_word' id='word_1_52' title='bbox 121 924 257 988; x_wconf 79' lang='lat' dir='ltr'>amnibus</span> <span class='ocrx_word' id='word_1_53' title='bbox 274 925 487 990; x_wconf 72' lang='lat' dir='ltr'>abdicaverint.</span> <span class='ocrx_word' id='word_1_54' title='bbox 534 921 674 989; x_wconf 82' lang='lat' dir='ltr'>Celerum</span> <span class='ocrx_word' id='word_1_55' title='bbox 692 923 910 990; x_wconf 81' lang='lat' dir='ltr'>Enernlilarrrm</span> <span class='ocrx_word' id='word_1_56' title='bbox 927 925 1037 996; x_wconf 68' lang='lat' dir='ltr'>similes</span> <span class='ocrx_word' id='word_1_57' title='bbox 1054 937 1139 1006; x_wconf 82' lang='lat' dir='ltr'><strong>suul3</strong></span> <span class='ocrx_word' id='word_1_58' title='bbox 1163 929 1218 992; x_wconf 86' lang='lat' dir='ltr'>elsi</span> <span class='ocrx_word' id='word_1_59' title='bbox 1238 928 1281 991; x_wconf 91' lang='lat' dir='ltr'>di-</span> 
     </span>
     <span class='ocr_line' id='line_1_9' title="bbox 120 1027 678 1112; baseline -0.002 -22"><span class='ocrx_word' id='word_1_60' title='bbox 120 1047 209 1091; x_wconf 85' lang='lat' dir='ltr'>rersa</span> <span class='ocrx_word' id='word_1_61' title='bbox 232 1029 373 1112; x_wconf 85' lang='lat' dir='ltr'>quaedam</span> <span class='ocrx_word' id='word_1_62' title='bbox 396 1028 433 1091; x_wconf 89' lang='lat' dir='ltr'>ab</span> <span class='ocrx_word' id='word_1_63' title='bbox 455 1027 513 1091; x_wconf 88' lang='lat' dir='ltr'>illis</span> <span class='ocrx_word' id='word_1_64' title='bbox 535 1038 678 1092; x_wconf 77' lang='lat' dir='ltr'>statuunt.</span> 
     </span>
    </p>

    <p class='ocr_par' dir='ltr' id='par_1_7' title="bbox 118 1127 1281 1318">
     <span class='ocr_line' id='line_1_10' title="bbox 204 1127 1281 1216; baseline 0 -22"><span class='ocrx_word' id='word_1_65' title='bbox 204 1127 298 1194; x_wconf 75' lang='lat' dir='ltr'>xvi.</span> <span class='ocrx_word' id='word_1_66' title='bbox 336 1127 496 1196; x_wconf 72' lang='lat' dir='ltr'>Sabelliani</span> <span class='ocrx_word' id='word_1_67' title='bbox 515 1151 579 1193; x_wconf 83' lang='lat' dir='ltr'>aum</span> <span class='ocrx_word' id='word_1_68' title='bbox 598 1128 763 1194; x_wconf 76' lang='lat' dir='ltr'>Nodtianie</span> <span class='ocrx_word' id='word_1_69' title='bbox 777 1129 806 1192; x_wconf 90' lang='lat' dir='ltr'>in</span> <span class='ocrx_word' id='word_1_70' title='bbox 828 1131 962 1197; x_wconf 81' lang='lat' dir='ltr'>amnibus</span> <span class='ocrx_word' id='word_1_71' title='bbox 982 1131 1189 1216; x_wconf 76' lang='lat' dir='ltr'><strong>propemodum</strong></span> <span class='ocrx_word' id='word_1_72' title='bbox 1210 1153 1281 1194; x_wconf 89' lang='lat' dir='ltr'>eon-</span> 
     </span>
     <span class='ocr_line' id='line_1_11' title="bbox 118 1231 1280 1318; baseline 0 -22"><span class='ocrx_word' id='word_1_73' title='bbox 118 1232 263 1309; x_wconf 80' lang='lat' dir='ltr'>seuliunl,</span> <span class='ocrx_word' id='word_1_74' title='bbox 289 1232 345 1296; x_wconf 87' lang='lat' dir='ltr'>nisi</span> <span class='ocrx_word' id='word_1_75' title='bbox 361 1233 436 1317; x_wconf 82' lang='lat' dir='ltr'>quad</span> <span class='ocrx_word' id='word_1_76' title='bbox 454 1241 565 1318; x_wconf 70' lang='lat' dir='ltr'>patrem</span> <span class='ocrx_word' id='word_1_77' title='bbox 580 1231 674 1316; x_wconf 86' lang='lat' dir='ltr'><strong>ipsum</strong></span> <span class='ocrx_word' id='word_1_78' title='bbox 692 1244 801 1316; x_wconf 75' lang='lat' dir='ltr'>negant</span> <span class='ocrx_word' id='word_1_79' title='bbox 816 1254 883 1296; x_wconf 83' lang='lat' dir='ltr'>asse</span> <span class='ocrx_word' id='word_1_80' title='bbox 899 1255 1029 1318; x_wconf 81' lang='lat' dir='ltr'>passum,</span> <span class='ocrx_word' id='word_1_81' title='bbox 1051 1234 1086 1296; x_wconf 92' lang='lat' dir='ltr'>ab</span> <span class='ocrx_word' id='word_1_82' title='bbox 1103 1253 1196 1318; x_wconf 86' lang='lat' dir='ltr'>eoque</span> <span class='ocrx_word' id='word_1_83' title='bbox 1211 1255 1280 1318; x_wconf 83' lang='lat' dir='ltr'>pro·</span> 
     </span>
    </p>
   </div>
   <div class='ocr_carea' id='block_1_5' title="bbox 40 1331 772 1398">
    <p class='ocr_par' dir='ltr' id='par_1_8' title="bbox 40 1331 772 1398">
     <span class='ocr_line' id='line_1_12' title="bbox 40 1331 772 1398; baseline -0.001 0"><span class='ocrx_word' id='word_1_84' title='bbox 40 1340 44 1346; x_wconf 84' lang='lat'>&#39;</span> <span class='ocrx_word' id='word_1_85' title='bbox 118 1335 244 1398; x_wconf 69' lang='lat' dir='ltr'>labilium</span> <span class='ocrx_word' id='word_1_86' title='bbox 269 1335 412 1398; x_wconf 78' lang='lat' dir='ltr'>duntaxat</span> <span class='ocrx_word' id='word_1_87' title='bbox 433 1353 553 1398; x_wconf 88' lang='lat' dir='ltr'>manare</span> <span class='ocrx_word' id='word_1_88' title='bbox 576 1331 710 1398; x_wconf 83' lang='lat' dir='ltr'>verbum.</span> <span class='ocrx_word' id='word_1_89' title='bbox 771 1349 772 1354; x_wconf 75' lang='grc'>’</span> 
     </span>
    </p>
   </div>
   <div class='ocr_carea' id='block_1_6' title="bbox 116 1433 1281 2340">
    <p class='ocr_par' dir='ltr' id='par_1_9' title="bbox 117 1433 1279 1727">
     <span class='ocr_line' id='line_1_13' title="bbox 203 1433 1279 1523; baseline 0 -23"><span class='ocrx_word' id='word_1_90' title='bbox 203 1433 313 1500; x_wconf 84' lang='lat' dir='ltr'>XVll.</span> <span class='ocrx_word' id='word_1_91' title='bbox 349 1433 521 1521; x_wconf 77' lang='lat' dir='ltr'>origeniani</span> <span class='ocrx_word' id='word_1_92' title='bbox 539 1434 843 1522; x_wconf 82' lang='lat' dir='ltr'>aquodamOrigane</span> <span class='ocrx_word' id='word_1_93' title='bbox 860 1436 996 1502; x_wconf 81' lang='lat' dir='ltr'>derivati.</span> <span class='ocrx_word' id='word_1_94' title='bbox 1036 1435 1214 1523; x_wconf 81' lang='lat' dir='ltr'>Turpissimi</span> <span class='ocrx_word' id='word_1_95' title='bbox 1229 1437 1279 1502; x_wconf 85' lang='lat' dir='ltr'>isli</span> 
     </span>
     <span class='ocr_line' id='line_1_14' title="bbox 117 1539 1279 1626; baseline 0.001 -23"><span class='ocrx_word' id='word_1_96' title='bbox 117 1551 203 1618; x_wconf 81' lang='lat' dir='ltr'>sunl,</span> <span class='ocrx_word' id='word_1_97' title='bbox 229 1560 264 1603; x_wconf 86' lang='lat' dir='ltr'>ae</span> <span class='ocrx_word' id='word_1_98' title='bbox 283 1539 425 1604; x_wconf 78' lang='lat' dir='ltr'>nefariam</span> <span class='ocrx_word' id='word_1_99' title='bbox 443 1550 474 1604; x_wconf 88' lang='lat' dir='ltr'>el</span> <span class='ocrx_word' id='word_1_100' title='bbox 491 1553 708 1625; x_wconf 73' lang='lat' dir='ltr'>praeposueram</span> <span class='ocrx_word' id='word_1_101' title='bbox 729 1539 878 1604; x_wconf 80' lang='lat' dir='ltr'>libidinem</span> <span class='ocrx_word' id='word_1_102' title='bbox 899 1550 1060 1618; x_wconf 78' lang='lat' dir='ltr'>exercent,</span> <span class='ocrx_word' id='word_1_103' title='bbox 1085 1561 1196 1626; x_wconf 84' lang='lat' dir='ltr'>suaque</span> <span class='ocrx_word' id='word_1_104' title='bbox 1213 1562 1279 1604; x_wconf 87' lang='lat' dir='ltr'>uor-</span> 
     </span>
     <span class='ocr_line' id='line_1_15' title="bbox 118 1651 417 1727; baseline 0 -23"><span class='ocrx_word' id='word_1_105' title='bbox 118 1663 190 1727; x_wconf 80' lang='lat' dir='ltr'>para</span> <span class='ocrx_word' id='word_1_106' title='bbox 213 1651 417 1727; x_wconf 77' lang='lat' dir='ltr'>corrumpunt.</span> 
     </span>
    </p>

    <p class='ocr_par' dir='ltr' id='par_1_10' title="bbox 116 1735 1281 2340">
     <span class='ocr_line' id='line_1_16' title="bbox 201 1735 1278 1829; baseline 0.002 -23"><span class='ocrx_word' id='word_1_107' title='bbox 201 1740 327 1806; x_wconf 88' lang='lat' dir='ltr'>XVlll.</span> <span class='ocrx_word' id='word_1_108' title='bbox 364 1735 536 1826; x_wconf 81' lang='lat' dir='ltr'>Origeniani</span> <span class='ocrx_word' id='word_1_109' title='bbox 560 1743 608 1807; x_wconf 89' lang='lat' dir='ltr'>alii</span> <span class='ocrx_word' id='word_1_110' title='bbox 632 1743 667 1807; x_wconf 91' lang='lat' dir='ltr'>ab</span> <span class='ocrx_word' id='word_1_111' title='bbox 688 1741 818 1829; x_wconf 83' lang='lat' dir='ltr'>Origene</span> <span class='ocrx_word' id='word_1_112' title='bbox 838 1742 1014 1807; x_wconf 81' lang='lat' dir='ltr'>Adamanlio</span> <span class='ocrx_word' id='word_1_113' title='bbox 1037 1745 1192 1828; x_wconf 66' lang='lat' dir='ltr'>scriptore.</span> <span class='ocrx_word' id='word_1_114' title='bbox 1238 1742 1278 1808; x_wconf 88' lang='lat' dir='ltr'>lli</span> 
     </span>
     <span class='ocr_line' id='line_1_17' title="bbox 116 1843 1277 1930; baseline 0.001 -21"><span class='ocrx_word' id='word_1_115' title='bbox 116 1857 301 1910; x_wconf 73' lang='lat' dir='ltr'>namuurum</span> <span class='ocrx_word' id='word_1_116' title='bbox 321 1847 569 1909; x_wconf 72' lang='lat' dir='ltr'>resurrectionem</span> <span class='ocrx_word' id='word_1_117' title='bbox 593 1856 712 1930; x_wconf 73' lang='lat' dir='ltr'>negant.</span> <span class='ocrx_word' id='word_1_118' title='bbox 760 1845 836 1909; x_wconf 85' lang='lat' dir='ltr'>Tam</span> <span class='ocrx_word' id='word_1_119' title='bbox 860 1843 1009 1910; x_wconf 75' lang='lat' dir='ltr'>Christum</span> <span class='ocrx_word' id='word_1_120' title='bbox 1035 1869 1120 1930; x_wconf 87' lang='lat' dir='ltr'>quam</span> <span class='ocrx_word' id='word_1_121' title='bbox 1144 1846 1277 1930; x_wconf 75' lang='lat' dir='ltr'>spiritum</span> 
     </span>
     <span class='ocr_line' id='line_1_18' title="bbox 116 1946 1277 2032; baseline 0.002 -20"><span class='ocrx_word' id='word_1_122' title='bbox 116 1959 251 2012; x_wconf 69' lang='lat' dir='ltr'>nuebu-</span> <span class='ocrx_word' id='word_1_123' title='bbox 269 1948 379 2012; x_wconf 82' lang='lat' dir='ltr'>arealis</span> <span class='ocrx_word' id='word_1_124' title='bbox 398 1948 427 2010; x_wconf 91' lang='lat' dir='ltr'>in</span> <span class='ocrx_word' id='word_1_125' title='bbox 444 1948 533 2012; x_wconf 75' lang='lat' dir='ltr'>rebus</span> <span class='ocrx_word' id='word_1_126' title='bbox 550 1959 715 2012; x_wconf 79' lang='lat' dir='ltr'>numerant.</span> <span class='ocrx_word' id='word_1_127' title='bbox 760 1946 935 2012; x_wconf 72' lang='lat' dir='ltr'>Paradisum</span> <span class='ocrx_word' id='word_1_128' title='bbox 951 1969 985 2011; x_wconf 85' lang='lat' dir='ltr'>aa</span> <span class='ocrx_word' id='word_1_129' title='bbox 1002 1949 1102 2012; x_wconf 79' lang='lat' dir='ltr'>caelas</span> <span class='ocrx_word' id='word_1_130' title='bbox 1119 1958 1277 2032; x_wconf 77' lang='lat' dir='ltr'>ceteraque</span> 
     </span>
     <span class='ocr_line' id='line_1_19' title="bbox 118 2047 1277 2134; baseline 0 -20"><span class='ocrx_word' id='word_1_131' title='bbox 118 2051 217 2114; x_wconf 84' lang='lat' dir='ltr'>amnia</span> <span class='ocrx_word' id='word_1_132' title='bbox 240 2051 279 2114; x_wconf 84' lang='lat' dir='ltr'>ad</span> <span class='ocrx_word' id='word_1_133' title='bbox 301 2048 459 2134; x_wconf 82' lang='lat' dir='ltr'>allegorias</span> <span class='ocrx_word' id='word_1_134' title='bbox 483 2053 626 2114; x_wconf 82' lang='lat' dir='ltr'>reiernnl.</span> <span class='ocrx_word' id='word_1_135' title='bbox 673 2047 783 2114; x_wconf 76' lang='lat' dir='ltr'>Carisa</span> <span class='ocrx_word' id='word_1_136' title='bbox 809 2072 932 2134; x_wconf 71' lang='lat' dir='ltr'>regnam</span> <span class='ocrx_word' id='word_1_137' title='bbox 955 2051 1168 2114; x_wconf 80' lang='lat' dir='ltr'>terminandum</span> <span class='ocrx_word' id='word_1_138' title='bbox 1196 2071 1277 2131; x_wconf 78' lang='lat' dir='ltr'>asae,</span> 
     </span>
     <span class='ocr_line' id='line_1_20' title="bbox 118 2149 1281 2238; baseline 0 -22"><span class='ocrx_word' id='word_1_139' title='bbox 118 2154 324 2238; x_wconf 80' lang='lat' dir='ltr'>deeirnmsque</span> <span class='ocrx_word' id='word_1_140' title='bbox 341 2153 476 2218; x_wconf 85' lang='lat' dir='ltr'>simililer</span> <span class='ocrx_word' id='word_1_141' title='bbox 491 2155 611 2238; x_wconf 79' lang='lat' dir='ltr'>angeles</span> <span class='ocrx_word' id='word_1_142' title='bbox 628 2154 752 2231; x_wconf 80' lang='lat' dir='ltr'>docent,</span> <span class='ocrx_word' id='word_1_143' title='bbox 777 2155 960 2238; x_wconf 85' lang='lat' dir='ltr'>eundemque</span> <span class='ocrx_word' id='word_1_144' title='bbox 975 2175 1039 2216; x_wconf 87' lang='lat' dir='ltr'>aum</span> <span class='ocrx_word' id='word_1_145' title='bbox 1057 2153 1171 2217; x_wconf 89' lang='lat' dir='ltr'>diabolo</span> <span class='ocrx_word' id='word_1_146' title='bbox 1191 2149 1281 2218; x_wconf 80' lang='lat' dir='ltr'>Cari-</span> 
     </span>
     <span class='ocr_line' id='line_1_21' title="bbox 118 2255 790 2340; baseline 0 -20"><span class='ocrx_word' id='word_1_147' title='bbox 118 2267 194 2322; x_wconf 84' lang='lat' dir='ltr'>alnm</span> <span class='ocrx_word' id='word_1_148' title='bbox 216 2257 340 2320; x_wconf 83' lang='lat' dir='ltr'>alterius</span> <span class='ocrx_word' id='word_1_149' title='bbox 363 2275 431 2320; x_wconf 81' lang='lat' dir='ltr'>esee</span> <span class='ocrx_word' id='word_1_150' title='bbox 453 2277 545 2340; x_wconf 74' lang='lat' dir='ltr'>regno</span> <span class='ocrx_word' id='word_1_151' title='bbox 567 2255 790 2322; x_wconf 74' lang='lat' dir='ltr'>subiiciendum.</span> 
     </span>
    </p>
   </div>
   <div class='ocr_carea' id='block_1_7' title="bbox 271 2389 1117 2444">
    <p class='ocr_par' dir='ltr' id='par_1_11' title="bbox 271 2389 1117 2444">
     <span class='ocr_line' id='line_1_22' title="bbox 271 2389 1117 2444; baseline -0.002 -2"><span class='ocrx_word' id='word_1_152' title='bbox 271 2389 453 2444; x_wconf 73' lang='lat' dir='ltr'><strong>HACTENUS</strong></span> <span class='ocrx_word' id='word_1_153' title='bbox 471 2393 556 2444; x_wconf 87' lang='grc' dir='ltr'><strong>ΤΟΜΙ</strong></span> <span class='ocrx_word' id='word_1_154' title='bbox 575 2391 668 2443; x_wconf 83' lang='lat' dir='ltr'>PlllMl</span> <span class='ocrx_word' id='word_1_155' title='bbox 686 2391 775 2442; x_wconf 85' lang='lat' dir='ltr'>LlBlll</span> <span class='ocrx_word' id='word_1_156' title='bbox 791 2393 823 2442; x_wconf 87' lang='lat' dir='ltr'>ll.</span> <span class='ocrx_word' id='word_1_157' title='bbox 841 2391 1008 2442; x_wconf 67' lang='lat' dir='ltr'>Bubassus</span> <span class='ocrx_word' id='word_1_158' title='bbox 1023 2391 1117 2441; x_wconf 81' lang='lat' dir='ltr'><strong>xvru.</strong></span> 
     </span>
    </p>
   </div>
   <div class='ocr_carea' id='block_1_8' title="bbox 117 2546 1276 2684">
    <p class='ocr_par' dir='ltr' id='par_1_12' title="bbox 117 2546 1276 2684">
     <span class='ocr_line' id='line_1_23' title="bbox 153 2546 1276 2610; baseline 0 -12"><span class='ocrx_word' id='word_1_159' title='bbox 153 2546 194 2598; x_wconf 82' lang='lat' dir='ltr'>lo.</span> <span class='ocrx_word' id='word_1_160' title='bbox 214 2549 252 2598; x_wconf 80' lang='lat' dir='ltr'>lla</span> <span class='ocrx_word' id='word_1_161' title='bbox 272 2549 364 2598; x_wconf 75' lang='lat' dir='ltr'>eumad</span> <span class='ocrx_word' id='word_1_162' title='bbox 382 2562 412 2597; x_wconf 77' lang='lat' dir='ltr'>aa</span> <span class='ocrx_word' id='word_1_163' title='bbox 428 2550 514 2600; x_wconf 80' lang='lat' dir='ltr'>launna</span> <span class='ocrx_word' id='word_1_164' title='bbox 531 2551 684 2602; x_wconf 73' lang='lat' dir='ltr'>Damascena.</span> <span class='ocrx_word' id='word_1_165' title='bbox 715 2551 858 2609; x_wconf 71' lang='lat' dir='ltr'>emptarum</span> <span class='ocrx_word' id='word_1_166' title='bbox 875 2549 899 2598; x_wconf 83' lang='lat' dir='ltr'>in</span> <span class='ocrx_word' id='word_1_167' title='bbox 911 2561 988 2608; x_wconf 68' lang='lat' dir='ltr'>mara.</span> <span class='ocrx_word' id='word_1_168' title='bbox 1005 2549 1054 2598; x_wconf 77' lang='lat' dir='ltr'>iarn</span> <span class='ocrx_word' id='word_1_169' title='bbox 1066 2552 1220 2610; x_wconf 73' lang='lat' dir='ltr'>propomam</span> <span class='ocrx_word' id='word_1_170' title='bbox 1232 2551 1276 2600; x_wconf 80' lang='lat' dir='ltr'>Pa·</span> 
     </span>
     <span class='ocr_line' id='line_1_24' title="bbox 117 2614 803 2684; baseline -0.006 -16"><span class='ocrx_word' id='word_1_171' title='bbox 117 2619 183 2668; x_wconf 74' lang='lat' dir='ltr'>bari</span> <span class='ocrx_word' id='word_1_172' title='bbox 203 2619 289 2667; x_wconf 80' lang='lat' dir='ltr'>babenl</span> <span class='ocrx_word' id='word_1_173' title='bbox 311 2614 561 2684; x_wconf 65' lang='grc' dir='ltr'><strong>βασιλευθησομένῳ.</strong></span> <span class='ocrx_word' id='word_1_174' title='bbox 601 2619 684 2666; x_wconf 80' lang='lat' dir='ltr'>Veram</span> <span class='ocrx_word' id='word_1_175' title='bbox 718 2619 803 2665; x_wconf 76' lang='lat' dir='ltr'>lavim.</span> 
     </span>
    </p>
   </div>
   <div class='ocr_carea' id='block_1_9' title="bbox 0 0 1588 4926">
    <p class='ocr_par' dir='ltr' id='par_1_13' title="bbox 0 0 1588 4926">
     <span class='ocr_line' id='line_1_25' title="bbox 0 0 1588 4926; baseline 0 2"><span class='ocrx_word' id='word_1_176' title='bbox 0 0 1588 4926; x_wconf 95' lang='lat' dir='ltr'> </span> 
     </span>
    </p>
   </div>
  </div>
 </body>
</html>
