3168 4926
351 277 485 328 rnnnnn
504 277 744 330 stuttuont.
763 277 994 330 ntanxnvtn.
1211 263 1251 330 35

94 395 190 480 gentis
217 417 287 460 esse
312 408 412 482 potest
436 408 539 461 eontra
565 419 598 462 se
621 398 729 461 dooere
751 397 857 482 aliquid
881 419 916 461 ao
937 397 993 462 sibi
1018 397 1073 482 ipsi
1099 399 1251 482 refragari.

95 497 170 562 Num
187 501 214 563 si
231 501 353 564 ourniuo
370 499 410 562 ita
427 499 573 584 loquiture
603 503 649 562 Ne
665 521 708 562 rte
724 505 865 575 auditote,
893 500 1055 585 qualisnam
1082 500 1128 564 ltin
1152 501 1200 586 qui
1223 501 1253 564 in

96 621 128 666 ea
148 603 327 686 loquebatur
345 602 466 688 spiritus
486 602 558 665 tuitt
601 601 688 685 Quod
709 603 805 687 siper
826 623 894 668 sese
917 603 979 690 ipsa
1002 615 1144 688 quatenus
1168 603 1253 667 lemn

98 714 158 768 eret
184 705 228 768 ita
255 705 476 790 pronuntiavit,
510 727 567 768 non
593 705 684 790 igitur
708 705 827 788 spiritus
853 726 917 768 eam
946 718 1065 770 sanutus
1092 707 1252 770 afflaverat.

99 805 179 890 Quae
194 809 274 870 eniut
292 809 385 871 audiri
401 829 434 871 se
450 807 596 893 prohibet,
621 809 777 870 humanum
794 807 928 892 quiddam
944 810 1045 893 prnoul
1060 803 1147 872 dubio
1163 808 1254 892 sigui·

97 911 172 989 ieet,
197 931 253 974 neo
269 909 396 994 impulsu
413 911 508 974 saneti
525 910 645 995 spiritus
662 909 771 993 agitur.
807 907 904 974 Porro
919 932 993 996 quae
1011 911 1134 975 coelitus
1150 912 1253 976 hausto
1321 979 1324 986 ,

97 1013 143 1077 illo
161 1015 271 1098 spiritu
286 1013 406 1076 minimo
429 1012 606 1091 ducebatur,
631 1014 683 1076 sed
707 1013 832 1076 ltumana
853 1014 996 1076 duntaxat
1016 1013 1177 1098 sapientia,
1202 1036 1255 1078 no·
1384 1055 1385 1059 =

96 1127 179 1180 verat
198 1115 283 1178 nihil.
329 1113 399 1179 Non
417 1125 482 1180 erut
499 1115 588 1200 igitur
603 1114 631 1178 iu
650 1136 684 1178 ea
700 1115 820 1199 spiritus
837 1127 969 1194 sanutus,
994 1117 1044 1178 sed
1064 1116 1201 1196 hnmana,
1224 1127 1256 1180 nt

96 1217 174 1296 dixi,
199 1217 346 1302 sapientia
363 1218 502 1282 universa
522 1218 738 1302 pronuntiabat.
785 1219 902 1302 Alioqui
917 1219 941 1281 si
962 1219 1054 1282 sancti
1072 1219 1191 1304 spiritus
1211 1219 1254 1282 lo·

95 1333 240 1406 queretur
255 1341 290 1383 ae
307 1321 522 1384 vaticinaretur
538 1321 695 1398 instinctu,
719 1322 784 1404 quis
804 1319 851 1384 ille
867 1322 983 1383 demum
1006 1321 1126 1407 spiritus
1143 1322 1253 1402 extitit,

95 1425 141 1508 qni
159 1423 258 1486 audiri
282 1443 317 1485 se
334 1423 445 1486 nollet?
486 1421 596 1508 Magna
620 1426 754 1508 prolecto
766 1423 916 1486 uuondaoii
934 1434 981 1486 ost
998 1425 1166 1509 errorisque
1188 1445 1255 1488 oae-

96 1528 186 1588 eitas:
212 1547 337 1610 magnus
355 1547 445 1610 porro
464 1527 511 1588 dei
533 1547 650 1604 sermo,
676 1526 723 1610 qui
740 1547 794 1588 nos
811 1527 889 1589 unni
907 1526 1021 1589 ratione
1039 1527 1075 1590 ad
1093 1547 1128 1590 ea
1145 1528 1256 1592 disner-

95 1631 190 1692 nenda
206 1628 352 1704 instituit,
379 1650 452 1711 quae
469 1628 563 1692 saneti
582 1629 702 1714 spiritus
717 1629 842 1714 impulsu
863 1629 975 1714 prolata
990 1641 1075 1708 suttt,
1100 1651 1173 1714 quae
1188 1652 1255 1716 par·

96 1734 144 1794 tirn
167 1751 208 1794 ex
235 1751 363 1816 persona
387 1731 494 1815 patris,
520 1731 623 1817 partim
641 1753 681 1795 ex
705 1751 834 1816 persona
856 1733 922 1808 lilii,
947 1733 1051 1816 purtim
1075 1754 1114 1796 ex
1136 1734 1255 1819 spiritus

97 1833 190 1900 saneti
211 1855 340 1918 persona
357 1835 504 1897 dieuntur.
550 1835 641 1918 Atqui
658 1833 683 1897 si
700 1835 748 1897 ille
767 1835 814 1919 qui
833 1835 861 1897 in
877 1831 1043 1898 illuximilla
1060 1835 1113 1899 luit
1137 1835 1255 1921 spiritus

97 1949 219 2002 sanetus
245 1936 412 2015 extitisset,
443 1959 589 2020 nunqnam
613 1937 676 2001 suis
698 1937 762 2022 ipse
786 1937 886 2000 verbis
913 1937 1144 2002 contradideret:
1179 1943 1407 2010 llnurtuornau.

96 2047 169 2104 enim
184 2052 232 2102 ert
243 2045 365 2120 rpn'n'tur
382 2051 498 2102 euectus
506 2085 515 2113 ,
541 2046 592 2120 qui
604 2041 705 2102 duruit
718 2043 841 2120 srirgulr's
852 2053 942 2120 prora
957 2044 1025 2104 oute.
1071 2037 1131 2123 Qui
1148 2053 1175 2104 et
1195 2041 1255 2127 pie·

98 2147 165 2207 tatis
182 2155 213 2206 et
229 2139 343 2208 Christi
362 2143 483 2226 spiritus
501 2151 642 2218 vocatur,
667 2153 697 2205 et
712 2163 728 2204 a
746 2155 828 2226 putre
847 2143 1028 2226 procedens,
1053 2155 1082 2207 et
1098 2167 1114 2207 a
1131 2143 1191 2208 utto
1206 2165 1256 2208 ae·

98 2247 226 2330 cipionis,
252 2255 283 2308 et
302 2265 318 2308 a
337 2257 420 2331 patre
443 2265 478 2307 ao
501 2243 560 2306 lilio
583 2244 699 2307 ntinime
723 2245 836 2308 alienus
856 2245 1030 2329 appellatur.
1074 2244 1145 2310 Nun
1168 2247 1258 2332 igitur

99 2349 240 2424 dixisset,
264 2351 310 2410 Ne
325 2369 369 2410 me
384 2351 519 2408 auditote.
567 2342 652 2428 Quae
671 2345 747 2408 enim
765 2343 875 2410 Christi
897 2357 966 2411 suttt
984 2349 1104 2431 spiritus
1120 2351 1256 2436 loquere·

100 2463 157 2514 tur.
206 2445 344 2514 Christus
360 2449 464 2534 quippe
480 2449 612 2532 spiritum
628 2449 785 2527 ntittit,·et
799 2449 829 2512 in
846 2451 949 2535 spiritu
970 2462 1073 2514 saneto
1097 2452 1255 2516 daemones

99 2553 195 2630 eiicit3
225 2553 361 2616 dontinus
386 2572 459 2614 vero
484 2571 559 2635 quae
584 2551 675 2636 patris
693 2563 762 2614 sunt
783 2551 947 2634 eloquiturp
976 2563 1024 2632 et,
1049 2557 1152 2616 Filium
1171 2568 1256 2637 puter
1272 2553 1350 2652 Ἠ

97 2658 305 2736 semustum,
330 2675 365 2714 uo
386 2658 463 2714 ιιιιίιί
478 2659 508 2715 rit
525 2658 674 2727 mundum,
699 2665 920 2734 recognoseunt
937 2661 1027 2736 tirsum
1046 2669 1075 2718 et
1090 2659 1259 2740 glorificent
1298 2637 1306 2662 ’

98 2761 328 2840 quemadmodum
343 2758 515 2837 glorificant
531 2769 652 2837 patrem.
699 2753 751 2821 Sio
775 2757 899 2822 istorum
922 2758 1086 2837 hominum,
1110 2761 1160 2847 qui
1183 2783 1216 2826 se
1238 2781 1257 2825 ι

98 2860 211 2926 Christi
228 2871 310 2924 secta
331 2881 366 2924 ao
384 2859 535 2943 disciplina
551 2869 726 2944 segregant,
751 2860 881 2924 funditus
899 2861 1093 2926 lubelactatur
1112 2864 1223 2948 opinio.

182 2963 303 3027 Ateniut
321 2959 489 3026 Maximilla
514 2962 626 3046 pergit,
650 2981 762 3024 summa
786 2962 833 3026 illa
857 2963 1068 3047 intelligentiae
1089 2966 1258 3030 doetrinae·
1268 2985 1408 3054 capituti.

95 3087 152 3150 qne
167 3067 234 3144 vis,
260 3075 291 3128 ut
306 3065 334 3127 id
355 3064 412 3128 ioei
432 3063 529 3128 obiter
546 3084 718 3148 aspergatur
747 3069 884 3126 θοιιὶιιιιι
899 3087 943 3127 ore
962 3071 1051 3141 ma'rit,
1077 3067 1188 3152 inquit,
1214 3073 1256 3132 lo·

96 3173 173 3230 lorr'r
189 3171 292 3242 lmus,
317 3189 352 3229 or
365 3169 569 3249 profanitati,
594 3179 624 3247 et
634 3170 764 3248 foedera'o
782 3171 860 3230 uelut
871 3180 965 3230 serene
978 3175 1147 3246 uanitatem,
1171 3193 1255 3236 ιιαιι-

94 3282 268 3334 retorem!
287 3275 485 3350 interpretetus,
507 3280 537 3331 el
552 3274 660 3351 quedem
678 3272 718 3332 ud
736 3275 944 3351 persistendum
962 3275 1011 3333 dei
1029 3278 1175 3349 nou‘tt'ttm,
1198 3279 1255 3336 oel-

94 3377 163 3448 lea,
188 3376 311 3447 ιιοΙΙιιι,
335 3377 440 3434 nmen·
452 3377 572 3453 quodam
589 3377 754 3436 noeerrt'tute
769 3377 951 3454 compulsum.
997 3372 1055 3437 llio
1075 3395 1129 3440 uos
1152 3375 1254 3460 igitur,

94 3475 262 3553 carissimi,
287 3475 367 3538 ritae
384 3485 503 3538 nostrae
521 3475 644 3540 solidum
664 3486 695 3540 et
709 3475 814 3538 stabile
831 3476 1042 3540 firmamentum
1060 3499 1095 3541 ae
1115 3481 1191 3541 viam
1211 3479 1254 3542 lu·

95 3580 134 3644 eiu
158 3578 401 3655 consideremus,
425 3597 520 3661 neque
543 3578 720 3642 eontrarium
743 3577 925 3658 insistentis,
951 3581 1005 3643 hoe
1029 3591 1076 3644 est
1097 3579 1253 3666 peregrino

93 3683 197 3766 spiritu
227 3680 355 3764 agitntae
383 3677 503 3764 pecudis
530 3679 670 3744 eiusmodi
696 3680 818 3744 vocibus
845 3679 874 3744 in
903 3701 1034 3746 errorem
1062 3683 1250 3746 abducuntur.

92 3781 171 3866 Quid
187 3783 270 3847 enirn
289 3783 338 3845 ille
355 3781 432 3844 dieat
448 3780 667 3848 animadverte:
690 3781 762 3848 Non
780 3803 834 3846 sua
850 3794 955 3868 sponte
972 3805 1023 3862 se,
1048 3786 1099 3847 sed
1118 3795 1252 3849 coaeturn

91 3887 118 3948 id
137 3885 311 3970 suseepisse
328 3884 468 3949 declarat.
514 3883 605 3968 Atqui
622 3885 755 3948 dominus
776 3894 879 3950 noster
899 3887 927 3949 in
953 3883 1029 3949 huno
1052 3885 1152 3948 orbem
1176 3885 1251 3951 ltaud

92 3989 201 4052 inritus
221 3985 393 4066 deseendit,
418 4007 474 4050 neo
490 4005 506 4048 a
524 3997 608 4071 putre
630 3987 688 4050 nlla
711 3987 838 4050 adhibita
861 3989 1039 4052 nenessitate
1062 3987 1169 4051 missus
1192 3999 1249 4056 est.

91 4087 153 4154 Sed
172 4113 241 4154 eum
260 4109 444 4154 communem
462 4111 528 4152 onus
545 4100 627 4174 putre
643 4089 801 4153 voluntatis
817 4109 901 4152 usum
920 4099 952 4152 et
969 4111 1034 4154 oum
1058 4090 1161 4176 spiritu
1183 4113 1252 4156 san·

92 4203 142 4256 oto
161 4191 306 4278 largiendi
325 4213 429 4256 munus
446 4191 568 4272 habent,
591 4211 648 4254 unu
666 4204 697 4254 et
718 4199 751 4254 nt
766 4189 839 4254 velit
860 4189 888 4254 ei
904 4211 969 4254 ouen
993 4203 1076 4276 patre
1099 4195 1248 4274 eortveuit,

92 4306 125 4359 et
141 4307 175 4360 ut
192 4295 268 4361 eitra
286 4295 495 4362 necessitatem
511 4295 618 4375 ullam,
642 4315 696 4380 pro
711 4313 764 4358 sua
781 4295 925 4362 duntaxat
940 4292 1102 4360 incredibili
1117 4296 1250 4381 benigni·

128 4517 154 4570 ἃ
169 4511 335 4585 usiloei'rt'd
349 4515 588 4570 euenturum
605 4517 665 4580 Ope.
683 4517 738 4568 cttt.
752 4531 781 4581 p.
791 4513 849 4570 79&
1025 4601 1043 4642 *

994 4607 1013 4668 3
