<?xml version="1.0" encoding="UTF-8"?>
<!DOCTYPE html PUBLIC "-//W3C//DTD XHTML 1.0 Transitional//EN"
    "http://www.w3.org/TR/xhtml1/DTD/xhtml1-transitional.dtd">
<html xmlns="http://www.w3.org/1999/xhtml" xml:lang="en" lang="en">
 <head>
  <title>
</title>
<meta http-equiv="Content-Type" content="text/html;charset=utf-8" />
  <meta name='ocr-system' content='tesseract 3.04.00' />
  <meta name='ocr-capabilities' content='ocr_page ocr_carea ocr_par ocr_line ocrx_word'/>
</head>
<body>
  <div class='ocr_page' id='page_1' title='image "./corporishaerese02oehlgoog_0309.png"; bbox 0 0 3176 4930; ppageno 0'>
   <div class='ocr_carea' id='block_1_1' title="bbox 328 241 1063 308">
    <p class='ocr_par' dir='ltr' id='par_1_1' title="bbox 328 241 1063 308">
     <span class='ocr_line' id='line_1_1' title="bbox 328 241 1063 308; baseline 0.004 -5"><span class='ocrx_word' id='word_1_1' title='bbox 328 241 389 305; x_wconf 80' lang='lat'><strong><em>288</em></strong></span> <span class='ocrx_word' id='word_1_2' title='bbox 751 255 874 308; x_wconf 76' lang='grc' dir='ltr'><strong><em>ειιυστι</em></strong></span> <span class='ocrx_word' id='word_1_3' title='bbox 892 253 1063 306; x_wconf 62' lang='lat' dir='ltr'>mumma</span> 
     </span>
    </p>
   </div>
   <div class='ocr_carea' id='block_1_2' title="bbox 225 362 1574 2097">
    <p class='ocr_par' dir='ltr' id='par_1_2' title="bbox 225 362 1574 2097">
     <span class='ocr_line' id='line_1_2' title="bbox 225 362 1485 458; baseline 0.002 -23"><span class='ocrx_word' id='word_1_4' title='bbox 225 409 227 416; x_wconf 81' lang='grc'><em>·</em></span> <span class='ocrx_word' id='word_1_5' title='bbox 329 369 405 445; x_wconf 77' lang='grc' dir='ltr'><strong><em>ὅλως</em></strong></span> <span class='ocrx_word' id='word_1_6' title='bbox 424 367 572 436; x_wconf 86' lang='grc' dir='ltr'><strong><em>άδύνατον</em></strong></span> <span class='ocrx_word' id='word_1_7' title='bbox 588 362 626 452; x_wconf 82' lang='grc' dir='ltr'><strong><em>ῆν</em></strong></span> <span class='ocrx_word' id='word_1_8' title='bbox 644 369 716 452; x_wconf 81' lang='grc' dir='ltr'><strong><em>μετά</em></strong></span> <span class='ocrx_word' id='word_1_9' title='bbox 732 369 868 453; x_wconf 79' lang='grc' dir='ltr'><strong><em>νάματος</em></strong></span> <span class='ocrx_word' id='word_1_10' title='bbox 883 374 924 448; x_wconf 88' lang='grc' dir='ltr'><strong><em>είς</em></strong></span> <span class='ocrx_word' id='word_1_11' title='bbox 939 369 991 437; x_wconf 82' lang='grc' dir='ltr'><strong><em>τίν</em></strong></span> <span class='ocrx_word' id='word_1_12' title='bbox 1007 374 1103 438; x_wconf 84' lang='grc' dir='ltr'><strong><em>αἰῶνα</em></strong></span> <span class='ocrx_word' id='word_1_13' title='bbox 1120 379 1208 456; x_wconf 83' lang='grc' dir='ltr'><strong><em>ζῆσαι</em></strong></span> <span class='ocrx_word' id='word_1_14' title='bbox 1230 371 1283 438; x_wconf 87' lang='grc' dir='ltr'><strong><em>τδν</em></strong></span> <span class='ocrx_word' id='word_1_15' title='bbox 1305 370 1485 458; x_wconf 70' lang='grc' dir='ltr'><strong><em>άνθρωιτονς</em></strong></span> 
     </span>
     <span class='ocr_line' id='line_1_3' title="bbox 327 469 1485 561; baseline 0.003 -25"><span class='ocrx_word' id='word_1_16' title='bbox 327 469 382 547; x_wconf 82' lang='grc' dir='ltr'><strong><em>Ὡς</em></strong></span> <span class='ocrx_word' id='word_1_17' title='bbox 396 475 564 554; x_wconf 78' lang='grc' dir='ltr'><strong><em>δυναμένου</em></strong></span> <span class='ocrx_word' id='word_1_18' title='bbox 580 469 637 558; x_wconf 84' lang='grc' dir='ltr'><strong><em>γάρ</em></strong></span> <span class='ocrx_word' id='word_1_19' title='bbox 655 471 749 538; x_wconf 75' lang='grc' dir='ltr'><strong><em>αὐτοῦ</em></strong></span> <span class='ocrx_word' id='word_1_20' title='bbox 765 471 805 556; x_wconf 83' lang='grc' dir='ltr'><strong><em>μῆ</em></strong></span> <span class='ocrx_word' id='word_1_21' title='bbox 825 471 1008 554; x_wconf 72' lang='grc' dir='ltr'><strong><em>ἀποθανεῖν,</em></strong></span> <span class='ocrx_word' id='word_1_22' title='bbox 1030 473 1083 540; x_wconf 83' lang='grc' dir='ltr'><strong><em>ίάν</em></strong></span> <span class='ocrx_word' id='word_1_23' title='bbox 1099 473 1158 540; x_wconf 86' lang='grc' dir='ltr'><strong><em>άπδ</em></strong></span> <span class='ocrx_word' id='word_1_24' title='bbox 1180 482 1234 558; x_wconf 87' lang='grc' dir='ltr'><strong><em>τῆς</em></strong></span> <span class='ocrx_word' id='word_1_25' title='bbox 1249 481 1326 558; x_wconf 79' lang='grc' dir='ltr'><strong><em>ζωῆς</em></strong></span> <span class='ocrx_word' id='word_1_26' title='bbox 1347 477 1485 561; x_wconf 75' lang='grc' dir='ltr'><strong><em>γεύσηται</em></strong></span> 
     </span>
     <span class='ocr_line' id='line_1_4' title="bbox 328 572 1486 664; baseline 0.003 -26"><span class='ocrx_word' id='word_1_27' title='bbox 328 572 437 656; x_wconf 85' lang='grc' dir='ltr'><strong><em>λαβῶν,</em></strong></span> <span class='ocrx_word' id='word_1_28' title='bbox 460 573 481 656; x_wconf 78' lang='grc' dir='ltr'><strong><em>ῆ</em></strong></span> <span class='ocrx_word' id='word_1_29' title='bbox 495 573 620 652; x_wconf 86' lang='grc' dir='ltr'><strong><em>κῶλυσις</em></strong></span> <span class='ocrx_word' id='word_1_30' title='bbox 635 580 751 662; x_wconf 91' lang='grc' dir='ltr'><strong><em>γίνεται.</em></strong></span> <span class='ocrx_word' id='word_1_31' title='bbox 798 579 877 658; x_wconf 79' lang='grc' dir='ltr'><strong><em>Φησὶ</em></strong></span> <span class='ocrx_word' id='word_1_32' title='bbox 894 575 966 662; x_wconf 82' lang='grc' dir='ltr'><strong><em>γάρ,</em></strong></span> <span class='ocrx_word' id='word_1_33' title='bbox 991 579 1051 642; x_wconf 79' lang='grc' dir='ltr'><strong><em>Καὶ</em></strong></span> <span class='ocrx_word' id='word_1_34' title='bbox 1068 580 1187 660; x_wconf 80' lang='grc' dir='ltr'><strong><em>ἐποίησε</em></strong></span> <span class='ocrx_word' id='word_1_35' title='bbox 1197 575 1306 661; x_wconf 79' lang='grc' dir='ltr'><strong><em>κύριος</em></strong></span> <span class='ocrx_word' id='word_1_36' title='bbox 1322 575 1431 653; x_wconf 82' lang='grc' dir='ltr'><strong><em>ὅθεδς</em></strong></span> <span class='ocrx_word' id='word_1_37' title='bbox 1445 583 1486 664; x_wconf 80' lang='grc' dir='ltr'><strong><em>τῶ</em></strong></span> 
     </span>
     <span class='ocr_line' id='line_1_5' title="bbox 329 674 1486 767; baseline 0.003 -27"><span class='ocrx_word' id='word_1_38' title='bbox 329 674 439 759; x_wconf 75' lang='grc' dir='ltr'><strong><em>Ἀδάμ,</em></strong></span> <span class='ocrx_word' id='word_1_39' title='bbox 461 679 513 742; x_wconf 83' lang='grc' dir='ltr'><strong><em>καί</em></strong></span> <span class='ocrx_word' id='word_1_40' title='bbox 532 685 569 767; x_wconf 82' lang='grc' dir='ltr'><strong><em>τῆ</em></strong></span> <span class='ocrx_word' id='word_1_41' title='bbox 585 681 702 762; x_wconf 82' lang='grc' dir='ltr'><strong><em>γυναικί</em></strong></span> <span class='ocrx_word' id='word_1_42' title='bbox 723 676 817 744; x_wconf 75' lang='grc' dir='ltr'><strong><em>αὐτοῦ</em></strong></span> <span class='ocrx_word' id='word_1_43' title='bbox 832 685 956 760; x_wconf 77' lang='grc' dir='ltr'><strong><em>χιτῶνας</em></strong></span> <span class='ocrx_word' id='word_1_44' title='bbox 975 682 1178 764; x_wconf 86' lang='grc' dir='ltr'><strong><em>δερματίνους,</em></strong></span> <span class='ocrx_word' id='word_1_45' title='bbox 1201 682 1253 746; x_wconf 83' lang='grc' dir='ltr'><strong><em>καὶ</em></strong></span> <span class='ocrx_word' id='word_1_46' title='bbox 1276 682 1414 746; x_wconf 74' lang='grc' dir='ltr'><strong><em>ἐνέδυσεν</em></strong></span> <span class='ocrx_word' id='word_1_47' title='bbox 1436 677 1486 744; x_wconf 84' lang='grc' dir='ltr'><strong><em>αύ-</em></strong></span> 
     </span>
     <span class='ocr_line' id='line_1_6' title="bbox 327 777 1487 866; baseline 0.003 -23"><span class='ocrx_word' id='word_1_48' title='bbox 327 779 411 855; x_wconf 86' lang='grc' dir='ltr'><strong><em>τούς·</em></strong></span> <span class='ocrx_word' id='word_1_49' title='bbox 433 782 484 844; x_wconf 86' lang='grc' dir='ltr'><strong><em>καλ</em></strong></span> <span class='ocrx_word' id='word_1_50' title='bbox 499 777 582 844; x_wconf 88' lang='grc' dir='ltr'><strong><em>είπεν</em></strong></span> <span class='ocrx_word' id='word_1_51' title='bbox 598 778 616 845; x_wconf 86' lang='grc' dir='ltr'><strong><em>ύ</em></strong></span> <span class='ocrx_word' id='word_1_52' title='bbox 633 779 721 860; x_wconf 74' lang='grc' dir='ltr'><strong><em>θεὸς,</em></strong></span> <span class='ocrx_word' id='word_1_53' title='bbox 743 778 840 860; x_wconf 82' lang='grc' dir='ltr'><strong><em>Ἰδού,</em></strong></span> <span class='ocrx_word' id='word_1_54' title='bbox 869 783 987 866; x_wconf 90' lang='grc' dir='ltr'><strong><em>γέγονεν</em></strong></span> <span class='ocrx_word' id='word_1_55' title='bbox 1002 779 1095 864; x_wconf 85' lang='grc' dir='ltr'><strong><em>Ἀδάμ</em></strong></span> <span class='ocrx_word' id='word_1_56' title='bbox 1120 781 1162 860; x_wconf 85' lang='grc' dir='ltr'><strong><em>ῶς</em></strong></span> <span class='ocrx_word' id='word_1_57' title='bbox 1184 780 1227 859; x_wconf 86' lang='grc' dir='ltr'><strong><em>είς</em></strong></span> <span class='ocrx_word' id='word_1_58' title='bbox 1251 785 1281 860; x_wconf 88' lang='grc' dir='ltr'><strong><em>έξ</em></strong></span> <span class='ocrx_word' id='word_1_59' title='bbox 1301 780 1404 866; x_wconf 73' lang='grc' dir='ltr'><strong><em>ἡμῶν,</em></strong></span> <span class='ocrx_word' id='word_1_60' title='bbox 1433 789 1487 847; x_wconf 84' lang='grc' dir='ltr'><strong><em>τοῦ</em></strong></span> 
     </span>
     <span class='ocr_line' id='line_1_7' title="bbox 328 880 1486 975; baseline 0.002 -29"><span class='ocrx_word' id='word_1_61' title='bbox 328 882 481 967; x_wconf 77' lang='grc' dir='ltr'><strong><em>γινώσκειν</em></strong></span> <span class='ocrx_word' id='word_1_62' title='bbox 496 880 588 948; x_wconf 86' lang='grc' dir='ltr'><strong><em>καλδν</em></strong></span> <span class='ocrx_word' id='word_1_63' title='bbox 605 884 655 946; x_wconf 87' lang='grc' dir='ltr'><strong><em>καλ</em></strong></span> <span class='ocrx_word' id='word_1_64' title='bbox 672 882 821 968; x_wconf 87' lang='grc' dir='ltr'><strong><em>πονηρόν·</em></strong></span> <span class='ocrx_word' id='word_1_65' title='bbox 844 886 896 948; x_wconf 84' lang='grc' dir='ltr'><strong><em>καὶ</em></strong></span> <span class='ocrx_word' id='word_1_66' title='bbox 914 890 968 948; x_wconf 83' lang='grc' dir='ltr'><strong><em>νῦν</em></strong></span> <span class='ocrx_word' id='word_1_67' title='bbox 986 883 1026 966; x_wconf 81' lang='grc' dir='ltr'><strong><em>μῆ</em></strong></span> <span class='ocrx_word' id='word_1_68' title='bbox 1041 911 1114 951; x_wconf 90' lang='grc' dir='ltr'><strong><em>ποτε</em></strong></span> <span class='ocrx_word' id='word_1_69' title='bbox 1130 888 1242 975; x_wconf 85' lang='grc' dir='ltr'><strong><em>έκτείνη</em></strong></span> <span class='ocrx_word' id='word_1_70' title='bbox 1258 884 1313 968; x_wconf 84' lang='grc' dir='ltr'><strong><em>τῆν</em></strong></span> <span class='ocrx_word' id='word_1_71' title='bbox 1331 895 1416 970; x_wconf 86' lang='grc' dir='ltr'><strong><em>χεῖρα</em></strong></span> <span class='ocrx_word' id='word_1_72' title='bbox 1436 886 1486 950; x_wconf 83' lang='grc' dir='ltr'><strong><em>καί</em></strong></span> 
     </span>
     <span class='ocr_line' id='line_1_8' title="bbox 327 983 1485 1075; baseline 0.003 -27"><span class='ocrx_word' id='word_1_73' title='bbox 327 983 403 1073; x_wconf 82' lang='grc' dir='ltr'><strong><em>λάβη</em></strong></span> <span class='ocrx_word' id='word_1_74' title='bbox 421 992 475 1051; x_wconf 88' lang='grc' dir='ltr'><strong><em>τοῦ</em></strong></span> <span class='ocrx_word' id='word_1_75' title='bbox 493 983 582 1062; x_wconf 86' lang='grc' dir='ltr'><strong><em>ξύλου</em></strong></span> <span class='ocrx_word' id='word_1_76' title='bbox 597 991 651 1067; x_wconf 84' lang='grc' dir='ltr'><strong><em>τῆς</em></strong></span> <span class='ocrx_word' id='word_1_77' title='bbox 673 991 748 1068; x_wconf 89' lang='grc' dir='ltr'><strong><em>ζωῆς</em></strong></span> <span class='ocrx_word' id='word_1_78' title='bbox 765 987 817 1050; x_wconf 83' lang='grc' dir='ltr'><strong><em>καί</em></strong></span> <span class='ocrx_word' id='word_1_79' title='bbox 834 985 935 1075; x_wconf 83' lang='grc' dir='ltr'><strong><em>φάγη,</em></strong></span> <span class='ocrx_word' id='word_1_80' title='bbox 956 988 1008 1051; x_wconf 85' lang='grc' dir='ltr'><strong><em>καί</em></strong></span> <span class='ocrx_word' id='word_1_81' title='bbox 1031 985 1145 1069; x_wconf 77' lang='grc' dir='ltr'><strong><em>ζήσεται</em></strong></span> <span class='ocrx_word' id='word_1_82' title='bbox 1170 991 1212 1064; x_wconf 83' lang='grc' dir='ltr'><strong><em>τίς</em></strong></span> <span class='ocrx_word' id='word_1_83' title='bbox 1232 986 1285 1054; x_wconf 79' lang='grc' dir='ltr'><strong><em>τῶν</em></strong></span> <span class='ocrx_word' id='word_1_84' title='bbox 1302 992 1413 1054; x_wconf 87' lang='grc' dir='ltr'><strong><em>αίῶνα·</em></strong></span> <span class='ocrx_word' id='word_1_85' title='bbox 1435 989 1485 1052; x_wconf 78' lang='grc' dir='ltr'><strong><em>καί</em></strong></span> 
     </span>
     <span class='ocr_line' id='line_1_9' title="bbox 327 1085 1484 1178; baseline 0.003 -26"><span class='ocrx_word' id='word_1_86' title='bbox 327 1089 525 1163; x_wconf 78' lang='grc' dir='ltr'><strong><em>ἐξαπέστειλεν</em></strong></span> <span class='ocrx_word' id='word_1_87' title='bbox 546 1085 639 1153; x_wconf 87' lang='grc' dir='ltr'><strong><em>αύτδν</em></strong></span> <span class='ocrx_word' id='word_1_88' title='bbox 660 1087 765 1172; x_wconf 86' lang='grc' dir='ltr'><strong><em>κύριος</em></strong></span> <span class='ocrx_word' id='word_1_89' title='bbox 783 1085 801 1154; x_wconf 83' lang='lat' dir='ltr'><strong><em>o‘</em></strong></span> <span class='ocrx_word' id='word_1_90' title='bbox 817 1085 893 1164; x_wconf 85' lang='grc' dir='ltr'><strong><em>θεδς</em></strong></span> <span class='ocrx_word' id='word_1_91' title='bbox 910 1091 943 1154; x_wconf 87' lang='grc' dir='ltr'><strong><em>έκ</em></strong></span> <span class='ocrx_word' id='word_1_92' title='bbox 958 1096 1012 1154; x_wconf 84' lang='grc' dir='ltr'><strong><em>τοῦ</em></strong></span> <span class='ocrx_word' id='word_1_93' title='bbox 1030 1094 1220 1175; x_wconf 87' lang='grc' dir='ltr'><strong><em>Παραδείσον</em></strong></span> <span class='ocrx_word' id='word_1_94' title='bbox 1234 1097 1287 1173; x_wconf 89' lang='grc' dir='ltr'><strong><em>τῆς</em></strong></span> <span class='ocrx_word' id='word_1_95' title='bbox 1305 1097 1425 1178; x_wconf 77' lang='grc' dir='ltr'><strong><em>τρυφῆς</em></strong></span> <span class='ocrx_word' id='word_1_96' title='bbox 1441 1093 1484 1176; x_wconf 84' lang='grc' dir='ltr'><strong><em>έρ-</em></strong></span> 
     </span>
     <span class='ocr_line' id='line_1_10' title="bbox 327 1183 1486 1275; baseline 0.003 -21"><span class='ocrx_word' id='word_1_97' title='bbox 327 1189 467 1275; x_wconf 85' lang='grc' dir='ltr'><strong><em>γάζεσθαι</em></strong></span> <span class='ocrx_word' id='word_1_98' title='bbox 493 1188 547 1273; x_wconf 84' lang='grc' dir='ltr'><strong><em>τῆν</em></strong></span> <span class='ocrx_word' id='word_1_99' title='bbox 568 1197 626 1275; x_wconf 91' lang='grc' dir='ltr'><strong><em>γῆν</em></strong></span> <span class='ocrx_word' id='word_1_100' title='bbox 650 1192 680 1267; x_wconf 84' lang='grc' dir='ltr'><strong><em>έξ</em></strong></span> <span class='ocrx_word' id='word_1_101' title='bbox 702 1183 740 1272; x_wconf 80' lang='grc' dir='ltr'><strong><em>ἧς</em></strong></span> <span class='ocrx_word' id='word_1_102' title='bbox 764 1189 899 1273; x_wconf 80' lang='grc' dir='ltr'><strong><em>έλῆφθη,</em></strong></span> <span class='ocrx_word' id='word_1_103' title='bbox 927 1194 977 1257; x_wconf 83' lang='grc' dir='ltr'><strong><em>καί</em></strong></span> <span class='ocrx_word' id='word_1_104' title='bbox 1003 1193 1119 1274; x_wconf 75' lang='grc' dir='ltr'><strong><em>ἐξέβαλε</em></strong></span> <span class='ocrx_word' id='word_1_105' title='bbox 1139 1191 1193 1259; x_wconf 87' lang='grc' dir='ltr'><strong><em>τδν</em></strong></span> <span class='ocrx_word' id='word_1_106' title='bbox 1215 1190 1317 1275; x_wconf 74' lang='grc' dir='ltr'><strong><em>Ἀδάμ.</em></strong></span> <span class='ocrx_word' id='word_1_107' title='bbox 1365 1189 1486 1258; x_wconf 84' lang='grc' dir='ltr'><strong><em>Ούκοῦν</em></strong></span> 
     </span>
     <span class='ocr_line' id='line_1_11' title="bbox 325 1290 1485 1378; baseline 0.002 -20"><span class='ocrx_word' id='word_1_108' title='bbox 325 1290 456 1376; x_wconf 74' lang='grc' dir='ltr'><strong><em>ἠδύνατο</em></strong></span> <span class='ocrx_word' id='word_1_109' title='bbox 476 1301 528 1375; x_wconf 91' lang='grc' dir='ltr'><strong><em>ζῆν</em></strong></span> <span class='ocrx_word' id='word_1_110' title='bbox 543 1295 570 1356; x_wconf 82' lang='grc' dir='ltr'><strong><em>τί</em></strong></span> <span class='ocrx_word' id='word_1_111' title='bbox 583 1291 625 1377; x_wconf 83' lang='grc' dir='ltr'><strong><em>μῆ</em></strong></span> <span class='ocrx_word' id='word_1_112' title='bbox 640 1292 787 1359; x_wconf 86' lang='grc' dir='ltr'><strong><em>κεκῶλυτο</em></strong></span> <span class='ocrx_word' id='word_1_113' title='bbox 803 1292 967 1378; x_wconf 89' lang='grc' dir='ltr'><strong><em>γεύσασθαι</em></strong></span> <span class='ocrx_word' id='word_1_114' title='bbox 984 1300 1036 1378; x_wconf 87' lang='grc' dir='ltr'><strong><em>τῆς</em></strong></span> <span class='ocrx_word' id='word_1_115' title='bbox 1053 1303 1137 1378; x_wconf 87' lang='grc' dir='ltr'><strong><em>ζωῆς.</em></strong></span> <span class='ocrx_word' id='word_1_116' title='bbox 1179 1293 1335 1378; x_wconf 83' lang='grc' dir='ltr'><strong><em>Ἐκωλύθη</em></strong></span> <span class='ocrx_word' id='word_1_117' title='bbox 1351 1297 1385 1360; x_wconf 84' lang='grc' dir='ltr'><strong><em>δέ</em></strong></span> <span class='ocrx_word' id='word_1_118' title='bbox 1401 1295 1485 1370; x_wconf 79' lang='grc' dir='ltr'><strong><em>ὅπως</em></strong></span> 
     </span>
     <span class='ocr_line' id='line_1_12' title="bbox 328 1393 1485 1487; baseline 0.001 -27"><span class='ocrx_word' id='word_1_119' title='bbox 328 1394 348 1479; x_wconf 83' lang='grc' dir='ltr'><strong><em>ῆ</em></strong></span> <span class='ocrx_word' id='word_1_120' title='bbox 366 1397 420 1478; x_wconf 80' lang='grc' dir='ltr'><strong><em>μέν</em></strong></span> <span class='ocrx_word' id='word_1_121' title='bbox 435 1393 563 1482; x_wconf 83' lang='grc' dir='ltr'><strong><em>άμαρτία</em></strong></span> <span class='ocrx_word' id='word_1_122' title='bbox 578 1405 856 1462; x_wconf 83' lang='grc' dir='ltr'><strong><em>σνναποκτανθεῖσα</em></strong></span> <span class='ocrx_word' id='word_1_123' title='bbox 870 1404 911 1485; x_wconf 77' lang='grc' dir='ltr'><strong><em>τῷ</em></strong></span> <span class='ocrx_word' id='word_1_124' title='bbox 928 1395 1041 1480; x_wconf 86' lang='grc' dir='ltr'><strong><em>σῶματι</em></strong></span> <span class='ocrx_word' id='word_1_125' title='bbox 1056 1397 1155 1487; x_wconf 83' lang='grc' dir='ltr'><strong><em>θοίνη,</em></strong></span> <span class='ocrx_word' id='word_1_126' title='bbox 1177 1396 1210 1463; x_wconf 80' lang='grc' dir='ltr'><strong><em>τά</em></strong></span> <span class='ocrx_word' id='word_1_127' title='bbox 1227 1399 1259 1462; x_wconf 78' lang='grc' dir='ltr'><strong><em>δὲ</em></strong></span> <span class='ocrx_word' id='word_1_128' title='bbox 1273 1405 1358 1480; x_wconf 88' lang='grc' dir='ltr'><strong><em>σῶμα</em></strong></span> <span class='ocrx_word' id='word_1_129' title='bbox 1375 1395 1485 1486; x_wconf 80' lang='grc' dir='ltr'><strong><em>άναστῆ</em></strong></span> 
     </span>
     <span class='ocr_line' id='line_1_13' title="bbox 327 1492 1484 1588; baseline 0 -24"><span class='ocrx_word' id='word_1_130' title='bbox 327 1507 379 1582; x_wconf 88' lang='grc' dir='ltr'><strong><em>τῆς</em></strong></span> <span class='ocrx_word' id='word_1_131' title='bbox 394 1497 539 1585; x_wconf 87' lang='grc' dir='ltr'><strong><em>άμαρτίας</em></strong></span> <span class='ocrx_word' id='word_1_132' title='bbox 563 1495 756 1582; x_wconf 85' lang='grc' dir='ltr'><strong><em>άπολομένης.</em></strong></span> <span class='ocrx_word' id='word_1_133' title='bbox 791 1497 863 1564; x_wconf 72' lang='grc' dir='ltr'><strong><em>’Ἵνα</em></strong></span> <span class='ocrx_word' id='word_1_134' title='bbox 880 1503 982 1564; x_wconf 92' lang='grc' dir='ltr'><strong><em>τοίνυν</em></strong></span> <span class='ocrx_word' id='word_1_135' title='bbox 1000 1498 1042 1582; x_wconf 83' lang='grc' dir='ltr'><strong><em>μῆ</em></strong></span> <span class='ocrx_word' id='word_1_136' title='bbox 1065 1492 1084 1588; x_wconf 77' lang='grc' dir='ltr'><strong><em>ᾖ</em></strong></span> <span class='ocrx_word' id='word_1_137' title='bbox 1106 1497 1200 1566; x_wconf 80' lang='grc' dir='ltr'><strong><em>κακῶν</em></strong></span> <span class='ocrx_word' id='word_1_138' title='bbox 1223 1497 1374 1566; x_wconf 87' lang='grc' dir='ltr'><strong><em>άθάνατον</em></strong></span> <span class='ocrx_word' id='word_1_139' title='bbox 1395 1497 1414 1565; x_wconf 81' lang='grc' dir='ltr'><strong><em>δ</em></strong></span> <span class='ocrx_word' id='word_1_140' title='bbox 1436 1499 1484 1564; x_wconf 81' lang='grc' dir='ltr'><strong><em>άν-</em></strong></span> 
     </span>
     <span class='ocr_line' id='line_1_14' title="bbox 325 1599 1483 1692; baseline -0.001 -25"><span class='ocrx_word' id='word_1_141' title='bbox 325 1613 468 1688; x_wconf 87' lang='grc' dir='ltr'><strong><em>θρωπος,</em></strong></span> <span class='ocrx_word' id='word_1_142' title='bbox 492 1599 534 1678; x_wconf 84' lang='grc' dir='ltr'><strong><em>ῶς</em></strong></span> <span class='ocrx_word' id='word_1_143' title='bbox 556 1601 647 1684; x_wconf 81' lang='grc' dir='ltr'><strong><em>έφην,</em></strong></span> <span class='ocrx_word' id='word_1_144' title='bbox 669 1599 690 1684; x_wconf 77' lang='grc' dir='ltr'><em>ἢ</em></span> <span class='ocrx_word' id='word_1_145' title='bbox 710 1599 848 1682; x_wconf 88' lang='grc' dir='ltr'><strong><em>οίείζιοον,</em></strong></span> <span class='ocrx_word' id='word_1_146' title='bbox 871 1604 944 1684; x_wconf 88' lang='grc' dir='ltr'><strong><em>έχων</em></strong></span> <span class='ocrx_word' id='word_1_147' title='bbox 970 1605 1002 1668; x_wconf 85' lang='grc' dir='ltr'><strong><em>έν</em></strong></span> <span class='ocrx_word' id='word_1_148' title='bbox 1025 1604 1120 1692; x_wconf 76' lang='grc' dir='ltr'><strong><em>έαυτρῑ</em></strong></span> <span class='ocrx_word' id='word_1_149' title='bbox 1142 1600 1196 1684; x_wconf 83' lang='grc' dir='ltr'><strong><em>τῆν</em></strong></span> <span class='ocrx_word' id='word_1_150' title='bbox 1220 1601 1365 1688; x_wconf 85' lang='grc' dir='ltr'><strong><em>άμαρτίαν</em></strong></span> <span class='ocrx_word' id='word_1_151' title='bbox 1385 1629 1483 1687; x_wconf 82' lang='grc' dir='ltr'><strong><em>κρατι-</em></strong></span> 
     </span>
     <span class='ocr_line' id='line_1_15' title="bbox 325 1701 1482 1793; baseline 0 -25"><span class='ocrx_word' id='word_1_152' title='bbox 325 1703 501 1784; x_wconf 87' lang='grc' dir='ltr'><strong><em>στεύουσαν,</em></strong></span> <span class='ocrx_word' id='word_1_153' title='bbox 522 1703 573 1770; x_wconf 85' lang='grc' dir='ltr'><strong><em>ίίτε</em></strong></span> <span class='ocrx_word' id='word_1_154' title='bbox 592 1705 626 1770; x_wconf 88' lang='grc' dir='ltr'><strong><em>έν</em></strong></span> <span class='ocrx_word' id='word_1_155' title='bbox 642 1701 784 1793; x_wconf 82' lang='grc' dir='ltr'><strong><em>άθανάτρι</em></strong></span> <span class='ocrx_word' id='word_1_156' title='bbox 803 1703 1007 1787; x_wconf 82' lang='grc' dir='ltr'><strong><em>βλαστῆσασαν</em></strong></span> <span class='ocrx_word' id='word_1_157' title='bbox 1026 1703 1138 1788; x_wconf 83' lang='grc' dir='ltr'><strong><em>σάματι</em></strong></span> <span class='ocrx_word' id='word_1_158' title='bbox 1158 1707 1209 1770; x_wconf 82' lang='grc' dir='ltr'><strong><em>καί</em></strong></span> <span class='ocrx_word' id='word_1_159' title='bbox 1230 1702 1383 1772; x_wconf 76' lang='grc' dir='ltr'><strong><em>ἀθάνατον</em></strong></span> <span class='ocrx_word' id='word_1_160' title='bbox 1401 1707 1482 1787; x_wconf 76' lang='grc' dir='ltr'><strong><em>έχου-</em></strong></span> 
     </span>
     <span class='ocr_line' id='line_1_16' title="bbox 327 1803 1481 1892; baseline -0.002 -20"><span class='ocrx_word' id='word_1_161' title='bbox 327 1829 382 1872; x_wconf 90' lang='grc' dir='ltr'><strong><em>σαν</em></strong></span> <span class='ocrx_word' id='word_1_162' title='bbox 405 1805 535 1892; x_wconf 73' lang='grc' dir='ltr'><strong><em>τροφὴν,</em></strong></span> <span class='ocrx_word' id='word_1_163' title='bbox 564 1805 675 1881; x_wconf 81' lang='grc' dir='ltr'><strong><em>ίθιδς</em></strong></span> <span class='ocrx_word' id='word_1_164' title='bbox 696 1803 788 1872; x_wconf 86' lang='grc' dir='ltr'><strong><em>αύτδν</em></strong></span> <span class='ocrx_word' id='word_1_165' title='bbox 815 1805 864 1872; x_wconf 78' lang='grc' dir='ltr'><strong><em>διά</em></strong></span> <span class='ocrx_word' id='word_1_166' title='bbox 887 1815 974 1874; x_wconf 81' lang='grc' dir='ltr'><strong><em>τοῦτο</em></strong></span> <span class='ocrx_word' id='word_1_167' title='bbox 1000 1806 1114 1890; x_wconf 80' lang='grc' dir='ltr'><strong><em>θνητῶν</em></strong></span> <span class='ocrx_word' id='word_1_168' title='bbox 1136 1804 1311 1890; x_wconf 83' lang='grc' dir='ltr'><strong><em>άπεφῆνατο</em></strong></span> <span class='ocrx_word' id='word_1_169' title='bbox 1333 1805 1481 1892; x_wconf 77' lang='grc' dir='ltr'><strong><em>νετρότητι</em></strong></span> 
     </span>
     <span class='ocr_line' id='line_1_17' title="bbox 327 1905 1481 1996; baseline -0.003 -21"><span class='ocrx_word' id='word_1_170' title='bbox 327 1909 502 1996; x_wconf 76' lang='grc' dir='ltr'><strong><em>περιβαλών.</em></strong></span> <span class='ocrx_word' id='word_1_171' title='bbox 551 1916 646 1974; x_wconf 84' lang='grc' dir='ltr'><strong><em>Τοῦτο</em></strong></span> <span class='ocrx_word' id='word_1_172' title='bbox 661 1905 717 1994; x_wconf 89' lang='grc' dir='ltr'><strong><em>γάρ</em></strong></span> <span class='ocrx_word' id='word_1_173' title='bbox 737 1913 769 1974; x_wconf 87' lang='grc' dir='ltr'><strong><em>σί</em></strong></span> <span class='ocrx_word' id='word_1_174' title='bbox 788 1908 957 1993; x_wconf 89' lang='grc' dir='ltr'><strong><em>δερμάτινοι</em></strong></span> <span class='ocrx_word' id='word_1_175' title='bbox 974 1917 1092 1992; x_wconf 86' lang='grc' dir='ltr'><strong><em>χιτῶνες</em></strong></span> <span class='ocrx_word' id='word_1_176' title='bbox 1109 1909 1279 1992; x_wconf 78' lang='grc' dir='ltr'><strong><em>ἐβούλοντο·</em></strong></span> <span class='ocrx_word' id='word_1_177' title='bbox 1302 1913 1351 1974; x_wconf 77' lang='grc' dir='ltr'><strong><em>ἵνα</em></strong></span> <span class='ocrx_word' id='word_1_178' title='bbox 1373 1907 1412 1990; x_wconf 87' lang='grc' dir='ltr'><strong><em>δῆ</em></strong></span> <span class='ocrx_word' id='word_1_179' title='bbox 1435 1907 1481 1974; x_wconf 81' lang='grc' dir='ltr'><strong><em>διά</em></strong></span> 
     </span>
     <span class='ocr_line' id='line_1_18' title="bbox 326 2009 1574 2097; baseline 0 -21"><span class='ocrx_word' id='word_1_180' title='bbox 326 2019 406 2095; x_wconf 75' lang='grc' dir='ltr'><strong><em>1τῆς</em></strong></span> <span class='ocrx_word' id='word_1_181' title='bbox 421 2011 531 2088; x_wconf 85' lang='grc' dir='ltr'><strong><em>λύσεως</em></strong></span> <span class='ocrx_word' id='word_1_182' title='bbox 546 2020 600 2077; x_wconf 85' lang='grc' dir='ltr'><strong><em>τοῦ</em></strong></span> <span class='ocrx_word' id='word_1_183' title='bbox 616 2009 752 2093; x_wconf 75' lang='grc' dir='ltr'><strong><em>σώματος</em></strong></span> <span class='ocrx_word' id='word_1_184' title='bbox 773 2014 825 2078; x_wconf 86' lang='grc' dir='ltr'><strong><em>καὶ</em></strong></span> <span class='ocrx_word' id='word_1_185' title='bbox 840 2019 893 2094; x_wconf 89' lang='grc' dir='ltr'><strong><em>τῆς</em></strong></span> <span class='ocrx_word' id='word_1_186' title='bbox 910 2015 1080 2097; x_wconf 76' lang='grc' dir='ltr'><strong><em>διαιρέσεως</em></strong></span> <span class='ocrx_word' id='word_1_187' title='bbox 1097 2009 1259 2096; x_wconf 83' lang='grc' dir='ltr'><strong><em>ῆάμαρτία</em></strong></span> <span class='ocrx_word' id='word_1_188' title='bbox 1274 2009 1415 2078; x_wconf 88' lang='grc' dir='ltr'><strong><em>κάτωθεν</em></strong></span> <span class='ocrx_word' id='word_1_189' title='bbox 1430 2010 1481 2076; x_wconf 82' lang='grc' dir='ltr'><strong><em>ατί-</em></strong></span> <span class='ocrx_word' id='word_1_190' title='bbox 1573 2055 1574 2062; x_wconf 43' lang='lat'>1</span> 
     </span>
    </p>
   </div>
   <div class='ocr_carea' id='block_1_3' title="bbox 234 2105 1574 2342">
    <p class='ocr_par' dir='ltr' id='par_1_3' title="bbox 269 2105 1574 2317">
     <span class='ocr_line' id='line_1_19' title="bbox 326 2105 1574 2203; baseline -0.008 -24"><span class='ocrx_word' id='word_1_191' title='bbox 326 2115 490 2200; x_wconf 85' lang='grc' dir='ltr'><strong><em>τόπρεμνος</em></strong></span> <span class='ocrx_word' id='word_1_192' title='bbox 508 2121 589 2180; x_wconf 83' lang='grc' dir='ltr'><strong><em>πᾶσα</em></strong></span> <span class='ocrx_word' id='word_1_193' title='bbox 605 2119 779 2203; x_wconf 84' lang='grc' dir='ltr'><strong><em>διαφθαρῆ,</em></strong></span> <span class='ocrx_word' id='word_1_194' title='bbox 809 2111 850 2190; x_wconf 84' lang='grc' dir='ltr'><strong><em>ῶς</em></strong></span> <span class='ocrx_word' id='word_1_195' title='bbox 873 2111 1005 2197; x_wconf 80' lang='grc' dir='ltr'><strong><em>μηδέ</em></strong></span> <span class='ocrx_word' id='word_1_196' title='bbox 965 2141 1023 2182; x_wconf 87' lang='grc' dir='ltr'><strong><em>καν</em></strong></span> <span class='ocrx_word' id='word_1_197' title='bbox 1043 2113 1227 2201; x_wconf 82' lang='grc' dir='ltr'><strong><em>βραχύτατον</em></strong></span> <span class='ocrx_word' id='word_1_198' title='bbox 1247 2118 1328 2199; x_wconf 70' lang='grc' dir='ltr'><strong><em>ῥίζης</em></strong></span> <span class='ocrx_word' id='word_1_199' title='bbox 1353 2116 1480 2198; x_wconf 77' lang='grc' dir='ltr'><strong><em>έαθῆυαι</em></strong></span> <span class='ocrx_word' id='word_1_200' title='bbox 1573 2105 1574 2122; x_wconf 57' lang='lat'><em>³</em></span> 
     </span>
     <span class='ocr_line' id='line_1_20' title="bbox 234 2209 1391 2342; baseline -0.032 -23.869"><span class='ocrx_word' id='word_1_201' title='bbox 234 2273 316 2342; x_wconf 74' lang='grc' dir='ltr'><strong><em>ςενο.</em></strong></span> <span class='ocrx_word' id='word_1_202' title='bbox 329 2221 433 2303; x_wconf 59' lang='grc' dir='ltr'><strong><em>μέρος</em></strong></span> <span class='ocrx_word' id='word_1_203' title='bbox 456 2243 501 2298; x_wconf 68' lang='grc' dir='ltr'><strong><em>αφ</em></strong></span> <span class='ocrx_word' id='word_1_204' title='bbox 527 2243 564 2283; x_wconf 74' lang='lat'><strong><em>⁰¹²</em></strong></span> <span class='ocrx_word' id='word_1_205' title='bbox 552 2209 647 2281; x_wconf 51' lang='grc' dir='ltr'><strong><em>νέαι</em></strong></span> <span class='ocrx_word' id='word_1_206' title='bbox 661 2215 783 2298; x_wconf 65' lang='grc' dir='ltr'><strong><em>βδαθῐαῑ</em></strong></span> <span class='ocrx_word' id='word_1_207' title='bbox 799 2213 924 2282; x_wconf 63' lang='grc' dir='ltr'><strong><em>πάλιν</em></strong></span> <span class='ocrx_word' id='word_1_208' title='bbox 903 2215 1122 2302; x_wconf 70' lang='grc' dir='ltr'><strong><em>αμᾱρνημάτων</em></strong></span> <span class='ocrx_word' id='word_1_209' title='bbox 1142 2215 1391 2301; x_wconf 56' lang='grc' dir='ltr'><strong><em>αείναβλύσοντιιι.</em></strong></span> 
     </span>
    </p>
   </div>
   <div class='ocr_carea' id='block_1_4' title="bbox 184 2285 1479 2406">
    <p class='ocr_par' dir='ltr' id='par_1_4' title="bbox 184 2285 1479 2406">
     <span class='ocr_line' id='line_1_21' title="bbox 184 2285 1479 2406; baseline 0.004 -27"><span class='ocrx_word' id='word_1_210' title='bbox 184 2285 301 2396; x_wconf 54' lang='lat'><strong><em>1329</em></strong></span> <span class='ocrx_word' id='word_1_211' title='bbox 264 2347 310 2378; x_wconf 79' lang='grc' dir='ltr'><strong><em>ι</em></strong></span> <span class='ocrx_word' id='word_1_212' title='bbox 414 2319 563 2406; x_wconf 83' lang='grc' dir='ltr'><strong><em>Καθάπερ</em></strong></span> <span class='ocrx_word' id='word_1_213' title='bbox 587 2319 642 2406; x_wconf 86' lang='grc' dir='ltr'><strong><em>γάρ</em></strong></span> <span class='ocrx_word' id='word_1_214' title='bbox 659 2322 691 2384; x_wconf 82' lang='grc' dir='ltr'><strong><em>έν</em></strong></span> <span class='ocrx_word' id='word_1_215' title='bbox 708 2317 967 2402; x_wconf 82' lang='grc' dir='ltr'><strong><em>οἰκοδομήμασι</em></strong></span> <span class='ocrx_word' id='word_1_216' title='bbox 950 2327 1029 2386; x_wconf 90' lang='grc' dir='ltr'><strong><em>ναῶν</em></strong></span> <span class='ocrx_word' id='word_1_217' title='bbox 1055 2327 1174 2386; x_wconf 72' lang='grc' dir='ltr'><strong><em>ικαλῶν</em></strong></span> <span class='ocrx_word' id='word_1_218' title='bbox 1196 2327 1273 2403; x_wconf 87' lang='grc' dir='ltr'><strong><em>συκῆ</em></strong></span> <span class='ocrx_word' id='word_1_219' title='bbox 1293 2328 1479 2406; x_wconf 84' lang='grc' dir='ltr'><strong><em>γεννηθεῖσα,</em></strong></span> 
     </span>
    </p>
   </div>
   <div class='ocr_carea' id='block_1_5' title="bbox 215 2393 1572 4048">
    <p class='ocr_par' dir='ltr' id='par_1_5' title="bbox 215 2393 1572 4048">
     <span class='ocr_line' id='line_1_22' title="bbox 215 2393 1479 2507; baseline -0.004 -15.874"><span class='ocrx_word' id='word_1_220' title='bbox 215 2393 287 2465; x_wconf 52' lang='grc' dir='ltr'>(ε’)</span> <span class='ocrx_word' id='word_1_221' title='bbox 328 2428 378 2491; x_wconf 85' lang='grc' dir='ltr'><strong><em>καί</em></strong></span> <span class='ocrx_word' id='word_1_222' title='bbox 401 2427 443 2501; x_wconf 85' lang='grc' dir='ltr'><strong><em>είς</em></strong></span> <span class='ocrx_word' id='word_1_223' title='bbox 459 2427 603 2490; x_wconf 68' lang='grc' dir='ltr'><strong><em>’ἔκτασιν</em></strong></span> <span class='ocrx_word' id='word_1_224' title='bbox 619 2449 670 2488; x_wconf 82' lang='grc' dir='ltr'><strong><em>και</em></strong></span> <span class='ocrx_word' id='word_1_225' title='bbox 659 2423 815 2506; x_wconf 86' lang='grc' dir='ltr'><strong><em>μέγεθος</em></strong></span> <span class='ocrx_word' id='word_1_226' title='bbox 835 2417 1082 2506; x_wconf 64' lang='grc' dir='ltr'><strong><em>8εύτροφῆσασα,</em></strong></span> <span class='ocrx_word' id='word_1_227' title='bbox 1105 2425 1157 2488; x_wconf 83' lang='grc' dir='ltr'><strong><em>καὶ</em></strong></span> <span class='ocrx_word' id='word_1_228' title='bbox 1172 2425 1221 2490; x_wconf 84' lang='grc' dir='ltr'><strong><em>έπι</em></strong></span> <span class='ocrx_word' id='word_1_229' title='bbox 1239 2421 1336 2498; x_wconf 87' lang='grc' dir='ltr'><strong><em>πάσας</em></strong></span> <span class='ocrx_word' id='word_1_230' title='bbox 1355 2421 1410 2498; x_wconf 81' lang='grc' dir='ltr'><strong><em>τάς</em></strong></span> <span class='ocrx_word' id='word_1_231' title='bbox 1430 2420 1479 2507; x_wconf 73' lang='grc' dir='ltr'><strong><em>ἄρ·</em></strong></span> 
     </span>
     <span class='ocr_line' id='line_1_23' title="bbox 328 2523 1480 2611; baseline -0.003 -18"><span class='ocrx_word' id='word_1_232' title='bbox 328 2533 432 2611; x_wconf 90' lang='grc' dir='ltr'><strong><em>μονίας</em></strong></span> <span class='ocrx_word' id='word_1_233' title='bbox 448 2523 683 2609; x_wconf 84' lang='grc' dir='ltr'><strong><em>πολυκλημάτοις</em></strong></span> <span class='ocrx_word' id='word_1_234' title='bbox 705 2527 797 2608; x_wconf 72' lang='grc' dir='ltr'><strong><em>ῥίζαις</em></strong></span> <span class='ocrx_word' id='word_1_235' title='bbox 821 2528 880 2588; x_wconf 89' lang='grc' dir='ltr'><strong><em>τῶν</em></strong></span> <span class='ocrx_word' id='word_1_236' title='bbox 900 2529 995 2591; x_wconf 89' lang='grc' dir='ltr'><strong><em>λίθων</em></strong></span> <span class='ocrx_word' id='word_1_237' title='bbox 1016 2527 1174 2610; x_wconf 81' lang='grc' dir='ltr'><strong><em>κεχυμένη,</em></strong></span> <span class='ocrx_word' id='word_1_238' title='bbox 1203 2523 1241 2591; x_wconf 86' lang='grc' dir='ltr'><strong><em>ού</em></strong></span> <span class='ocrx_word' id='word_1_239' title='bbox 1262 2523 1407 2611; x_wconf 84' lang='grc' dir='ltr'><strong><em>πρότερον</em></strong></span> <span class='ocrx_word' id='word_1_240' title='bbox 1427 2531 1480 2590; x_wconf 83' lang='grc' dir='ltr'><strong><em>τού</em></strong></span> 
     </span>
     <span class='ocr_line' id='line_1_24' title="bbox 327 2624 1479 2716; baseline -0.003 -22"><span class='ocrx_word' id='word_1_241' title='bbox 327 2630 414 2712; x_wconf 88' lang='grc' dir='ltr'><strong><em>φύειν</em></strong></span> <span class='ocrx_word' id='word_1_242' title='bbox 428 2631 584 2708; x_wconf 75' lang='grc' dir='ltr'><strong><em>στέλλεται,</em></strong></span> <span class='ocrx_word' id='word_1_243' title='bbox 607 2631 663 2704; x_wconf 75' lang='grc' dir='ltr'><strong><em>ἕως</em></strong></span> <span class='ocrx_word' id='word_1_244' title='bbox 676 2633 757 2692; x_wconf 82' lang='grc' dir='ltr'><strong><em>πᾶσα</em></strong></span> <span class='ocrx_word' id='word_1_245' title='bbox 772 2624 975 2716; x_wconf 85' lang='grc' dir='ltr'><strong><em>άποσπασθῆ,</em></strong></span> <span class='ocrx_word' id='word_1_246' title='bbox 997 2630 1150 2694; x_wconf 84' lang='grc' dir='ltr'><strong><em>λυθέντων</em></strong></span> <span class='ocrx_word' id='word_1_247' title='bbox 1166 2636 1225 2694; x_wconf 89' lang='grc' dir='ltr'><strong><em>τῶν</em></strong></span> <span class='ocrx_word' id='word_1_248' title='bbox 1239 2625 1311 2693; x_wconf 83' lang='grc' dir='ltr'><strong><em>καθ’</em></strong></span> <span class='ocrx_word' id='word_1_249' title='bbox 1328 2625 1382 2702; x_wconf 76' lang='grc' dir='ltr'><strong><em>οὓς</em></strong></span> <span class='ocrx_word' id='word_1_250' title='bbox 1397 2624 1479 2710; x_wconf 76' lang='grc' dir='ltr'><strong><em>ἐβλά-</em></strong></span> 
     </span>
     <span class='ocr_line' id='line_1_25' title="bbox 327 2727 1478 2816; baseline -0.004 -18"><span class='ocrx_word' id='word_1_251' title='bbox 327 2755 413 2816; x_wconf 89' lang='grc' dir='ltr'><strong><em>στησε</em></strong></span> <span class='ocrx_word' id='word_1_252' title='bbox 429 2733 541 2808; x_wconf 86' lang='grc' dir='ltr'><strong><em>τόπους</em></strong></span> <span class='ocrx_word' id='word_1_253' title='bbox 558 2738 618 2796; x_wconf 92' lang='grc' dir='ltr'><strong><em>τῶν</em></strong></span> <span class='ocrx_word' id='word_1_254' title='bbox 637 2734 732 2796; x_wconf 88' lang='grc' dir='ltr'><strong><em>λίθων</em></strong></span> <span class='ocrx_word' id='word_1_255' title='bbox 753 2727 893 2812; x_wconf 74' lang='grc' dir='ltr'><strong><em>(δυνατῶν</em></strong></span> <span class='ocrx_word' id='word_1_256' title='bbox 907 2728 962 2815; x_wconf 86' lang='grc' dir='ltr'><strong><em>γάρ</em></strong></span> <span class='ocrx_word' id='word_1_257' title='bbox 979 2727 1093 2796; x_wconf 69' lang='grc' dir='ltr'><strong><em>4πάλιν</em></strong></span> <span class='ocrx_word' id='word_1_258' title='bbox 1112 2732 1153 2806; x_wconf 88' lang='grc' dir='ltr'><strong><em>είς</em></strong></span> <span class='ocrx_word' id='word_1_259' title='bbox 1170 2729 1241 2806; x_wconf 83' lang='grc' dir='ltr'><strong><em>τούς</em></strong></span> <span class='ocrx_word' id='word_1_260' title='bbox 1262 2733 1376 2796; x_wconf 87' lang='grc' dir='ltr'><strong><em>έαυτῶν</em></strong></span> <span class='ocrx_word' id='word_1_261' title='bbox 1397 2731 1478 2812; x_wconf 87' lang='grc' dir='ltr'><strong><em>έναρ-</em></strong></span> 
     </span>
     <span class='ocr_line' id='line_1_26' title="bbox 328 2829 1479 2924; baseline -0.003 -24"><span class='ocrx_word' id='word_1_262' title='bbox 328 2843 480 2918; x_wconf 88' lang='grc' dir='ltr'><strong><em>μοσθῆναι</em></strong></span> <span class='ocrx_word' id='word_1_263' title='bbox 500 2833 612 2909; x_wconf 86' lang='grc' dir='ltr'><strong><em>τόπους</em></strong></span> <span class='ocrx_word' id='word_1_264' title='bbox 632 2831 703 2908; x_wconf 81' lang='grc' dir='ltr'><strong><em>τούς</em></strong></span> <span class='ocrx_word' id='word_1_265' title='bbox 726 2837 846 2912; x_wconf 88' lang='grc' dir='ltr'><strong><em>λίθους,</em></strong></span> <span class='ocrx_word' id='word_1_266' title='bbox 868 2839 920 2915; x_wconf 85' lang='grc' dir='ltr'><strong><em>τῆς</em></strong></span> <span class='ocrx_word' id='word_1_267' title='bbox 934 2840 1028 2916; x_wconf 80' lang='grc' dir='ltr'><strong><em>συκῆς</em></strong></span> <span class='ocrx_word' id='word_1_268' title='bbox 1044 2831 1255 2924; x_wconf 86' lang='grc' dir='ltr'><strong><em>άφηρημένης,</em></strong></span> <span class='ocrx_word' id='word_1_269' title='bbox 1282 2831 1368 2908; x_wconf 69' lang='grc' dir='ltr'><strong><em>ὅπως</em></strong></span> <span class='ocrx_word' id='word_1_270' title='bbox 1389 2829 1408 2899; x_wconf 79' lang='grc' dir='ltr'><strong><em>ά</em></strong></span> <span class='ocrx_word' id='word_1_271' title='bbox 1429 2833 1479 2915; x_wconf 83' lang='grc' dir='ltr'><strong><em>μέν</em></strong></span> 
     </span>
     <span class='ocr_line' id='line_1_27' title="bbox 327 2932 1478 3025; baseline -0.004 -22"><span class='ocrx_word' id='word_1_272' title='bbox 327 2936 399 3014; x_wconf 83' lang='grc' dir='ltr'><strong><em>ναδς</em></strong></span> <span class='ocrx_word' id='word_1_273' title='bbox 420 2935 561 3019; x_wconf 89' lang='grc' dir='ltr'><strong><em>σῶζηται,</em></strong></span> <span class='ocrx_word' id='word_1_274' title='bbox 589 2937 680 3018; x_wconf 76' lang='grc' dir='ltr'><strong><em>μηδὲν</em></strong></span> <span class='ocrx_word' id='word_1_275' title='bbox 698 2943 758 3001; x_wconf 86' lang='grc' dir='ltr'><strong><em>τῶν</em></strong></span> <span class='ocrx_word' id='word_1_276' title='bbox 778 2932 982 3017; x_wconf 85' lang='grc' dir='ltr'><strong><em>α’φανιζόντων</em></strong></span> <span class='ocrx_word' id='word_1_277' title='bbox 999 2933 1092 3003; x_wconf 83' lang='grc' dir='ltr'><strong><em>αύτδν</em></strong></span> <span class='ocrx_word' id='word_1_278' title='bbox 1114 2943 1216 3002; x_wconf 87' lang='grc' dir='ltr'><strong><em>κακῶν</em></strong></span> <span class='ocrx_word' id='word_1_279' title='bbox 1238 2937 1356 3025; x_wconf 62' lang='grc' dir='ltr'><strong><em>ῡὲαυτῷ</em></strong></span> <span class='ocrx_word' id='word_1_280' title='bbox 1378 2936 1478 3017; x_wconf 82' lang='grc' dir='ltr'><strong><em>μηκέτι</em></strong></span> 
     </span>
     <span class='ocr_line' id='line_1_28' title="bbox 326 3035 1477 3126; baseline -0.003 -21"><span class='ocrx_word' id='word_1_281' title='bbox 326 3042 444 3122; x_wconf 86' lang='grc' dir='ltr'><strong><em>φέρων,</em></strong></span> <span class='ocrx_word' id='word_1_282' title='bbox 475 3037 495 3122; x_wconf 77' lang='grc' dir='ltr'><em>ἡ</em></span> <span class='ocrx_word' id='word_1_283' title='bbox 519 3040 551 3103; x_wconf 83' lang='grc' dir='ltr'><strong><em>δὲ</em></strong></span> <span class='ocrx_word' id='word_1_284' title='bbox 576 3045 653 3121; x_wconf 81' lang='grc' dir='ltr'><strong><em>συκῆ</em></strong></span> <span class='ocrx_word' id='word_1_285' title='bbox 682 3045 790 3104; x_wconf 64' lang='grc' dir='ltr'><strong><em>θπᾶσα</em></strong></span> <span class='ocrx_word' id='word_1_286' title='bbox 816 3041 1024 3124; x_wconf 87' lang='grc' dir='ltr'><strong><em>προθέλυμνος</em></strong></span> <span class='ocrx_word' id='word_1_287' title='bbox 1051 3037 1280 3106; x_wconf 86' lang='grc' dir='ltr'><strong><em>άποσιτασθεῖσα</em></strong></span> <span class='ocrx_word' id='word_1_288' title='bbox 1307 3035 1477 3126; x_wconf 71' lang='grc' dir='ltr'><strong><em>άποθάτηλ·</em></strong></span> 
     </span>
     <span class='ocr_line' id='line_1_29' title="bbox 325 3139 1572 3230; baseline -0.005 -22"><span class='ocrx_word' id='word_1_289' title='bbox 325 3142 401 3208; x_wconf 82' lang='grc' dir='ltr'><strong><em>κατά</em></strong></span> <span class='ocrx_word' id='word_1_290' title='bbox 420 3150 513 3211; x_wconf 84' lang='grc' dir='ltr'><strong><em>ταῦτα</em></strong></span> <span class='ocrx_word' id='word_1_291' title='bbox 536 3145 586 3208; x_wconf 83' lang='grc' dir='ltr'><strong><em>καί</em></strong></span> <span class='ocrx_word' id='word_1_292' title='bbox 612 3139 630 3206; x_wconf 82' lang='lat' dir='ltr'><strong><em>o‘</em></strong></span> <span class='ocrx_word' id='word_1_293' title='bbox 653 3140 727 3217; x_wconf 85' lang='grc' dir='ltr'><strong><em>θεάς</em></strong></span> <span class='ocrx_word' id='word_1_294' title='bbox 749 3139 768 3207; x_wconf 81' lang='grc' dir='ltr'><strong><em>δ</em></strong></span> <span class='ocrx_word' id='word_1_295' title='bbox 787 3145 916 3224; x_wconf 85' lang='grc' dir='ltr'><strong><em>τεχνίτης</em></strong></span> <span class='ocrx_word' id='word_1_296' title='bbox 936 3140 989 3207; x_wconf 85' lang='grc' dir='ltr'><strong><em>τδν</em></strong></span> <span class='ocrx_word' id='word_1_297' title='bbox 1006 3143 1113 3209; x_wconf 80' lang='grc' dir='ltr'><strong><em>ἑαυτοῦ</em></strong></span> <span class='ocrx_word' id='word_1_298' title='bbox 1135 3141 1208 3222; x_wconf 88' lang='grc' dir='ltr'><strong><em>νεῶ,</em></strong></span> <span class='ocrx_word' id='word_1_299' title='bbox 1230 3139 1283 3206; x_wconf 85' lang='grc' dir='ltr'><strong><em>τδν</em></strong></span> <span class='ocrx_word' id='word_1_300' title='bbox 1303 3139 1477 3224; x_wconf 68' lang='grc' dir='ltr'><strong><em>ἄνθρωπον,</em></strong></span> <span class='ocrx_word' id='word_1_301' title='bbox 1571 3205 1572 3230; x_wconf 32' lang='lat'>3</span> 
     </span>
     <span class='ocr_line' id='line_1_30' title="bbox 328 3237 1572 3331; baseline -0.004 -21"><span class='ocrx_word' id='word_1_302' title='bbox 328 3249 414 3327; x_wconf 85' lang='grc' dir='ltr'><strong><em>δίκην</em></strong></span> <span class='ocrx_word' id='word_1_303' title='bbox 438 3244 542 3331; x_wconf 85' lang='grc' dir='ltr'><strong><em>υίγρίας</em></strong></span> <span class='ocrx_word' id='word_1_304' title='bbox 565 3252 658 3328; x_wconf 86' lang='grc' dir='ltr'><strong><em>συκῆς</em></strong></span> <span class='ocrx_word' id='word_1_305' title='bbox 680 3243 735 3328; x_wconf 85' lang='grc' dir='ltr'><strong><em>τῆν</em></strong></span> <span class='ocrx_word' id='word_1_306' title='bbox 752 3242 899 3330; x_wconf 84' lang='grc' dir='ltr'><strong><em>άμαρτίαν</em></strong></span> <span class='ocrx_word' id='word_1_307' title='bbox 920 3243 1137 3327; x_wconf 80' lang='grc' dir='ltr'><strong><em>βλαστῆσαντα,</em></strong></span> <span class='ocrx_word' id='word_1_308' title='bbox 1161 3245 1317 3322; x_wconf 75' lang='grc' dir='ltr'><strong><em>7διέλυσε,</em></strong></span> <span class='ocrx_word' id='word_1_309' title='bbox 1344 3241 1477 3306; x_wconf 84' lang='grc' dir='ltr'><strong><em>θανάτου</em></strong></span> <span class='ocrx_word' id='word_1_310' title='bbox 1571 3237 1572 3240; x_wconf 32' lang='grc'><strong>“</strong></span> 
     </span>
     <span class='ocr_line' id='line_1_31' title="bbox 328 3343 1476 3433; baseline -0.003 -21"><span class='ocrx_word' id='word_1_311' title='bbox 328 3353 521 3433; x_wconf 89' lang='grc' dir='ltr'><strong><em>προςκαίροις</em></strong></span> <span class='ocrx_word' id='word_1_312' title='bbox 537 3351 714 3432; x_wconf 83' lang='grc' dir='ltr'><strong><em>προςβολαῑς</em></strong></span> <span class='ocrx_word' id='word_1_313' title='bbox 729 3343 929 3426; x_wconf 86' lang='grc' dir='ltr'><strong><em>αἰιοιιτείνων,</em></strong></span> <span class='ocrx_word' id='word_1_314' title='bbox 952 3345 1027 3412; x_wconf 81' lang='grc' dir='ltr'><strong><em>κατά</em></strong></span> <span class='ocrx_word' id='word_1_315' title='bbox 1049 3346 1083 3413; x_wconf 89' lang='grc' dir='ltr'><strong><em>τδ</em></strong></span> <span class='ocrx_word' id='word_1_316' title='bbox 1102 3348 1315 3433; x_wconf 87' lang='grc' dir='ltr'><strong><em>γεγραμμένον,</em></strong></span> <span class='ocrx_word' id='word_1_317' title='bbox 1337 3349 1390 3410; x_wconf 86' lang='grc' dir='ltr'><strong><em>καί</em></strong></span> <span class='ocrx_word' id='word_1_318' title='bbox 1409 3351 1476 3423; x_wconf 64' lang='lat' dir='ltr'><strong><em>{ob-</em></strong></span> 
     </span>
     <span class='ocr_line' id='line_1_32' title="bbox 327 3446 1477 3536; baseline -0.006 -20"><span class='ocrx_word' id='word_1_319' title='bbox 327 3457 438 3530; x_wconf 91' lang='grc' dir='ltr'><strong><em>ποιῶν,</em></strong></span> <span class='ocrx_word' id='word_1_320' title='bbox 460 3453 510 3516; x_wconf 85' lang='grc' dir='ltr'><strong><em>ίνα</em></strong></span> <span class='ocrx_word' id='word_1_321' title='bbox 533 3449 622 3514; x_wconf 86' lang='grc' dir='ltr'><strong><em>πάλιν</em></strong></span> <span class='ocrx_word' id='word_1_322' title='bbox 643 3457 703 3515; x_wconf 90' lang='grc' dir='ltr'><strong><em>τῶν</em></strong></span> <span class='ocrx_word' id='word_1_323' title='bbox 719 3448 817 3516; x_wconf 75' lang='grc' dir='ltr'><strong><em>αὐτῶν</em></strong></span> <span class='ocrx_word' id='word_1_324' title='bbox 835 3448 856 3532; x_wconf 78' lang='grc' dir='ltr'><em>ἦ</em></span> <span class='ocrx_word' id='word_1_325' title='bbox 873 3448 946 3534; x_wconf 86' lang='grc' dir='ltr'><strong><em>σάρξ</em></strong></span> <span class='ocrx_word' id='word_1_326' title='bbox 963 3457 1059 3536; x_wconf 83' lang='grc' dir='ltr'><strong><em>μερῶν</em></strong></span> <span class='ocrx_word' id='word_1_327' title='bbox 1080 3449 1150 3532; x_wconf 81' lang='grc' dir='ltr'><strong><em>μετά</em></strong></span> <span class='ocrx_word' id='word_1_328' title='bbox 1171 3449 1203 3516; x_wconf 85' lang='grc' dir='ltr'><strong><em>τδ</em></strong></span> <span class='ocrx_word' id='word_1_329' title='bbox 1223 3453 1410 3534; x_wconf 81' lang='grc' dir='ltr'><strong><em>ξηρανθῆναι</em></strong></span> <span class='ocrx_word' id='word_1_330' title='bbox 1430 3446 1477 3512; x_wconf 80' lang='grc' dir='ltr'><strong><em>καί</em></strong></span> 
     </span>
     <span class='ocr_line' id='line_1_33' title="bbox 328 3549 1571 3644; baseline -0.003 -26"><span class='ocrx_word' id='word_1_331' title='bbox 328 3551 495 3619; x_wconf 81' lang='grc' dir='ltr'><strong><em>άιτοθανεῖν</em></strong></span> <span class='ocrx_word' id='word_1_332' title='bbox 509 3553 542 3620; x_wconf 85' lang='grc' dir='ltr'><strong><em>ιδ</em></strong></span> <span class='ocrx_word' id='word_1_333' title='bbox 559 3550 716 3637; x_wconf 84' lang='grc' dir='ltr'><strong><em>άμιίρτημα</em></strong></span> <span class='ocrx_word' id='word_1_334' title='bbox 731 3556 818 3635; x_wconf 83' lang='grc' dir='ltr'><strong><em>δίκην</em></strong></span> <span class='ocrx_word' id='word_1_335' title='bbox 833 3550 1156 3635; x_wconf 83' lang='grc' dir='ltr'><strong><em>άυαιιαινοποιηθέντος</em></strong></span> <span class='ocrx_word' id='word_1_336' title='bbox 1171 3558 1247 3617; x_wconf 83' lang='grc' dir='ltr'><strong><em>ναοῦ</em></strong></span> <span class='ocrx_word' id='word_1_337' title='bbox 1262 3549 1419 3626; x_wconf 83' lang='grc' dir='ltr'><strong><em>άθάνατος</em></strong></span> <span class='ocrx_word' id='word_1_338' title='bbox 1430 3549 1476 3614; x_wconf 80' lang='grc' dir='ltr'><strong><em>καί</em></strong></span> <span class='ocrx_word' id='word_1_339' title='bbox 1570 3631 1571 3644; x_wconf 19' lang='lat'>¹</span> 
     </span>
     <span class='ocr_line' id='line_1_34' title="bbox 331 3652 1571 3744; baseline -0.004 -24"><span class='ocrx_word' id='word_1_340' title='bbox 331 3653 485 3740; x_wconf 62' lang='grc' dir='ltr'><strong><em>θάπήμων</em></strong></span> <span class='ocrx_word' id='word_1_341' title='bbox 500 3658 617 3744; x_wconf 81' lang='grc' dir='ltr'><strong><em>έγερθῆ,</em></strong></span> <span class='ocrx_word' id='word_1_342' title='bbox 640 3657 742 3731; x_wconf 81' lang='grc' dir='ltr'><strong><em>τελέως</em></strong></span> <span class='ocrx_word' id='word_1_343' title='bbox 758 3658 790 3720; x_wconf 89' lang='grc' dir='ltr'><strong><em>έιι</em></strong></span> <span class='ocrx_word' id='word_1_344' title='bbox 804 3653 930 3740; x_wconf 80' lang='grc' dir='ltr'><strong><em>βάθρων</em></strong></span> <span class='ocrx_word' id='word_1_345' title='bbox 944 3654 1129 3738; x_wconf 82' lang='grc' dir='ltr'><strong><em>άπολομένης</em></strong></span> <span class='ocrx_word' id='word_1_346' title='bbox 1145 3663 1199 3737; x_wconf 86' lang='grc' dir='ltr'><strong><em>τῆς</em></strong></span> <span class='ocrx_word' id='word_1_347' title='bbox 1213 3652 1363 3739; x_wconf 87' lang='grc' dir='ltr'><strong><em>άμαρτίας.</em></strong></span> <span class='ocrx_word' id='word_1_348' title='bbox 1400 3659 1475 3716; x_wconf 81' lang='grc' dir='ltr'><strong><em>Ζῶν·</em></strong></span> <span class='ocrx_word' id='word_1_349' title='bbox 1570 3725 1571 3728; x_wconf 10' lang='lat'>¹</span> 
     </span>
     <span class='ocr_line' id='line_1_35' title="bbox 328 3751 1571 3845; baseline -0.002 -23"><span class='ocrx_word' id='word_1_350' title='bbox 328 3783 378 3834; x_wconf 88' lang='grc' dir='ltr'><strong><em>τος</em></strong></span> <span class='ocrx_word' id='word_1_351' title='bbox 393 3758 449 3845; x_wconf 81' lang='grc' dir='ltr'><strong><em>γάρ</em></strong></span> <span class='ocrx_word' id='word_1_352' title='bbox 467 3761 509 3824; x_wconf 84' lang='grc' dir='ltr'><strong><em>έτι</em></strong></span> <span class='ocrx_word' id='word_1_353' title='bbox 524 3765 578 3824; x_wconf 84' lang='grc' dir='ltr'><strong><em>τοῦ</em></strong></span> <span class='ocrx_word' id='word_1_354' title='bbox 595 3757 731 3840; x_wconf 75' lang='grc' dir='ltr'><strong><em>σώματος</em></strong></span> <span class='ocrx_word' id='word_1_355' title='bbox 746 3755 804 3842; x_wconf 86' lang='grc' dir='ltr'><strong><em>πρδ</em></strong></span> <span class='ocrx_word' id='word_1_356' title='bbox 823 3763 877 3822; x_wconf 82' lang='grc' dir='ltr'><strong><em>τοῦ</em></strong></span> <span class='ocrx_word' id='word_1_357' title='bbox 896 3757 1099 3841; x_wconf 83' lang='grc' dir='ltr'><strong><em>τεθνῆξασθαι</em></strong></span> <span class='ocrx_word' id='word_1_358' title='bbox 1113 3765 1204 3840; x_wconf 83' lang='grc' dir='ltr'><strong><em>συζῆν</em></strong></span> <span class='ocrx_word' id='word_1_359' title='bbox 1222 3755 1337 3842; x_wconf 81' lang='grc' dir='ltr'><strong><em>άνάγιιη</em></strong></span> <span class='ocrx_word' id='word_1_360' title='bbox 1355 3751 1476 3836; x_wconf 72' lang='grc' dir='ltr'><strong><em>καίτῆν</em></strong></span> <span class='ocrx_word' id='word_1_361' title='bbox 1570 3787 1571 3790; x_wconf 45' lang='grc'><strong>“</strong></span> 
     </span>
     <span class='ocr_line' id='line_1_36' title="bbox 328 3856 1475 3947; baseline -0.003 -23"><span class='ocrx_word' id='word_1_362' title='bbox 328 3859 488 3947; x_wconf 76' lang='grc' dir='ltr'><strong><em>ἁμαρτίαν,</em></strong></span> <span class='ocrx_word' id='word_1_363' title='bbox 510 3863 598 3927; x_wconf 82' lang='grc' dir='ltr'><strong><em>ένδον</em></strong></span> <span class='ocrx_word' id='word_1_364' title='bbox 615 3858 668 3936; x_wconf 82' lang='grc' dir='ltr'><strong><em>τάς</em></strong></span> <span class='ocrx_word' id='word_1_365' title='bbox 683 3864 765 3944; x_wconf 66' lang='grc' dir='ltr'><strong><em>ῥίζας</em></strong></span> <span class='ocrx_word' id='word_1_366' title='bbox 781 3856 873 3941; x_wconf 85' lang='grc' dir='ltr'><strong><em>αύτῆς</em></strong></span> <span class='ocrx_word' id='word_1_367' title='bbox 887 3863 919 3926; x_wconf 90' lang='grc' dir='ltr'><strong><em>έν</em></strong></span> <span class='ocrx_word' id='word_1_368' title='bbox 935 3858 1006 3943; x_wconf 76' lang='grc' dir='ltr'><strong><em>ἡμῖν</em></strong></span> <span class='ocrx_word' id='word_1_369' title='bbox 1020 3859 1281 3947; x_wconf 85' lang='grc' dir='ltr'><strong><em>άποιιράπτοιισαν,</em></strong></span> <span class='ocrx_word' id='word_1_370' title='bbox 1303 3861 1330 3924; x_wconf 86' lang='grc' dir='ltr'><strong><em>εί</em></strong></span> <span class='ocrx_word' id='word_1_371' title='bbox 1343 3861 1396 3924; x_wconf 81' lang='grc' dir='ltr'><strong><em>καί</em></strong></span> <span class='ocrx_word' id='word_1_372' title='bbox 1411 3861 1475 3936; x_wconf 73' lang='grc' dir='ltr'><strong><em>ἔξω·</em></strong></span> 
     </span>
     <span class='ocr_line' id='line_1_37' title="bbox 328 3957 1475 4048; baseline -0.003 -20"><span class='ocrx_word' id='word_1_373' title='bbox 328 3973 384 4028; x_wconf 88' lang='grc' dir='ltr'><strong><em>θεν</em></strong></span> <span class='ocrx_word' id='word_1_374' title='bbox 402 3973 506 4048; x_wconf 86' lang='grc' dir='ltr'><strong><em>τομαῖς</em></strong></span> <span class='ocrx_word' id='word_1_375' title='bbox 522 3973 588 4040; x_wconf 87' lang='grc' dir='ltr'><strong><em>ταῖς</em></strong></span> <span class='ocrx_word' id='word_1_376' title='bbox 607 3961 666 4030; x_wconf 86' lang='grc' dir='ltr'><strong><em>άπδ</em></strong></span> <span class='ocrx_word' id='word_1_377' title='bbox 689 3969 748 4028; x_wconf 88' lang='grc' dir='ltr'><strong><em>τῶν</em></strong></span> <span class='ocrx_word' id='word_1_378' title='bbox 768 3969 1009 4048; x_wconf 78' lang='grc' dir='ltr'><strong><em>οσωφρονισμῶν</em></strong></span> <span class='ocrx_word' id='word_1_379' title='bbox 1031 3967 1082 4030; x_wconf 83' lang='grc' dir='ltr'><strong><em>καί</em></strong></span> <span class='ocrx_word' id='word_1_380' title='bbox 1105 3970 1165 4030; x_wconf 85' lang='grc' dir='ltr'><strong><em>τῶν</em></strong></span> <span class='ocrx_word' id='word_1_381' title='bbox 1187 3959 1396 4044; x_wconf 77' lang='grc' dir='ltr'><strong><em>νουθετήσεσι</em></strong></span> <span class='ocrx_word' id='word_1_382' title='bbox 1417 3957 1475 4025; x_wconf 85' lang='grc' dir='ltr'><strong><em>τίνε-</em></strong></span> 
     </span>
    </p>
   </div>
   <div class='ocr_carea' id='block_1_6' title="bbox 324 4145 1570 4566">
    <p class='ocr_par' dir='ltr' id='par_1_6' title="bbox 324 4145 1570 4566">
     <span class='ocr_line' id='line_1_38' title="bbox 362 4145 1570 4216; baseline -0.001 -12"><span class='ocrx_word' id='word_1_383' title='bbox 362 4155 419 4206; x_wconf 70' lang='grc' dir='ltr'><strong><em>(λιι.</em></strong></span> <span class='ocrx_word' id='word_1_384' title='bbox 437 4155 592 4206; x_wconf 80' lang='lat' dir='ltr'>xxx¹.-</span> <span class='ocrx_word' id='word_1_385' title='bbox 628 4155 650 4205; x_wconf 89' lang='lat'><strong><em>1.</em></strong></span> <span class='ocrx_word' id='word_1_386' title='bbox 675 4149 886 4216; x_wconf 81' lang='grc' dir='ltr'><strong><em>τῆςυῖισλύσεως</em></strong></span> <span class='ocrx_word' id='word_1_387' title='bbox 954 4155 1143 4206; x_wconf 69' lang='grc' dir='ltr'><strong><em>(λικΧΧΧΙΙ.</em></strong></span> <span class='ocrx_word' id='word_1_388' title='bbox 1162 4181 1196 4194; x_wconf 89' lang='grc'><strong>-</strong></span> <span class='ocrx_word' id='word_1_389' title='bbox 1223 4153 1245 4205; x_wconf 87' lang='grc'><strong><em>1.</em></strong></span> <span class='ocrx_word' id='word_1_390' title='bbox 1262 4154 1350 4214; x_wconf 80' lang='grc' dir='ltr'><strong><em>καλοῖς</em></strong></span> <span class='ocrx_word' id='word_1_391' title='bbox 1366 4151 1475 4204; x_wconf 66' lang='lat' dir='ltr'><strong><em>auum</em></strong></span> <span class='ocrx_word' id='word_1_392' title='bbox 1569 4145 1570 4164; x_wconf 62' lang='lat'>¹</span> 
     </span>
     <span class='ocr_line' id='line_1_39' title="bbox 326 4217 968 4289; baseline 0.003 -16"><span class='ocrx_word' id='word_1_393' title='bbox 326 4223 370 4273; x_wconf 82' lang='grc' dir='ltr'><strong><em>τοῦ</em></strong></span> <span class='ocrx_word' id='word_1_394' title='bbox 388 4217 542 4289; x_wconf 82' lang='grc' dir='ltr'><strong><em>σῶματοςη</em></strong></span> <span class='ocrx_word' id='word_1_395' title='bbox 563 4217 646 4288; x_wconf 76' lang='grc' dir='ltr'><strong><em>δμτρτ</em></strong></span> <span class='ocrx_word' id='word_1_396' title='bbox 648 4222 673 4275; x_wconf 86' lang='grc' dir='ltr'><strong><em>ία</em></strong></span> <span class='ocrx_word' id='word_1_397' title='bbox 701 4225 812 4275; x_wconf 70' lang='grc' dir='ltr'><strong><em>θαλλοιιδ.</em></strong></span> <span class='ocrx_word' id='word_1_398' title='bbox 836 4227 852 4274; x_wconf 90' lang='grc' dir='ltr'><strong><em>λ.</em></strong></span> <span class='ocrx_word' id='word_1_399' title='bbox 869 4225 884 4272; x_wconf 86' lang='grc' dir='ltr'><strong><em>λ.</em></strong></span> <span class='ocrx_word' id='word_1_400' title='bbox 919 4225 934 4273; x_wconf 89' lang='lat'><strong><em>1.</em></strong></span> <span class='ocrx_word' id='word_1_401' title='bbox 953 4227 968 4275; x_wconf 85' lang='grc' dir='ltr'><strong><em>λ.</em></strong></span> 
     </span>
     <span class='ocr_line' id='line_1_40' title="bbox 324 4289 1337 4376; baseline 0.002 -38"><span class='ocrx_word' id='word_1_402' title='bbox 324 4303 381 4354; x_wconf 76' lang='grc' dir='ltr'><strong><em>μσς.</em></strong></span> <span class='ocrx_word' id='word_1_403' title='bbox 392 4291 449 4342; x_wconf 78' lang='grc'><strong><em>773.</em></strong></span> <span class='ocrx_word' id='word_1_404' title='bbox 467 4307 497 4342; x_wconf 82' lang='grc' dir='ltr'><strong><em>ετ</em></strong></span> <span class='ocrx_word' id='word_1_405' title='bbox 513 4294 563 4341; x_wconf 84' lang='lat' dir='ltr'>cod.</span> <span class='ocrx_word' id='word_1_406' title='bbox 579 4293 659 4354; x_wconf 74' lang='lat' dir='ltr'><strong><em>Rupis.</em></strong></span> <span class='ocrx_word' id='word_1_407' title='bbox 952 4292 977 4343; x_wconf 74' lang='lat'><strong><em>2.</em></strong></span> <span class='ocrx_word' id='word_1_408' title='bbox 995 4289 1112 4376; x_wconf 81' lang='grc' dir='ltr'><strong><em>έκστασηι</em></strong></span> <span class='ocrx_word' id='word_1_409' title='bbox 1128 4293 1209 4342; x_wconf 70' lang='lat' dir='ltr'><strong><em>vitione</em></strong></span> <span class='ocrx_word' id='word_1_410' title='bbox 1226 4291 1337 4342; x_wconf 74' lang='grc' dir='ltr'><strong><em>θυλλσηιλ.</em></strong></span> 
     </span>
     <span class='ocr_line' id='line_1_41' title="bbox 360 4353 1309 4442; baseline -0.001 -33.998"><span class='ocrx_word' id='word_1_411' title='bbox 360 4361 384 4408; x_wconf 75' lang='lat'><strong><em>2.</em></strong></span> <span class='ocrx_word' id='word_1_412' title='bbox 408 4353 589 4442; x_wconf 82' lang='grc' dir='ltr'><strong><em>άναβλάσονται</em></strong></span> <span class='ocrx_word' id='word_1_413' title='bbox 612 4362 667 4409; x_wconf 70' lang='lat' dir='ltr'><strong><em>edit.</em></strong></span> <span class='ocrx_word' id='word_1_414' title='bbox 689 4373 764 4421; x_wconf 83' lang='grc' dir='ltr'><strong><em>ρτιιιτ.</em></strong></span> <span class='ocrx_word' id='word_1_415' title='bbox 790 4365 810 4408; x_wconf 82' lang='grc' dir='ltr'><strong><em>ιλ</em></strong></span> <span class='ocrx_word' id='word_1_416' title='bbox 834 4361 885 4408; x_wconf 79' lang='grc' dir='ltr'><strong><em>σεδ.</em></strong></span> <span class='ocrx_word' id='word_1_417' title='bbox 952 4361 977 4410; x_wconf 83' lang='grc'><strong><em>3.</em></strong></span> <span class='ocrx_word' id='word_1_418' title='bbox 995 4355 1179 4442; x_wconf 79' lang='grc' dir='ltr'><strong><em>εύτραφῆσασα</em></strong></span> <span class='ocrx_word' id='word_1_419' title='bbox 1197 4361 1309 4410; x_wconf 73' lang='grc' dir='ltr'><strong><em>(λαίλαπα.</em></strong></span> 
     </span>
     <span class='ocr_line' id='line_1_42' title="bbox 326 4421 1344 4493; baseline 0.001 -17"><span class='ocrx_word' id='word_1_420' title='bbox 326 4427 424 4489; x_wconf 74' lang='grc' dir='ltr'><strong><em>Ηλεδίρ.</em></strong></span> <span class='ocrx_word' id='word_1_421' title='bbox 467 4421 655 4493; x_wconf 76' lang='grc' dir='ltr'><strong><em>ἀναβλίζωιται</em></strong></span> <span class='ocrx_word' id='word_1_422' title='bbox 680 4429 734 4478; x_wconf 71' lang='lat' dir='ltr'><strong><em>edu.</em></strong></span> <span class='ocrx_word' id='word_1_423' title='bbox 759 4429 839 4478; x_wconf 81' lang='grc' dir='ltr'><strong><em>Ρείιιυ.</em></strong></span> <span class='ocrx_word' id='word_1_424' title='bbox 865 4431 885 4476; x_wconf 80' lang='grc' dir='ltr'><strong><em>ιι</em></strong></span> <span class='ocrx_word' id='word_1_425' title='bbox 953 4426 976 4479; x_wconf 92' lang='lat'><strong><em>4.</em></strong></span> <span class='ocrx_word' id='word_1_426' title='bbox 994 4425 1066 4482; x_wconf 81' lang='grc' dir='ltr'><strong><em>πάλιν</em></strong></span> <span class='ocrx_word' id='word_1_427' title='bbox 1084 4429 1214 4478; x_wconf 73' lang='lat' dir='ltr'><strong><em>nonhabet</em></strong></span> <span class='ocrx_word' id='word_1_428' title='bbox 1231 4429 1344 4477; x_wconf 72' lang='lat' dir='ltr'><strong><em>cottana.</em></strong></span> 
     </span>
     <span class='ocr_line' id='line_1_43' title="bbox 328 4495 1251 4566; baseline 0.001 -22"><span class='ocrx_word' id='word_1_429' title='bbox 328 4497 438 4546; x_wconf 77' lang='grc' dir='ltr'><strong><em>(ιίιλλοιιδ.</em></strong></span> <span class='ocrx_word' id='word_1_430' title='bbox 456 4497 471 4544; x_wconf 87' lang='grc' dir='ltr'><strong><em>λ.</em></strong></span> <span class='ocrx_word' id='word_1_431' title='bbox 487 4497 503 4544; x_wconf 88' lang='grc' dir='ltr'><strong><em>λ</em></strong></span> <span class='ocrx_word' id='word_1_432' title='bbox 952 4497 976 4547; x_wconf 79' lang='grc' dir='ltr'><strong><em>ὀ.</em></strong></span> <span class='ocrx_word' id='word_1_433' title='bbox 994 4495 1045 4550; x_wconf 85' lang='grc' dir='ltr'><strong><em>έν</em></strong></span> <span class='ocrx_word' id='word_1_434' title='bbox 1037 4497 1119 4566; x_wconf 78' lang='grc' dir='ltr'><strong><em>ετυτῷ</em></strong></span> <span class='ocrx_word' id='word_1_435' title='bbox 1138 4497 1251 4546; x_wconf 67' lang='lat' dir='ltr'><strong><em>Gallam.</em></strong></span> 
     </span>
    </p>
   </div>
   <div class='ocr_carea' id='block_1_7' title="bbox 0 0 1592 4930">
    <p class='ocr_par' dir='ltr' id='par_1_7' title="bbox 0 0 1592 4930">
     <span class='ocr_line' id='line_1_44' title="bbox 0 0 1592 4930; baseline 0 2"><span class='ocrx_word' id='word_1_436' title='bbox 0 0 1592 4930; x_wconf 95' lang='lat' dir='ltr'><strong><em> </em></strong></span> 
     </span>
    </p>
   </div>
  </div>
 </body>
</html>
