3186 4928
334 213 396 274 416
757 211 1070 275 εκασοιοειειικαιι

335 339 429 404 αύτοῦ
447 337 571 421 δυνάμει
586 345 808 424 καθαιροῦντος
823 336 861 402 τά
876 339 945 422 βέλη
963 346 1023 404 τῦν
1037 345 1055 387 ⁷
1063 338 1099 404 δι’
1119 340 1266 418 ἐναντίας,
1288 337 1322 405 τό
1344 339 1438 424 πέρας
1457 337 1489 402 τό

334 433 423 523 ἦττον
441 441 679 528 ἀπενεγκαμένου
696 448 750 508 τοῦ
765 441 875 524 Μόνη,
898 445 950 507 καλ
966 441 1131 528 κρινόντων
1152 448 1212 507 τῦν
1233 449 1351 526 κριτοῦν
1364 439 1398 506 τό
1421 449 1490 527 βρα-

334 548 416 626 βεῖον
432 541 505 609 είναι
521 551 558 634 τῇ
575 544 703 632 ἀληθείᾳ
724 543 810 631 (ὅπερ
825 545 883 611 οὐκ
899 537 938 628 ἦν
953 551 1075 628 θαῦμα,
1098 543 1318 627 αύτοσυστάτης
1333 543 1428 628 οῦσης
1442 552 1491 626 τῆς

334 647 476 728 ἀληθείας
492 650 545 712 καὶ
562 645 602 730 μή
620 649 787 732 δυναμένης
803 649 1032 728 καθαιρεῖσθαι,
1054 645 1111 712 κάν
1125 672 1156 712 τε
1176 647 1366 732 ἀντιπράττοι
1384 643 1407 729 ἦ
1425 645 1491 712 α’νο-

334 754 387 832 μία
406 747 620 838 θάναισγυντίμ
644 752 795 836 φερομένη
819 758 859 840 τῷ
880 759 933 835 τῆς
956 750 1100 834 ἀληθείας
1119 758 1262 839 θθεσμςῦ,
1285 757 1339 816 τοῦ
1355 748 1492 834 ψεύδους

334 850 375 934 μη
401 854 518 936 ἔχοντος
540 850 720 934 ἀπόστασιν,
742 854 816 937 μηδὲ
833 851 1001 936 βάσιν,,ός
1017 856 1069 920 καί
1085 851 1105 936 ἡ
1122 851 1190 919 σκιά
1207 860 1261 920 τοῦ
1276 854 1422 932 σκότους,
1443 855 1492 918 καλ

332 961 385 1020 τοῦ
401 953 501 1036 όφεοος
514 953 547 1021 τό
564 953 713 1042 σφαλερόν
726 963 781 1039 τῆς
796 955 970 1039 έπιβόσεας,
993 957 1043 1022 καί
1060 955 1228 1043 ἀνέραστον
1243 963 1296 1040 τῆς
1309 965 1369 1022 τοῖν
1388 961 1493 1022 ποδοῖν

332 1055 515 1142 στερήσεως),
538 1099 579 1108 -
605 1061 788 1124 ιοέντεῦθεν
803 1057 823 1124 ό
841 1056 955 1142 Μύνης
977 1058 1205 1144 ιιοἰποδρύσας,
1228 1061 1420 1142 βουλομένων
1436 1066 1494 1124 τοῖν

333 1161 435 1244 δήμων
452 1159 542 1228 αύτδν
564 1165 775 1244 λιθοβολῆσαι,
798 1165 826 1228 εί
841 1161 883 1246 μή
903 1161 993 1228 ιδῦτε
1009 1168 1161 1247 παρῆλθεν
1180 1165 1222 1238 είς
1243 1163 1332 1244 μέσον
1352 1162 1492 1246 Μάρκελ-

332 1273 400 1343 λος,
430 1267 479 1330 καλ
505 1271 545 1352 τῷ
572 1267 712 1352 αίδεσλμφ
735 1263 830 1331 αύτοῦ
854 1264 1003 1354 προςόπιμ
1027 1264 1255 1348 κατεδυσούπησε
1275 1264 1347 1342 τούς
1365 1265 1493 1348 δήμους,

333 1369 396 1432 έπελ
410 1366 446 1432 ἀν
460 1364 478 1433 ό
494 1365 583 1444 τύλος
598 1365 703 1453 νεκρός
719 1369 817 1451 μένων
832 1367 923 1434 πύλαι
937 1367 1099 1452 ἐτεθνήκει,
1122 1366 1315 1455 ἀναχωρήσας
1329 1369 1363 1433 δὲ
1379 1370 1493 1456 ἔρχεται
1574 1367 1575 1412 ί

313 1475 374 1548 ἐίς
399 1469 503 1553 κόμην
526 1469 591 1536 τινά
614 1478 667 1554 τῆς
694 1470 905 1557 ηΚαρχόριον
928 1473 969 1547 εἰς
992 1474 1162 1556 Διοδοορίδα
1185 1472 1384 1554 καλουμένην,
1419 1463 1493 1560 ένῇ

336 1580 372 1619 ¹⁴
385 1573 515 1660 Τρύφων
535 1599 580 1650 τις
597 1575 812 1650 ἐπιεικέστατος
828 1572 891 1639 κατ’
909 1576 1003 1640 έκεῖνο
1020 1581 1127 1660 καιροῦ
1145 1572 1280 1660 έτύγηανε
1299 1581 1359 1640 τοῖν
1381 1571 1494 1640 αύτόθι

334 1675 540 1766 πρεσβύτερος.

198 1793 262 1861 Κεφ.
282 1792 324 1846 ια’.
420 1778 498 1866 Παρ’
512 1772 537 1868 ᾧ
552 1777 695 1862 όΜάνης
709 1777 867 1865 γενόμενος
880 1778 969 1846 πόλιν
984 1778 1079 1846 έκύκα
1093 1778 1291 1863 καυχώμενος,
1313 1777 1494 1862 καταλαβούν

332 1881 385 1948 τόν
399 1877 494 1966 ύνδρα
509 1879 626 1968 ἀγαθόν
642 1883 693 1964 μέν
708 1881 796 1947 τάλλα
810 1885 861 1948 καλ
876 1881 1052 1966 θαυμαστόν
1064 1909 1100 1973 τη
1114 1886 1281 1970 θεοσεβείᾳ,
1303 1881 1446 1968 πεντηρδν
1461 1882 1494 1946 δέ

334 1993 374 2074 τῷ
386 1983 473 2073 λόγφ.
515 1982 599 2050 Ἀλλά
614 1986 665 2050 καὶ
682 1987 714 2050 έν
729 1986 863 2066 τούτοις,
886 1983 928 2062 ός
942 1984 1113 2070 ἀπείληφεν,
1135 1985 1192 2052 ούκ
1207 1987 1322 2068 ίσγυσεν
1338 1981 1493 2051 έπιτοιθά-

334 2096 392 2166 ζειν
405 2093 447 2176 τῷ
466 2093 520 2152 τοῦ
537 2094 668 2172 Χριστοῦ
684 2089 790 2177 δούλρι.
832 2085 866 2152 ‘0
884 2086 957 2165 θεός
972 2085 1028 2175 γάρ
1046 2087 1092 2154 ἀεὶ
1110 2097 1172 2164 τοῖς
1186 2086 1231 2154 ἐπ’
1248 2085 1340 2153 αύτδν
1359 2089 1492 2166 έλπίζου·

130 2268 134 2276 .
212 2221 263 2269 ηις.
274 2211 319 2255 ττι.
334 2211 381 2255 σιν
396 2187 536 2272 έτοιμάζει
551 2189 605 2266 τοὶς
620 2192 653 2256 ἐκ
668 2189 835 2274 πνεύματος
849 2187 936 2276 ἀγίου
951 2189 1065 2276 δωρεάς
1082 2189 1356 2277 έπιχορηγούμενος,
1380 2188 1425 2266 τίς
1441 2193 1493 2255 καί

334 2296 520 2379 έπηγγείλατο
537 2291 672 2376 ἀψευδὴς
687 2291 730 2359 οῦν
744 2291 801 2372 δτι,
825 2292 882 2378 Μή
897 2293 1090 2380 μεριμνήσητε
1104 2298 1133 2358 τί
1146 2297 1258 2376 είπητε·
1282 2291 1318 2359 ού
1332 2290 1390 2379 γάρ
1405 2290 1495 2376 ύμεῖς

333 2401 396 2463 έστε
410 2400 441 2462 οἱ
454 2403 617 2474 λαλοῦντες,
639 2393 711 2462 ἀλλά
728 2394 762 2462 τό
779 2404 897 2480 πνεῦμα
913 2403 967 2463 τοῦ
983 2395 1097 2482 πατρός
1113 2391 1172 2480 μου
1186 2393 1220 2462 τό
1236 2403 1344 2461 λαλοῦν
1360 2398 1393 2462 έν
1410 2393 1492 2478 ῦμῖν.

331 2498 488 2566 Ἐντεῦθεν
503 2497 592 2565 πόλιν
607 2501 809 2583 βουληθέντος
823 2501 1014 2578 διαλέξασθαι
1030 2498 1107 2586 πρός
1127 2498 1276 2586 Τρύφωνα
1292 2497 1345 2564 τόν
1359 2496 1493 2583 πρεσβύ-

333 2627 433 2689 τερον,
454 2605 507 2669 καὶ
522 2600 614 2668 αύτοῦ
633 2605 665 2668 έν
684 2610 803 2678 πολλοῖς
822 2600 1025 2683 ἀντειπόντος,
1047 2601 1220 2689 γρόψαντός
1239 2627 1270 2667 τε
1286 2607 1328 2690 τῷ
1343 2599 1492 2689 Ἀρχελάμ

333 2708 401 2790 περὶ
419 2713 473 2788 τῆς
490 2701 664 2781 ύποθέσεας
684 2703 793 2788 ταύτης
815 2705 876 2784 ῦτι,
908 2704 1021 2792 1Ἀνήρ
1044 2731 1087 2781 τις
1105 2698 1200 2788 ἦλθεν
1223 2707 1355 2770 ἐνταῦθα
1376 2699 1432 2769 οἶα
1455 2701 1493 2784 δὴ

333 2807 423 2883 λύκος
445 2807 554 2893 βαρύς,
582 2809 632 2873 καί
649 2809 778 2874 διολέσαι
798 2806 854 2891 τήν
876 2806 1012 2896 μάνδραν
1036 2811 1178 2894 ἐπιχειρεῖ.
1221 2804 1306 2872 Ἀλλιὶ
1325 2811 1493 2890 παρακαλοῦ

332 2908 506 2994 ἀπόστειλόν
520 2936 570 2993 μοι
587 2915 616 2976 τί
629 2906 669 2976 ἀν
683 2909 760 2996 πρός
774 2918 880 2978 τοῦτον
895 2911 1075 2996 ποιήσομαι,
1099 2910 1118 2994 ἢ
1131 2915 1230 2986 ποίοις
1246 2909 1343 2996 λόγοις
1359 2906 1492 2974 ἀντείποι

333 3020 369 3102 τῇ
386 3010 505 3078 2αύτοῦ
518 3017 776 3102 κακοδιδασιιαλέφ.
807 3016 869 3080 Καί
882 3017 909 3080 εί
922 3016 975 3098 μέν
988 3012 1078 3090 αύτδς
1090 3017 1240 3092 καταξιοῖς
1255 3012 1491 3098 παραγενέσθαι,

333 3115 496 3200 ἀμέριμνον
514 3115 669 3199 ποιήσειας
681 3115 736 3200 τὴν
752 3123 806 3183 τοῦ
824 3124 956 3203 Χριστοῦ
969 3116 1119 3202 μάνδραν,
1142 3120 1194 3182 καί
1208 3115 1245 3180 τολ
1261 3117 1422 3201 θρέμματα
1438 3113 1493 3178 αύ-

333 3223 396 3282 τοῦ.
438 3214 471 3280 ‘0
494 3218 526 3283 δέ
551 3215 715 3286 ἀπέστειλεν
737 3217 817 3309 αύτῷ
838 3219 894 3285 δύο
920 3218 1027 3306 λόγους
1049 3221 1082 3285 έν
1103 3223 1247 3308 προχείρῳ
1268 3217 1493 3299 καταλαβέσθαι

337 3318 410 3384 3τόν
431 3316 559 3404 Μύνην,
590 3325 769 3402 ἐκδέξασθαι
792 3324 824 3388 δέ
848 3321 903 3406 τὴν
926 3320 1019 3389 αύτοῦ
1042 3326 1207 3408 παρουσίαν
1231 3321 1311 3411 αύτῷ
1333 3316 1493 3402 ἐσήμανεν.

332 3421 366 3487 ‘0
378 3421 489 3506 Μύνης
501 3425 533 3488 δέ
548 3427 579 3490 έν
594 3433 629 3514 τῇ
643 3426 717 3515 μέση
731 3424 818 3514 κόμη
832 3433 983 3511 προῆλθεν
997 3423 1215 3511 όρθριαίτερον,
1232 3418 1493 3509 προςιιολούμενος

336 3523 453 3602 4αύτδς
468 3525 668 3608 συνεύξασθαι,
693 3535 949 3614 θπροςκαλιῖσθαι
970 3526 1023 3594 τόν
1043 3526 1194 3613 Τρύφαινα
1210 3528 1253 3605 είς
1267 3525 1371 3612 λόγους
1392 3523 1492 3608 ἥκειν.

368 3787 390 3842 7.
411 3790 484 3852 λἰιλρο
501 3791 615 3850 seriptum
631 3793 696 3838 ταλαί
713 3786 857 3848 διεναντίας.
927 3789 960 3837 ad
977 3791 1046 3838 λοστ.
1061 3785 1086 3838 ἳ.
1107 3793 1129 3838 τί
1151 3789 1234 3838 λαοοτ.
1256 3801 1308 3850 οομ.
1325 3784 1363 3837 12.
1389 3788 1415 3836 λιι
1440 3788 1491 3834 λοοο

366 3857 391 3910 8.
409 3849 592 3924 ἀναιτισηέτιος
614 3861 656 3906 ουι
678 3851 823 3925 ἀναισχυντλ
843 3871 893 3907 τοι·
926 3859 1030 3919 ραιιιλλο.

333 3928 393 3975 rexit
410 3927 542 3975 θοίολιευι
557 3927 572 3974 λ.
588 3927 603 3974 λ.
963 3923 1000 3973 12
1020 3925 1156 3985 διαμίιιλυτ
1170 3925 1255 3986 uliquis
1274 3918 1345 3975 τότε·
1371 3926 1398 3970 οε
1417 3923 1490 3971 etim

367 3992 392 4043 9.
410 3993 500 4060 δεσμῷ
517 3995 628 4043 ιιιιαδοιυ
649 3997 682 4043 ιιι
702 3993 816 4044 editorum
836 3995 893 4043 ται·-
925 4006 1000 4054 ιιιρτο
1015 3993 1079 4042 haer.
1094 3989 1144 4053 30,
1162 3991 1186 4041 5.
1211 3989 1234 4044 εί
1248 3986 1284 4056 μή
1301 3983 1340 4042 ῦτι
1354 3991 1489 4040 οοιιιιττλιοί

332 4067 412 4124 ptura.
924 4075 969 4122 μτο
987 4057 1010 4112 τί
1027 4057 1063 4126 μιὶ
1081 4061 1191 4121 pomum.

370 4131 409 4180 10.
426 4131 470 4180 Ηλο
483 4131 549 4192 apud
560 4132 641 4180 Ριιου.
655 4132 736 4193 incipit
750 4143 803 4192 τομ.
818 4131 892 4180 ιιιιδι-
962 4125 1001 4179 13.
1019 4123 1152 4196 καλχιίριον
1169 4131 1263 4189 αλιιρυι
1279 4127 1338 4176 libo·
1353 4129 1462 4188 νενόμικε.

335 4201 428 4246 cinnum.
962 4191 999 4246 14.
1025 4197 1153 4246 Diodorum
1175 4197 1279 4258 appeunt
1303 4197 1361 4244 Δοίο
1381 4195 1487 4245 λιιλελελ

371 4265 409 4314 11.
429 4267 490 4314 συντ
505 4279 534 4316 ιιι
549 4267 654 4329 οοιτλροι
671 4259 792 4328 ἀποδρὰς.
821 4267 891 4314 λίπει.
924 4279 949 4327 ρ.
964 4261 1005 4316 68.

334 4332 382 4391 54,
404 4335 422 4382 1.
446 4327 576 4396 ἀπέδραοτ
591 4335 641 4399 τῆς
661 4331 750 4385 ἑαυτοῦ
766 4331 891 4396 πατρίδος.
960 4331 1018 4381 Cn.
1035 4331 1082 4380 ΧΙ.
1102 4359 1132 4369 -
1178 4329 1200 4382 ί.
1225 4333 1321 4394 integra
1344 4335 1407 4380 ιτίολ
1428 4331 1486 4378 λοστ
1570 4353 1571 4383 ι

334 4400 374 4448 Sic
389 4401 460 4449 ιίλοοι
480 4397 596 4464 φύσαοαι
614 4416 659 4464 pro
681 4399 761 4468 φῦσαι
777 4403 803 4450 λιι
819 4401 893 4464 Epist.
925 4402 1024 4462 ιμλιίολο
1041 4401 1183 4464 Tryphonis,
1205 4401 1242 4450 ντί
1259 4399 1373 4462 Diodori,
1393 4398 1423 4447 οδ
1441 4401 1486 4449 ,λε-
