<?xml version="1.0" encoding="UTF-8"?>
<!DOCTYPE html PUBLIC "-//W3C//DTD XHTML 1.0 Transitional//EN"
    "http://www.w3.org/TR/xhtml1/DTD/xhtml1-transitional.dtd">
<html xmlns="http://www.w3.org/1999/xhtml" xml:lang="en" lang="en">
 <head>
  <title>
</title>
<meta http-equiv="Content-Type" content="text/html;charset=utf-8" />
  <meta name='ocr-system' content='tesseract 3.04.00' />
  <meta name='ocr-capabilities' content='ocr_page ocr_carea ocr_par ocr_line ocrx_word'/>
</head>
<body>
  <div class='ocr_page' id='page_1' title='image "./corporishaerese02oehlgoog_0356.png"; bbox 0 0 3176 4930; ppageno 0'>
   <div class='ocr_carea' id='block_1_1' title="bbox 382 195 1273 263">
    <p class='ocr_par' dir='ltr' id='par_1_1' title="bbox 382 195 1273 263">
     <span class='ocr_line' id='line_1_1' title="bbox 382 195 1273 263; baseline -0.006 0"><span class='ocrx_word' id='word_1_1' title='bbox 382 211 518 263; x_wconf 76' lang='lat' dir='ltr'><strong>rantum</strong></span> <span class='ocrx_word' id='word_1_2' title='bbox 537 209 600 262; x_wconf 87' lang='lat' dir='ltr'><strong>nvn.</strong></span> <span class='ocrx_word' id='word_1_3' title='bbox 614 211 647 262; x_wconf 89' lang='lat' dir='ltr'><strong>n.</strong></span> <span class='ocrx_word' id='word_1_4' title='bbox 662 209 746 263; x_wconf 84' lang='lat' dir='ltr'><strong>nom.</strong></span> <span class='ocrx_word' id='word_1_5' title='bbox 759 211 778 261; x_wconf 90' lang='grc' dir='ltr'><strong>ι.</strong></span> <span class='ocrx_word' id='word_1_6' title='bbox 796 209 894 262; x_wconf 79' lang='lat' dir='ltr'><strong>unna.</strong></span> <span class='ocrx_word' id='word_1_7' title='bbox 907 209 999 262; x_wconf 79' lang='lat' dir='ltr'><strong>nxtv.</strong></span> <span class='ocrx_word' id='word_1_8' title='bbox 1211 195 1273 259; x_wconf 82' lang='lat'><strong>335</strong></span> 
     </span>
    </p>
   </div>
   <div class='ocr_carea' id='block_1_2' title="bbox 113 323 1429 4410">
    <p class='ocr_par' dir='ltr' id='par_1_2' title="bbox 113 323 1272 412">
     <span class='ocr_line' id='line_1_2' title="bbox 113 323 1272 412; baseline -0.001 -20"><span class='ocrx_word' id='word_1_9' title='bbox 113 351 173 392; x_wconf 82' lang='lat' dir='ltr'><strong>aea</strong></span> <span class='ocrx_word' id='word_1_10' title='bbox 188 351 329 404; x_wconf 84' lang='lat' dir='ltr'><strong>nocerem,</strong></span> <span class='ocrx_word' id='word_1_11' title='bbox 354 336 414 392; x_wconf 73' lang='grc' dir='ltr'><strong>πίει·</strong></span> <span class='ocrx_word' id='word_1_12' title='bbox 427 335 475 392; x_wconf 79' lang='lat' dir='ltr'><strong>lec</strong></span> <span class='ocrx_word' id='word_1_13' title='bbox 491 335 620 404; x_wconf 62' lang='lat' dir='ltr'><strong>deceased,</strong></span> <span class='ocrx_word' id='word_1_14' title='bbox 645 335 710 394; x_wconf 84' lang='lat' dir='ltr'><strong>Non</strong></span> <span class='ocrx_word' id='word_1_15' title='bbox 728 336 916 412; x_wconf 74' lang='lat' dir='ltr'><strong>concupesces.</strong></span> <span class='ocrx_word' id='word_1_16' title='bbox 964 323 1039 394; x_wconf 85' lang='lat' dir='ltr'><strong>Cum</strong></span> <span class='ocrx_word' id='word_1_17' title='bbox 1057 328 1134 392; x_wconf 83' lang='lat' dir='ltr'><strong>enirn</strong></span> <span class='ocrx_word' id='word_1_18' title='bbox 1153 328 1272 392; x_wconf 86' lang='lat' dir='ltr'><strong>mauda-</strong></span> 
     </span>
    </p>

    <p class='ocr_par' dir='ltr' id='par_1_3' title="bbox 115 433 1412 617">
     <span class='ocr_line' id='line_1_3' title="bbox 116 433 1412 517; baseline 0 -23"><span class='ocrx_word' id='word_1_19' title='bbox 116 443 179 496; x_wconf 89' lang='lat' dir='ltr'><strong>tom</strong></span> <span class='ocrx_word' id='word_1_20' title='bbox 203 433 272 496; x_wconf 95' lang='lat' dir='ltr'><strong>illnd</strong></span> <span class='ocrx_word' id='word_1_21' title='bbox 296 434 498 517; x_wconf 74' lang='lat' dir='ltr'><strong>accepissent,</strong></span> <span class='ocrx_word' id='word_1_22' title='bbox 528 439 576 494; x_wconf 79' lang='lat' dir='ltr'><strong>Ee</strong></span> <span class='ocrx_word' id='word_1_23' title='bbox 599 437 702 494; x_wconf 78' lang='lat' dir='ltr'><strong>arbore</strong></span> <span class='ocrx_word' id='word_1_24' title='bbox 721 447 813 496; x_wconf 74' lang='lat' dir='ltr'><strong>mutem</strong></span> <span class='ocrx_word' id='word_1_25' title='bbox 835 437 970 495; x_wconf 74' lang='lat' dir='ltr'><strong>serendae</strong></span> <span class='ocrx_word' id='word_1_26' title='bbox 994 435 1064 494; x_wconf 81' lang='lat' dir='ltr'><strong>doaa&#39;</strong></span> <span class='ocrx_word' id='word_1_27' title='bbox 1081 445 1109 493; x_wconf 88' lang='lat' dir='ltr'><strong>et</strong></span> <span class='ocrx_word' id='word_1_28' title='bbox 1130 436 1201 493; x_wconf 79' lang='lat' dir='ltr'><strong>muli</strong></span> <span class='ocrx_word' id='word_1_29' title='bbox 1218 453 1274 493; x_wconf 84' lang='lat' dir='ltr'><strong>noa</strong></span> <span class='ocrx_word' id='word_1_30' title='bbox 1287 451 1412 506; x_wconf 65' lang='lat' dir='ltr'><strong>canera.</strong></span> 
     </span>
     <span class='ocr_line' id='line_1_4' title="bbox 115 535 1278 617; baseline -0.002 -21"><span class='ocrx_word' id='word_1_31' title='bbox 115 539 284 598; x_wconf 69' lang='lat' dir='ltr'><strong>comederas.-</strong></span> <span class='ocrx_word' id='word_1_32' title='bbox 308 557 482 617; x_wconf 85' lang='lat' dir='ltr'><strong>quacumque</strong></span> <span class='ocrx_word' id='word_1_33' title='bbox 498 547 590 598; x_wconf 87' lang='lat' dir='ltr'><strong>eutem</strong></span> <span class='ocrx_word' id='word_1_34' title='bbox 611 535 826 598; x_wconf 60' lang='lat' dir='ltr'><strong>dt’e&#39;comcdcta&#39;a</strong></span> <span class='ocrx_word' id='word_1_35' title='bbox 849 558 886 598; x_wconf 79' lang='lat' dir='ltr'><strong>em</strong></span> <span class='ocrx_word' id='word_1_36' title='bbox 905 538 973 608; x_wconf 76' lang='lat' dir='ltr'><strong>ille,</strong></span> <span class='ocrx_word' id='word_1_37' title='bbox 998 546 1087 595; x_wconf 85' lang='lat' dir='ltr'><strong>morte</strong></span> <span class='ocrx_word' id='word_1_38' title='bbox 1105 539 1278 606; x_wconf 64' lang='lat' dir='ltr'><strong>moriemur,</strong></span> 
     </span>
    </p>

    <p class='ocr_par' dir='ltr' id='par_1_4' title="bbox 116 633 1275 826">
     <span class='ocr_line' id='line_1_5' title="bbox 116 633 1275 722; baseline -0.001 -22"><span class='ocrx_word' id='word_1_39' title='bbox 116 651 177 701; x_wconf 91' lang='lat' dir='ltr'><strong>tum</strong></span> <span class='ocrx_word' id='word_1_40' title='bbox 200 638 315 702; x_wconf 89' lang='lat' dir='ltr'><strong>demum</strong></span> <span class='ocrx_word' id='word_1_41' title='bbox 341 637 528 722; x_wconf 74' lang='lat' dir='ltr'>cupiditatem</span> <span class='ocrx_word' id='word_1_42' title='bbox 551 639 649 702; x_wconf 88' lang='lat' dir='ltr'><strong>animo</strong></span> <span class='ocrx_word' id='word_1_43' title='bbox 673 638 819 722; x_wconf 74' lang='lat' dir='ltr'><strong>concepit.</strong></span> <span class='ocrx_word' id='word_1_44' title='bbox 864 635 935 700; x_wconf 89' lang='lat' dir='ltr'><strong>Nou</strong></span> <span class='ocrx_word' id='word_1_45' title='bbox 957 637 1033 700; x_wconf 90' lang='lat' dir='ltr'><strong>enim</strong></span> <span class='ocrx_word' id='word_1_46' title='bbox 1049 656 1131 720; x_wconf 61' lang='lat' dir='ltr'><strong>‘quae</strong></span> <span class='ocrx_word' id='word_1_47' title='bbox 1154 633 1275 719; x_wconf 89' lang='lat' dir='ltr'><strong>cupidus</strong></span> 
     </span>
     <span class='ocr_line' id='line_1_6' title="bbox 116 738 1275 826; baseline -0.002 -24"><span class='ocrx_word' id='word_1_48' title='bbox 116 741 240 824; x_wconf 90' lang='lat' dir='ltr'><strong>quisque</strong></span> <span class='ocrx_word' id='word_1_49' title='bbox 258 742 288 804; x_wconf 89' lang='lat' dir='ltr'><strong>in</strong></span> <span class='ocrx_word' id='word_1_50' title='bbox 306 751 451 826; x_wconf 73' lang='lat' dir='ltr'><strong>potestate</strong></span> <span class='ocrx_word' id='word_1_51' title='bbox 469 740 556 804; x_wconf 87' lang='lat' dir='ltr'><strong>habet</strong></span> <span class='ocrx_word' id='word_1_52' title='bbox 573 751 603 804; x_wconf 92' lang='lat' dir='ltr'><strong>et</strong></span> <span class='ocrx_word' id='word_1_53' title='bbox 617 741 746 818; x_wconf 88' lang='lat' dir='ltr'><strong>obtinet,</strong></span> <span class='ocrx_word' id='word_1_54' title='bbox 770 741 865 824; x_wconf 89' lang='lat' dir='ltr'><strong>iisqne</strong></span> <span class='ocrx_word' id='word_1_55' title='bbox 884 739 926 802; x_wconf 91' lang='lat' dir='ltr'><strong>uti</strong></span> <span class='ocrx_word' id='word_1_56' title='bbox 948 748 1062 823; x_wconf 90' lang='lat' dir='ltr'><strong>potest,</strong></span> <span class='ocrx_word' id='word_1_57' title='bbox 1086 758 1121 800; x_wconf 87' lang='lat' dir='ltr'><strong>ea</strong></span> <span class='ocrx_word' id='word_1_58' title='bbox 1138 738 1275 822; x_wconf 89' lang='lat' dir='ltr'><strong>concupi-</strong></span> 
     </span>
    </p>

    <p class='ocr_par' dir='ltr' id='par_1_5' title="bbox 114 841 1275 927">
     <span class='ocr_line' id='line_1_7' title="bbox 114 841 1275 927; baseline -0.003 -22"><span class='ocrx_word' id='word_1_59' title='bbox 114 843 189 922; x_wconf 90' lang='lat' dir='ltr'><strong>scit,</strong></span> <span class='ocrx_word' id='word_1_60' title='bbox 213 843 266 906; x_wconf 91' lang='lat' dir='ltr'><strong>sed</strong></span> <span class='ocrx_word' id='word_1_61' title='bbox 281 864 300 906; x_wconf 89' lang='lat' dir='ltr'><strong>a</strong></span> <span class='ocrx_word' id='word_1_62' title='bbox 317 843 421 927; x_wconf 89' lang='lat' dir='ltr'><strong>quibus</strong></span> <span class='ocrx_word' id='word_1_63' title='bbox 440 843 626 927; x_wconf 81' lang='lat' dir='ltr'><strong>prohibetur,</strong></span> <span class='ocrx_word' id='word_1_64' title='bbox 652 843 813 926; x_wconf 83' lang='lat' dir='ltr'><strong>quibusque</strong></span> <span class='ocrx_word' id='word_1_65' title='bbox 828 843 976 926; x_wconf 87' lang='lat' dir='ltr'><strong>privator,</strong></span> <span class='ocrx_word' id='word_1_66' title='bbox 1001 852 1032 904; x_wconf 91' lang='lat' dir='ltr'><strong>ut</strong></span> <span class='ocrx_word' id='word_1_67' title='bbox 1053 862 1087 904; x_wconf 90' lang='lat' dir='ltr'><strong>ea</strong></span> <span class='ocrx_word' id='word_1_68' title='bbox 1107 863 1165 903; x_wconf 93' lang='lat' dir='ltr'><strong>noo</strong></span> <span class='ocrx_word' id='word_1_69' title='bbox 1182 841 1275 924; x_wconf 88' lang='lat' dir='ltr'><strong>possi·</strong></span> 
     </span>
    </p>

    <p class='ocr_par' dir='ltr' id='par_1_6' title="bbox 114 942 1278 1029">
     <span class='ocr_line' id='line_1_8' title="bbox 114 942 1278 1029; baseline -0.003 -21"><span class='ocrx_word' id='word_1_70' title='bbox 114 945 196 1008; x_wconf 91' lang='lat' dir='ltr'><strong>deat.</strong></span> <span class='ocrx_word' id='word_1_71' title='bbox 243 942 402 1010; x_wconf 77' lang='lat' dir='ltr'><strong>Praeclare</strong></span> <span class='ocrx_word' id='word_1_72' title='bbox 424 967 496 1029; x_wconf 85' lang='lat' dir='ltr'><strong>ergo</strong></span> <span class='ocrx_word' id='word_1_73' title='bbox 515 945 621 1008; x_wconf 91' lang='lat' dir='ltr'><strong>dictum</strong></span> <span class='ocrx_word' id='word_1_74' title='bbox 640 957 703 1025; x_wconf 90' lang='lat' dir='ltr'><strong>est,</strong></span> <span class='ocrx_word' id='word_1_75' title='bbox 729 949 987 1026; x_wconf 78' lang='lat' dir='ltr'><strong>Concupisccatrtzm</strong></span> <span class='ocrx_word' id='word_1_76' title='bbox 1006 966 1062 1006; x_wconf 85' lang='lat' dir='ltr'><strong>non</strong></span> <span class='ocrx_word' id='word_1_77' title='bbox 1079 965 1194 1017; x_wconf 85' lang='lat' dir='ltr'><strong>norom,</strong></span> <span class='ocrx_word' id='word_1_78' title='bbox 1219 947 1278 1004; x_wconf 71' lang='lat' dir='ltr'><strong>msa·</strong></span> 
     </span>
    </p>

    <p class='ocr_par' dir='ltr' id='par_1_7' title="bbox 115 1043 1274 1129">
     <span class='ocr_line' id='line_1_9' title="bbox 115 1043 1274 1129; baseline 0.001 -22"><span class='ocrx_word' id='word_1_79' title='bbox 115 1051 166 1109; x_wconf 75' lang='lat' dir='ltr'><strong>lec</strong></span> <span class='ocrx_word' id='word_1_80' title='bbox 182 1052 316 1122; x_wconf 58' lang='lat' dir='ltr'><strong>decresset,</strong></span> <span class='ocrx_word' id='word_1_81' title='bbox 341 1050 407 1110; x_wconf 83' lang='lat' dir='ltr'><strong>Non</strong></span> <span class='ocrx_word' id='word_1_82' title='bbox 424 1055 613 1129; x_wconf 74' lang='lat' dir='ltr'><strong>concupisces,</strong></span> <span class='ocrx_word' id='word_1_83' title='bbox 640 1047 695 1112; x_wconf 86' lang='lat' dir='ltr'><strong>hoc</strong></span> <span class='ocrx_word' id='word_1_84' title='bbox 712 1059 769 1126; x_wconf 91' lang='lat' dir='ltr'><strong>est,</strong></span> <span class='ocrx_word' id='word_1_85' title='bbox 793 1051 858 1110; x_wconf 82' lang='lat' dir='ltr'><strong>Non</strong></span> <span class='ocrx_word' id='word_1_86' title='bbox 874 1050 1023 1108; x_wconf 80' lang='lat' dir='ltr'><strong>comedetis</strong></span> <span class='ocrx_word' id='word_1_87' title='bbox 1038 1049 1149 1108; x_wconf 77' lang='lat' dir='ltr'><strong>acillo.</strong></span> <span class='ocrx_word' id='word_1_88' title='bbox 1198 1043 1274 1108; x_wconf 83' lang='lat' dir='ltr'><strong>Hinc</strong></span> 
     </span>
    </p>

    <p class='ocr_par' dir='ltr' id='par_1_8' title="bbox 114 1149 1274 1338">
     <span class='ocr_line' id='line_1_10' title="bbox 115 1149 1274 1235; baseline -0.002 -23"><span class='ocrx_word' id='word_1_89' title='bbox 115 1151 196 1212; x_wconf 89' lang='lat' dir='ltr'><strong>euim</strong></span> <span class='ocrx_word' id='word_1_90' title='bbox 213 1149 310 1214; x_wconf 83' lang='lat' dir='ltr'><strong>locunt</strong></span> <span class='ocrx_word' id='word_1_91' title='bbox 328 1151 589 1235; x_wconf 79' lang='lat' dir='ltr'><strong>occasionemque,</strong></span> <span class='ocrx_word' id='word_1_92' title='bbox 615 1161 646 1214; x_wconf 91' lang='lat' dir='ltr'><strong>ut</strong></span> <span class='ocrx_word' id='word_1_93' title='bbox 662 1152 697 1213; x_wconf 90' lang='lat' dir='ltr'><strong>ad</strong></span> <span class='ocrx_word' id='word_1_94' title='bbox 715 1171 761 1214; x_wconf 90' lang='lat' dir='ltr'><strong>me</strong></span> <span class='ocrx_word' id='word_1_95' title='bbox 778 1149 955 1214; x_wconf 90' lang='lat' dir='ltr'><strong>illudendum</strong></span> <span class='ocrx_word' id='word_1_96' title='bbox 974 1161 1061 1232; x_wconf 88' lang='lat' dir='ltr'><strong>atque</strong></span> <span class='ocrx_word' id='word_1_97' title='bbox 1083 1150 1274 1212; x_wconf 89' lang='lat' dir='ltr'><strong>avertendum</strong></span> 
     </span>
     <span class='ocr_line' id='line_1_11' title="bbox 114 1253 613 1338; baseline 0.002 -24"><span class='ocrx_word' id='word_1_98' title='bbox 114 1253 291 1330; x_wconf 79' lang='lat' dir='ltr'><strong>accederet,</strong></span> <span class='ocrx_word' id='word_1_99' title='bbox 315 1264 465 1337; x_wconf 89' lang='lat' dir='ltr'><strong>peccatum</strong></span> <span class='ocrx_word' id='word_1_100' title='bbox 489 1253 613 1338; x_wconf 88' lang='lat' dir='ltr'><strong>aceepit.</strong></span> 
     </span>
    </p>

    <p class='ocr_par' dir='ltr' id='par_1_9' title="bbox 113 1352 1429 4410">
     <span class='ocr_line' id='line_1_12' title="bbox 203 1352 1428 1439; baseline -0.002 -21"><span class='ocrx_word' id='word_1_101' title='bbox 203 1353 321 1418; x_wconf 83' lang='lat' dir='ltr'><strong>Etenim</strong></span> <span class='ocrx_word' id='word_1_102' title='bbox 341 1357 479 1420; x_wconf 86' lang='lat' dir='ltr'><strong>mandato</strong></span> <span class='ocrx_word' id='word_1_103' title='bbox 495 1357 587 1419; x_wconf 88' lang='lat' dir='ltr'><strong>semel</strong></span> <span class='ocrx_word' id='word_1_104' title='bbox 605 1355 701 1432; x_wconf 87' lang='lat' dir='ltr'><strong>edito,</strong></span> <span class='ocrx_word' id='word_1_105' title='bbox 727 1353 912 1418; x_wconf 88' lang='lat' dir='ltr'><strong>occasionem</strong></span> <span class='ocrx_word' id='word_1_106' title='bbox 937 1355 1005 1418; x_wconf 89' lang='lat' dir='ltr'><strong>inde</strong></span> <span class='ocrx_word' id='word_1_107' title='bbox 1029 1354 1223 1439; x_wconf 81' lang='lat' dir='ltr'><strong>perficiendae</strong></span> <span class='ocrx_word' id='word_1_108' title='bbox 1245 1352 1275 1415; x_wconf 93' lang='lat' dir='ltr'><strong>in</strong></span> <span class='ocrx_word' id='word_1_109' title='bbox 1295 1365 1354 1432; x_wconf 79' lang='lat' dir='ltr'><strong>cap.</strong></span> <span class='ocrx_word' id='word_1_110' title='bbox 1367 1366 1428 1415; x_wconf 82' lang='lat' dir='ltr'><strong>cvr.</strong></span> 
     </span>
     <span class='ocr_line' id='line_1_13' title="bbox 114 1455 1275 1541; baseline -0.002 -21"><span class='ocrx_word' id='word_1_111' title='bbox 114 1477 163 1520; x_wconf 88' lang='lat' dir='ltr'><strong>mc</strong></span> <span class='ocrx_word' id='word_1_112' title='bbox 182 1458 440 1541; x_wconf 89' lang='lat' dir='ltr'><strong>concupiscentiae</strong></span> <span class='ocrx_word' id='word_1_113' title='bbox 461 1458 594 1522; x_wconf 87' lang='lat' dir='ltr'><strong>diabulus</strong></span> <span class='ocrx_word' id='word_1_114' title='bbox 617 1470 665 1522; x_wconf 84' lang='lat' dir='ltr'><strong>eat</strong></span> <span class='ocrx_word' id='word_1_115' title='bbox 686 1470 807 1535; x_wconf 89' lang='lat' dir='ltr'><strong>nactus,</strong></span> <span class='ocrx_word' id='word_1_116' title='bbox 832 1477 896 1520; x_wconf 92' lang='lat' dir='ltr'><strong>cum</strong></span> <span class='ocrx_word' id='word_1_117' title='bbox 921 1477 967 1520; x_wconf 90' lang='lat' dir='ltr'><strong>me</strong></span> <span class='ocrx_word' id='word_1_118' title='bbox 988 1455 1130 1540; x_wconf 85' lang='lat' dir='ltr'><strong>singulari</strong></span> <span class='ocrx_word' id='word_1_119' title='bbox 1154 1455 1275 1539; x_wconf 91' lang='lat' dir='ltr'><strong>quadam</strong></span> 
     </span>
     <span class='ocr_line' id='line_1_14' title="bbox 113 1557 1277 1646; baseline -0.002 -24"><span class='ocrx_word' id='word_1_120' title='bbox 113 1559 275 1624; x_wconf 88' lang='lat' dir='ltr'><strong>calliditate</strong></span> <span class='ocrx_word' id='word_1_121' title='bbox 299 1561 327 1624; x_wconf 92' lang='lat' dir='ltr'><strong>in</strong></span> <span class='ocrx_word' id='word_1_122' title='bbox 355 1581 456 1623; x_wconf 91' lang='lat' dir='ltr'><strong>eorum</strong></span> <span class='ocrx_word' id='word_1_123' title='bbox 483 1581 558 1644; x_wconf 89' lang='lat' dir='ltr'><strong>quae</strong></span> <span class='ocrx_word' id='word_1_124' title='bbox 580 1562 672 1624; x_wconf 89' lang='lat' dir='ltr'><strong>vetito</strong></span> <span class='ocrx_word' id='word_1_125' title='bbox 699 1570 769 1624; x_wconf 92' lang='lat' dir='ltr'><strong>sunt</strong></span> <span class='ocrx_word' id='word_1_126' title='bbox 793 1558 1060 1646; x_wconf 85' lang='lat' dir='ltr'><strong>concupiscentiam</strong></span> <span class='ocrx_word' id='word_1_127' title='bbox 1084 1557 1200 1622; x_wconf 86' lang='lat' dir='ltr'><strong>hortatu</strong></span> <span class='ocrx_word' id='word_1_128' title='bbox 1222 1579 1277 1622; x_wconf 86' lang='lat' dir='ltr'><strong>suo</strong></span> 
     </span>
     <span class='ocr_line' id='line_1_15' title="bbox 115 1657 1277 1746; baseline -0.001 -22"><span class='ocrx_word' id='word_1_129' title='bbox 115 1663 321 1746; x_wconf 82' lang='lat' dir='ltr'><strong>compulisset.</strong></span> <span class='ocrx_word' id='word_1_130' title='bbox 373 1661 451 1726; x_wconf 88' lang='lat' dir='ltr'><strong>Nam</strong></span> <span class='ocrx_word' id='word_1_131' title='bbox 475 1665 580 1744; x_wconf 78' lang='lat' dir='ltr'><strong>adaque</strong></span> <span class='ocrx_word' id='word_1_132' title='bbox 603 1666 666 1743; x_wconf 85' lang='lat' dir='ltr'><strong>lage</strong></span> <span class='ocrx_word' id='word_1_133' title='bbox 687 1674 833 1743; x_wconf 82' lang='lat' dir='ltr'><strong>peccatum</strong></span> <span class='ocrx_word' id='word_1_134' title='bbox 855 1674 993 1723; x_wconf 82' lang='lat' dir='ltr'><strong>mortuum</strong></span> <span class='ocrx_word' id='word_1_135' title='bbox 1018 1673 1070 1722; x_wconf 80' lang='lat' dir='ltr'><strong>est.</strong></span> <span class='ocrx_word' id='word_1_136' title='bbox 1118 1657 1202 1740; x_wconf 80' lang='lat' dir='ltr'><strong>Quae</strong></span> <span class='ocrx_word' id='word_1_137' title='bbox 1226 1661 1277 1724; x_wconf 80' lang='lat' dir='ltr'><strong>lex</strong></span> 
     </span>
     <span class='ocr_line' id='line_1_16' title="bbox 115 1762 1276 1846; baseline -0.002 -19"><span class='ocrx_word' id='word_1_138' title='bbox 115 1763 175 1827; x_wconf 91' lang='lat' dir='ltr'><strong>nisi</strong></span> <span class='ocrx_word' id='word_1_139' title='bbox 200 1765 267 1830; x_wconf 90' lang='lat' dir='ltr'><strong>data</strong></span> <span class='ocrx_word' id='word_1_140' title='bbox 289 1767 385 1843; x_wconf 81' lang='lat' dir='ltr'><strong>toret,</strong></span> <span class='ocrx_word' id='word_1_141' title='bbox 409 1787 444 1828; x_wconf 89' lang='lat' dir='ltr'><strong>ac</strong></span> <span class='ocrx_word' id='word_1_142' title='bbox 464 1766 635 1828; x_wconf 88' lang='lat' dir='ltr'><strong>sinendum</strong></span> <span class='ocrx_word' id='word_1_143' title='bbox 659 1766 821 1842; x_wconf 80' lang='lat' dir='ltr'><strong>existeret,</strong></span> <span class='ocrx_word' id='word_1_144' title='bbox 852 1765 966 1828; x_wconf 90' lang='lat' dir='ltr'><strong>irritum</strong></span> <span class='ocrx_word' id='word_1_145' title='bbox 988 1773 1071 1826; x_wconf 85' lang='lat' dir='ltr'><strong>esset</strong></span> <span class='ocrx_word' id='word_1_146' title='bbox 1092 1762 1276 1846; x_wconf 88' lang='lat' dir='ltr'><strong>otiosumque</strong></span> 
     </span>
     <span class='ocr_line' id='line_1_17' title="bbox 114 1865 1276 1952; baseline -0.002 -22"><span class='ocrx_word' id='word_1_147' title='bbox 114 1877 281 1951; x_wconf 90' lang='lat' dir='ltr'><strong>peccatum.</strong></span> <span class='ocrx_word' id='word_1_148' title='bbox 328 1865 393 1952; x_wconf 84' lang='lat' dir='ltr'><strong>Ego</strong></span> <span class='ocrx_word' id='word_1_149' title='bbox 411 1889 484 1930; x_wconf 90' lang='lat' dir='ltr'><strong>vero</strong></span> <span class='ocrx_word' id='word_1_150' title='bbox 506 1878 573 1930; x_wconf 89' lang='lat' dir='ltr'><strong>onte</strong></span> <span class='ocrx_word' id='word_1_151' title='bbox 592 1869 686 1950; x_wconf 90' lang='lat' dir='ltr'><strong>legem</strong></span> <span class='ocrx_word' id='word_1_152' title='bbox 704 1865 770 1930; x_wconf 90' lang='lat' dir='ltr'><strong>sine</strong></span> <span class='ocrx_word' id='word_1_153' title='bbox 786 1866 1016 1951; x_wconf 88' lang='lat' dir='ltr'><strong>reprehensione</strong></span> <span class='ocrx_word' id='word_1_154' title='bbox 1034 1865 1188 1944; x_wconf 84' lang='lat' dir='ltr'><strong>vivebam,</strong></span> <span class='ocrx_word' id='word_1_155' title='bbox 1211 1887 1276 1928; x_wconf 91' lang='lat' dir='ltr'><strong>cum</strong></span> 
     </span>
     <span class='ocr_line' id='line_1_18' title="bbox 115 1968 1278 2055; baseline -0.003 -23"><span class='ocrx_word' id='word_1_156' title='bbox 115 1969 198 2032; x_wconf 91' lang='lat' dir='ltr'><strong>nulla</strong></span> <span class='ocrx_word' id='word_1_157' title='bbox 215 1971 284 2032; x_wconf 85' lang='lat' dir='ltr'><strong>milri</strong></span> <span class='ocrx_word' id='word_1_158' title='bbox 308 1981 389 2034; x_wconf 87' lang='lat' dir='ltr'><strong>esset</strong></span> <span class='ocrx_word' id='word_1_159' title='bbox 405 1970 521 2034; x_wconf 87' lang='lat' dir='ltr'><strong>sanctio</strong></span> <span class='ocrx_word' id='word_1_160' title='bbox 539 1991 574 2033; x_wconf 93' lang='lat' dir='ltr'><strong>ac</strong></span> <span class='ocrx_word' id='word_1_161' title='bbox 599 1970 699 2053; x_wconf 89' lang='lat' dir='ltr'><strong>regula</strong></span> <span class='ocrx_word' id='word_1_162' title='bbox 725 1970 920 2055; x_wconf 86' lang='lat' dir='ltr'><strong>praescripta,</strong></span> <span class='ocrx_word' id='word_1_163' title='bbox 945 1969 982 2032; x_wconf 89' lang='lat' dir='ltr'><strong>ad</strong></span> <span class='ocrx_word' id='word_1_164' title='bbox 1004 1989 1092 2052; x_wconf 91' lang='lat' dir='ltr'><strong>quam</strong></span> <span class='ocrx_word' id='word_1_165' title='bbox 1113 1968 1278 2052; x_wconf 87' lang='lat' dir='ltr'><strong>comparari</strong></span> 
     </span>
     <span class='ocr_line' id='line_1_19' title="bbox 115 2063 1277 2157; baseline -0.003 -21"><span class='ocrx_word' id='word_1_166' title='bbox 115 2071 209 2136; x_wconf 88' lang='lat' dir='ltr'><strong>vitam</strong></span> <span class='ocrx_word' id='word_1_167' title='bbox 227 2083 395 2157; x_wconf 88' lang='lat' dir='ltr'><strong>oporteret,</strong></span> <span class='ocrx_word' id='word_1_168' title='bbox 420 2073 553 2154; x_wconf 83' lang='lat' dir='ltr'><strong>aquosi</strong></span> <span class='ocrx_word' id='word_1_169' title='bbox 573 2072 760 2150; x_wconf 81' lang='lat' dir='ltr'><strong>exciderem,</strong></span> <span class='ocrx_word' id='word_1_170' title='bbox 785 2082 937 2157; x_wconf 90' lang='lat' dir='ltr'><strong>peecatum</strong></span> <span class='ocrx_word' id='word_1_171' title='bbox 956 2072 1181 2134; x_wconf 87' lang='lat' dir='ltr'><strong>committerem.</strong></span> <span class='ocrx_word' id='word_1_172' title='bbox 1228 2063 1277 2135; x_wconf 88' lang='lat' dir='ltr'><strong>Si·</strong></span> 
     </span>
     <span class='ocr_line' id='line_1_20' title="bbox 113 2173 1278 2259; baseline 0 -21"><span class='ocrx_word' id='word_1_173' title='bbox 113 2173 267 2258; x_wconf 91' lang='lat' dir='ltr'><strong>mulatque</strong></span> <span class='ocrx_word' id='word_1_174' title='bbox 288 2195 362 2238; x_wconf 90' lang='lat' dir='ltr'><strong>vern</strong></span> <span class='ocrx_word' id='word_1_175' title='bbox 382 2175 548 2237; x_wconf 89' lang='lat' dir='ltr'><strong>mandatum</strong></span> <span class='ocrx_word' id='word_1_176' title='bbox 571 2175 714 2253; x_wconf 86' lang='lat' dir='ltr'><strong>accessit,</strong></span> <span class='ocrx_word' id='word_1_177' title='bbox 740 2185 889 2259; x_wconf 89' lang='lat' dir='ltr'><strong>peccatum</strong></span> <span class='ocrx_word' id='word_1_178' title='bbox 913 2175 1041 2255; x_wconf 85' lang='lat' dir='ltr'><strong>revixit,</strong></span> <span class='ocrx_word' id='word_1_179' title='bbox 1066 2195 1122 2258; x_wconf 88' lang='lat' dir='ltr'><strong>ego</strong></span> <span class='ocrx_word' id='word_1_180' title='bbox 1145 2185 1278 2238; x_wconf 82' lang='lat' dir='ltr'><strong>tucrtuus</strong></span> 
     </span>
     <span class='ocr_line' id='line_1_21' title="bbox 115 2273 1276 2360; baseline -0.002 -20"><span class='ocrx_word' id='word_1_181' title='bbox 115 2297 196 2340; x_wconf 82' lang='lat' dir='ltr'><strong>snm.</strong></span> <span class='ocrx_word' id='word_1_182' title='bbox 241 2273 286 2339; x_wconf 92' lang='lat' dir='ltr'><strong>lta</strong></span> <span class='ocrx_word' id='word_1_183' title='bbox 310 2277 362 2340; x_wconf 85' lang='lat' dir='ltr'><strong>lex</strong></span> <span class='ocrx_word' id='word_1_184' title='bbox 380 2277 448 2352; x_wconf 90' lang='lat' dir='ltr'><strong>illa,</strong></span> <span class='ocrx_word' id='word_1_185' title='bbox 472 2297 548 2360; x_wconf 90' lang='lat' dir='ltr'><strong>quae</strong></span> <span class='ocrx_word' id='word_1_186' title='bbox 565 2277 602 2339; x_wconf 92' lang='lat' dir='ltr'><strong>ad</strong></span> <span class='ocrx_word' id='word_1_187' title='bbox 622 2275 710 2340; x_wconf 90' lang='lat' dir='ltr'><strong>vitam</strong></span> <span class='ocrx_word' id='word_1_188' title='bbox 729 2279 792 2340; x_wconf 89' lang='lat' dir='ltr'><strong>data</strong></span> <span class='ocrx_word' id='word_1_189' title='bbox 813 2279 922 2354; x_wconf 87' lang='lat' dir='ltr'><strong>luerat,</strong></span> <span class='ocrx_word' id='word_1_190' title='bbox 947 2277 1067 2340; x_wconf 90' lang='lat' dir='ltr'><strong>inventa</strong></span> <span class='ocrx_word' id='word_1_191' title='bbox 1087 2277 1156 2339; x_wconf 85' lang='lat' dir='ltr'><strong>milri</strong></span> <span class='ocrx_word' id='word_1_192' title='bbox 1180 2287 1226 2338; x_wconf 90' lang='lat' dir='ltr'><strong>est</strong></span> <span class='ocrx_word' id='word_1_193' title='bbox 1247 2275 1276 2338; x_wconf 89' lang='lat' dir='ltr'><strong>in</strong></span> 
     </span>
     <span class='ocr_line' id='line_1_22' title="bbox 115 2376 1278 2465; baseline -0.002 -23"><span class='ocrx_word' id='word_1_194' title='bbox 115 2389 260 2442; x_wconf 82' lang='lat' dir='ltr'><strong>mortem:</strong></span> <span class='ocrx_word' id='word_1_195' title='bbox 287 2376 421 2462; x_wconf 90' lang='lat' dir='ltr'><strong>quoniam</strong></span> <span class='ocrx_word' id='word_1_196' title='bbox 441 2377 489 2442; x_wconf 87' lang='lat' dir='ltr'><strong>ubi</strong></span> <span class='ocrx_word' id='word_1_197' title='bbox 514 2380 586 2442; x_wconf 91' lang='lat' dir='ltr'><strong>deus</strong></span> <span class='ocrx_word' id='word_1_198' title='bbox 610 2379 705 2464; x_wconf 88' lang='lat' dir='ltr'><strong>legem</strong></span> <span class='ocrx_word' id='word_1_199' title='bbox 728 2380 881 2465; x_wconf 89' lang='lat' dir='ltr'><strong>imposuit,</strong></span> <span class='ocrx_word' id='word_1_200' title='bbox 914 2401 949 2443; x_wconf 89' lang='lat' dir='ltr'><strong>ac</strong></span> <span class='ocrx_word' id='word_1_201' title='bbox 971 2379 1038 2464; x_wconf 91' lang='lat' dir='ltr'><strong>quid</strong></span> <span class='ocrx_word' id='word_1_202' title='bbox 1060 2379 1203 2462; x_wconf 88' lang='lat' dir='ltr'><strong>agendum</strong></span> <span class='ocrx_word' id='word_1_203' title='bbox 1227 2387 1278 2442; x_wconf 90' lang='lat' dir='ltr'><strong>aut</strong></span> 
     </span>
     <span class='ocr_line' id='line_1_23' title="bbox 117 2480 1278 2566; baseline -0.001 -22"><span class='ocrx_word' id='word_1_204' title='bbox 117 2503 179 2544; x_wconf 90' lang='lat' dir='ltr'><strong>non</strong></span> <span class='ocrx_word' id='word_1_205' title='bbox 199 2483 343 2564; x_wconf 87' lang='lat' dir='ltr'><strong>agendum</strong></span> <span class='ocrx_word' id='word_1_206' title='bbox 364 2491 444 2544; x_wconf 88' lang='lat' dir='ltr'><strong>esset</strong></span> <span class='ocrx_word' id='word_1_207' title='bbox 466 2481 594 2560; x_wconf 88' lang='lat' dir='ltr'><strong>deliuiit,</strong></span> <span class='ocrx_word' id='word_1_208' title='bbox 620 2481 884 2566; x_wconf 88' lang='lat' dir='ltr'><strong>concupiscentiam</strong></span> <span class='ocrx_word' id='word_1_209' title='bbox 910 2483 940 2544; x_wconf 91' lang='lat' dir='ltr'><strong>in</strong></span> <span class='ocrx_word' id='word_1_210' title='bbox 964 2501 1010 2544; x_wconf 88' lang='lat' dir='ltr'><strong>mc</strong></span> <span class='ocrx_word' id='word_1_211' title='bbox 1031 2480 1164 2546; x_wconf 88' lang='lat' dir='ltr'><strong>diabolus</strong></span> <span class='ocrx_word' id='word_1_212' title='bbox 1182 2482 1278 2565; x_wconf 85' lang='lat' dir='ltr'><strong>perie-</strong></span> 
     </span>
     <span class='ocr_line' id='line_1_24' title="bbox 115 2580 1277 2669; baseline 0 -23"><span class='ocrx_word' id='word_1_213' title='bbox 115 2585 169 2646; x_wconf 91' lang='lat' dir='ltr'><strong>cit.</strong></span> <span class='ocrx_word' id='word_1_214' title='bbox 217 2580 331 2668; x_wconf 80' lang='lat' dir='ltr'><strong>Quippe</strong></span> <span class='ocrx_word' id='word_1_215' title='bbox 358 2584 522 2647; x_wconf 90' lang='lat' dir='ltr'><strong>cohortatio</strong></span> <span class='ocrx_word' id='word_1_216' title='bbox 541 2584 590 2647; x_wconf 93' lang='lat' dir='ltr'><strong>illa</strong></span> <span class='ocrx_word' id='word_1_217' title='bbox 614 2605 648 2646; x_wconf 91' lang='lat' dir='ltr'><strong>ac</strong></span> <span class='ocrx_word' id='word_1_218' title='bbox 668 2593 855 2669; x_wconf 90' lang='lat' dir='ltr'><strong>praeceptum</strong></span> <span class='ocrx_word' id='word_1_219' title='bbox 880 2583 948 2647; x_wconf 84' lang='lat' dir='ltr'><strong>miti</strong></span> <span class='ocrx_word' id='word_1_220' title='bbox 974 2583 1063 2648; x_wconf 86' lang='lat' dir='ltr'><strong>adeo</strong></span> <span class='ocrx_word' id='word_1_221' title='bbox 1088 2583 1277 2647; x_wconf 90' lang='lat' dir='ltr'><strong>constitutum</strong></span> 
     </span>
     <span class='ocr_line' id='line_1_25' title="bbox 116 2684 1278 2770; baseline -0.001 -22"><span class='ocrx_word' id='word_1_222' title='bbox 116 2685 261 2748; x_wconf 88' lang='lat' dir='ltr'><strong>advitam</strong></span> <span class='ocrx_word' id='word_1_223' title='bbox 278 2685 583 2770; x_wconf 89' lang='lat' dir='ltr'><strong>immortalitatemque</strong></span> <span class='ocrx_word' id='word_1_224' title='bbox 599 2686 775 2770; x_wconf 86' lang='lat' dir='ltr'><strong>pertinebat,</strong></span> <span class='ocrx_word' id='word_1_225' title='bbox 801 2685 871 2750; x_wconf 89' lang='lat' dir='ltr'><strong>etsi</strong></span> <span class='ocrx_word' id='word_1_226' title='bbox 888 2706 1021 2770; x_wconf 84' lang='lat' dir='ltr'><strong>parerem</strong></span> <span class='ocrx_word' id='word_1_227' title='bbox 1037 2686 1092 2764; x_wconf 93' lang='lat' dir='ltr'><strong>illi,</strong></span> <span class='ocrx_word' id='word_1_228' title='bbox 1115 2697 1198 2748; x_wconf 87' lang='lat' dir='ltr'><strong>etex</strong></span> <span class='ocrx_word' id='word_1_229' title='bbox 1216 2684 1278 2748; x_wconf 91' lang='lat' dir='ltr'><strong>eius</strong></span> 
     </span>
     <span class='ocr_line' id='line_1_26' title="bbox 116 2787 1278 2873; baseline -0.001 -23"><span class='ocrx_word' id='word_1_230' title='bbox 116 2787 302 2873; x_wconf 89' lang='lat' dir='ltr'><strong>praescripto</strong></span> <span class='ocrx_word' id='word_1_231' title='bbox 319 2789 476 2871; x_wconf 83' lang='lat' dir='ltr'><strong>degerem,</strong></span> <span class='ocrx_word' id='word_1_232' title='bbox 500 2789 564 2852; x_wconf 92' lang='lat' dir='ltr'><strong>sine</strong></span> <span class='ocrx_word' id='word_1_233' title='bbox 581 2789 638 2852; x_wconf 90' lang='lat' dir='ltr'><strong>ulla</strong></span> <span class='ocrx_word' id='word_1_234' title='bbox 654 2789 819 2852; x_wconf 84' lang='lat' dir='ltr'><strong>offensione</strong></span> <span class='ocrx_word' id='word_1_235' title='bbox 838 2788 1034 2853; x_wconf 77' lang='lat' dir='ltr'><strong>felicissimam</strong></span> <span class='ocrx_word' id='word_1_236' title='bbox 1053 2800 1083 2852; x_wconf 92' lang='lat' dir='ltr'><strong>et</strong></span> <span class='ocrx_word' id='word_1_237' title='bbox 1098 2790 1133 2852; x_wconf 90' lang='lat' dir='ltr'><strong>ad</strong></span> <span class='ocrx_word' id='word_1_238' title='bbox 1151 2787 1278 2851; x_wconf 89' lang='lat' dir='ltr'><strong>aeterni-</strong></span> 
     </span>
     <span class='ocr_line' id='line_1_27' title="bbox 116 2888 1279 2975; baseline 0 -23"><span class='ocrx_word' id='word_1_239' title='bbox 116 2901 210 2954; x_wconf 89' lang='lat' dir='ltr'><strong>tatem</strong></span> <span class='ocrx_word' id='word_1_240' title='bbox 227 2889 380 2954; x_wconf 86' lang='lat' dir='ltr'><strong>florentem</strong></span> <span class='ocrx_word' id='word_1_241' title='bbox 397 2891 485 2952; x_wconf 86' lang='lat' dir='ltr'><strong>vitam</strong></span> <span class='ocrx_word' id='word_1_242' title='bbox 501 2911 535 2953; x_wconf 93' lang='lat' dir='ltr'><strong>ac</strong></span> <span class='ocrx_word' id='word_1_243' title='bbox 551 2891 687 2974; x_wconf 89' lang='lat' dir='ltr'><strong>gaudium</strong></span> <span class='ocrx_word' id='word_1_244' title='bbox 703 2892 733 2954; x_wconf 89' lang='lat' dir='ltr'><strong>in</strong></span> <span class='ocrx_word' id='word_1_245' title='bbox 750 2891 959 2975; x_wconf 87' lang='lat' dir='ltr'><strong>sempiternum</strong></span> <span class='ocrx_word' id='word_1_246' title='bbox 976 2911 1185 2974; x_wconf 79' lang='lat' dir='ltr'><strong>certaequercr.</strong></span> <span class='ocrx_word' id='word_1_247' title='bbox 1217 2888 1279 2954; x_wconf 90' lang='lat' dir='ltr'><strong>Sed</strong></span> 
     </span>
     <span class='ocr_line' id='line_1_28' title="bbox 115 2992 1276 3078; baseline 0.001 -23"><span class='ocrx_word' id='word_1_248' title='bbox 115 2993 189 3055; x_wconf 91' lang='lat' dir='ltr'><strong>illud</strong></span> <span class='ocrx_word' id='word_1_249' title='bbox 206 3004 392 3078; x_wconf 88' lang='lat' dir='ltr'><strong>praeceptum</strong></span> <span class='ocrx_word' id='word_1_250' title='bbox 409 2992 531 3056; x_wconf 90' lang='lat' dir='ltr'><strong>violanti</strong></span> <span class='ocrx_word' id='word_1_251' title='bbox 547 2993 615 3056; x_wconf 83' lang='lat' dir='ltr'><strong>mitt</strong></span> <span class='ocrx_word' id='word_1_252' title='bbox 631 2994 660 3056; x_wconf 93' lang='lat' dir='ltr'><strong>in</strong></span> <span class='ocrx_word' id='word_1_253' title='bbox 675 3005 800 3058; x_wconf 85' lang='lat' dir='ltr'><strong>mortem</strong></span> <span class='ocrx_word' id='word_1_254' title='bbox 817 3015 852 3061; x_wconf 84' lang='lat' dir='ltr'><strong>ac</strong></span> <span class='ocrx_word' id='word_1_255' title='bbox 869 2993 1083 3058; x_wconf 88' lang='lat' dir='ltr'><strong>damnationem</strong></span> <span class='ocrx_word' id='word_1_256' title='bbox 1100 3013 1276 3057; x_wconf 87' lang='lat' dir='ltr'><strong>conversum</strong></span> 
     </span>
     <span class='ocr_line' id='line_1_29' title="bbox 117 3094 1276 3182; baseline 0 -24"><span class='ocrx_word' id='word_1_257' title='bbox 117 3105 185 3174; x_wconf 84' lang='lat' dir='ltr'><strong>est;</strong></span> <span class='ocrx_word' id='word_1_258' title='bbox 209 3094 441 3178; x_wconf 89' lang='lat' dir='ltr'><strong>quandoquidem</strong></span> <span class='ocrx_word' id='word_1_259' title='bbox 461 3095 610 3177; x_wconf 86' lang='lat' dir='ltr'><strong>diabolus,</strong></span> <span class='ocrx_word' id='word_1_260' title='bbox 635 3117 720 3180; x_wconf 92' lang='lat' dir='ltr'><strong>quem</strong></span> <span class='ocrx_word' id='word_1_261' title='bbox 738 3097 848 3182; x_wconf 89' lang='lat' dir='ltr'><strong>peccati</strong></span> <span class='ocrx_word' id='word_1_262' title='bbox 866 3097 952 3160; x_wconf 88' lang='lat' dir='ltr'><strong>modo</strong></span> <span class='ocrx_word' id='word_1_263' title='bbox 970 3097 1089 3160; x_wconf 90' lang='lat' dir='ltr'><strong>nomine</strong></span> <span class='ocrx_word' id='word_1_264' title='bbox 1111 3096 1276 3180; x_wconf 80' lang='lat' dir='ltr'><strong>insignivit,</strong></span> 
     </span>
     <span class='ocr_line' id='line_1_30' title="bbox 116 3197 1429 3284; baseline 0.002 -23"><span class='ocrx_word' id='word_1_265' title='bbox 116 3219 156 3261; x_wconf 90' lang='lat' dir='ltr'><strong>eo</strong></span> <span class='ocrx_word' id='word_1_266' title='bbox 172 3198 249 3281; x_wconf 91' lang='lat' dir='ltr'><strong>quod</strong></span> <span class='ocrx_word' id='word_1_267' title='bbox 266 3199 377 3282; x_wconf 91' lang='lat' dir='ltr'><strong>peccati</strong></span> <span class='ocrx_word' id='word_1_268' title='bbox 395 3197 433 3262; x_wconf 91' lang='lat' dir='ltr'><strong>sit</strong></span> <span class='ocrx_word' id='word_1_269' title='bbox 449 3198 557 3262; x_wconf 82' lang='lat' dir='ltr'><strong>artifex</strong></span> <span class='ocrx_word' id='word_1_270' title='bbox 577 3219 611 3261; x_wconf 89' lang='lat' dir='ltr'><strong>ae</strong></span> <span class='ocrx_word' id='word_1_271' title='bbox 629 3212 781 3284; x_wconf 91' lang='lat' dir='ltr'><strong>repertur,</strong></span> <span class='ocrx_word' id='word_1_272' title='bbox 801 3223 856 3280; x_wconf 84' lang='lat' dir='ltr'><strong>per</strong></span> <span class='ocrx_word' id='word_1_273' title='bbox 869 3212 1014 3280; x_wconf 84' lang='lat' dir='ltr'><strong>peccatum</strong></span> <span class='ocrx_word' id='word_1_274' title='bbox 1036 3201 1207 3262; x_wconf 82' lang='lat' dir='ltr'><strong>occasionem</strong></span> <span class='ocrx_word' id='word_1_275' title='bbox 1225 3220 1277 3260; x_wconf 80' lang='lat' dir='ltr'><strong>aa·</strong></span> <span class='ocrx_word' id='word_1_276' title='bbox 1290 3221 1347 3264; x_wconf 70' lang='lat' dir='ltr'><strong>ean.</strong></span> <span class='ocrx_word' id='word_1_277' title='bbox 1361 3221 1382 3274; x_wconf 84' lang='lat' dir='ltr'><strong>a,</strong></span> <span class='ocrx_word' id='word_1_278' title='bbox 1397 3220 1429 3265; x_wconf 82' lang='lat' dir='ltr'><strong>ra.</strong></span> 
     </span>
     <span class='ocr_line' id='line_1_31' title="bbox 117 3299 1277 3380; baseline 0.002 -18"><span class='ocrx_word' id='word_1_279' title='bbox 117 3313 182 3362; x_wconf 81' lang='lat' dir='ltr'><strong>ctus</strong></span> <span class='ocrx_word' id='word_1_280' title='bbox 205 3299 297 3362; x_wconf 90' lang='lat' dir='ltr'><strong>illusit</strong></span> <span class='ocrx_word' id='word_1_281' title='bbox 315 3299 403 3378; x_wconf 89' lang='lat' dir='ltr'><strong>mihi,</strong></span> <span class='ocrx_word' id='word_1_282' title='bbox 428 3310 458 3362; x_wconf 90' lang='lat' dir='ltr'><strong>et</strong></span> <span class='ocrx_word' id='word_1_283' title='bbox 476 3300 589 3364; x_wconf 91' lang='lat' dir='ltr'><strong>illusum</strong></span> <span class='ocrx_word' id='word_1_284' title='bbox 614 3301 779 3380; x_wconf 86' lang='lat' dir='ltr'><strong>interiecit,</strong></span> <span class='ocrx_word' id='word_1_285' title='bbox 804 3323 870 3365; x_wconf 90' lang='lat' dir='ltr'><strong>cum</strong></span> <span class='ocrx_word' id='word_1_286' title='bbox 890 3300 1027 3366; x_wconf 89' lang='lat' dir='ltr'><strong>videlicet</strong></span> <span class='ocrx_word' id='word_1_287' title='bbox 1042 3303 1068 3366; x_wconf 90' lang='lat' dir='ltr'><strong>ei</strong></span> <span class='ocrx_word' id='word_1_288' title='bbox 1089 3323 1135 3364; x_wconf 88' lang='lat' dir='ltr'><strong>me</strong></span> <span class='ocrx_word' id='word_1_289' title='bbox 1158 3302 1277 3364; x_wconf 89' lang='lat' dir='ltr'><strong>damua-</strong></span> 
     </span>
     <span class='ocr_line' id='line_1_32' title="bbox 118 3401 1428 3486; baseline -0.002 -21"><span class='ocrx_word' id='word_1_290' title='bbox 118 3401 195 3465; x_wconf 89' lang='lat' dir='ltr'><strong>tieni</strong></span> <span class='ocrx_word' id='word_1_291' title='bbox 213 3401 283 3464; x_wconf 88' lang='lat' dir='ltr'><strong>lecit</strong></span> <span class='ocrx_word' id='word_1_292' title='bbox 298 3401 478 3466; x_wconf 84' lang='lat' dir='ltr'><strong>obnoxium:</strong></span> <span class='ocrx_word' id='word_1_293' title='bbox 505 3407 684 3486; x_wconf 82' lang='lat' dir='ltr'><strong>Quocumque</strong></span> <span class='ocrx_word' id='word_1_294' title='bbox 700 3410 746 3468; x_wconf 79' lang='lat' dir='ltr'><strong>die</strong></span> <span class='ocrx_word' id='word_1_295' title='bbox 767 3409 943 3466; x_wconf 78' lang='lat' dir='ltr'><strong>comederitis</strong></span> <span class='ocrx_word' id='word_1_296' title='bbox 964 3429 1002 3466; x_wconf 81' lang='lat' dir='ltr'><strong>ee</strong></span> <span class='ocrx_word' id='word_1_297' title='bbox 1023 3408 1088 3478; x_wconf 85' lang='lat' dir='ltr'><strong>illo,</strong></span> <span class='ocrx_word' id='word_1_298' title='bbox 1113 3415 1202 3466; x_wconf 86' lang='lat' dir='ltr'><strong>morte</strong></span> <span class='ocrx_word' id='word_1_299' title='bbox 1220 3425 1278 3464; x_wconf 87' lang='lat' dir='ltr'><strong>mo-</strong></span> <span class='ocrx_word' id='word_1_300' title='bbox 1290 3417 1385 3473; x_wconf 69' lang='lat' dir='ltr'><strong>ttonm,</strong></span> <span class='ocrx_word' id='word_1_301' title='bbox 1397 3419 1428 3462; x_wconf 73' lang='grc' dir='ltr'><strong>ιι</strong></span> 
     </span>
     <span class='ocr_line' id='line_1_33' title="bbox 116 3507 1274 3587; baseline 0.001 -22"><span class='ocrx_word' id='word_1_302' title='bbox 116 3508 243 3566; x_wconf 81' lang='lat' dir='ltr'><strong>rc&#39;ema&#39;m&#39;.</strong></span> <span class='ocrx_word' id='word_1_303' title='bbox 289 3509 389 3587; x_wconf 84' lang='lat' dir='ltr'><strong>Itaque</strong></span> <span class='ocrx_word' id='word_1_304' title='bbox 403 3507 451 3566; x_wconf 81' lang='lat' dir='ltr'><strong>lea:</strong></span> <span class='ocrx_word' id='word_1_305' title='bbox 466 3518 638 3581; x_wconf 73' lang='lat' dir='ltr'><strong>catarracte,</strong></span> <span class='ocrx_word' id='word_1_306' title='bbox 662 3520 692 3569; x_wconf 82' lang='lat' dir='ltr'><strong>ct</strong></span> <span class='ocrx_word' id='word_1_307' title='bbox 704 3513 863 3572; x_wconf 77' lang='lat' dir='ltr'><strong>inundatum</strong></span> <span class='ocrx_word' id='word_1_308' title='bbox 882 3511 930 3568; x_wconf 81' lang='lat' dir='ltr'><strong>dei</strong></span> <span class='ocrx_word' id='word_1_309' title='bbox 948 3512 1068 3580; x_wconf 72' lang='lat' dir='ltr'><strong>austum,</strong></span> <span class='ocrx_word' id='word_1_310' title='bbox 1093 3519 1122 3568; x_wconf 87' lang='lat' dir='ltr'><strong>ct</strong></span> <span class='ocrx_word' id='word_1_311' title='bbox 1136 3518 1274 3579; x_wconf 81' lang='lat' dir='ltr'><strong>sanctum,</strong></span> 
     </span>
     <span class='ocr_line' id='line_1_34' title="bbox 116 3589 1279 3689; baseline 0.001 -21"><span class='ocrx_word' id='word_1_312' title='bbox 116 3619 149 3668; x_wconf 84' lang='lat' dir='ltr'><strong>et</strong></span> <span class='ocrx_word' id='word_1_313' title='bbox 168 3589 292 3668; x_wconf 57' lang='lat' dir='ltr'><strong>donatas</strong></span> <span class='ocrx_word' id='word_1_314' title='bbox 325 3605 396 3672; x_wconf 88' lang='lat' dir='ltr'><strong>Non</strong></span> <span class='ocrx_word' id='word_1_315' title='bbox 421 3609 498 3672; x_wconf 92' lang='lat' dir='ltr'><strong>euim</strong></span> <span class='ocrx_word' id='word_1_316' title='bbox 526 3619 556 3671; x_wconf 90' lang='lat' dir='ltr'><strong>nt</strong></span> <span class='ocrx_word' id='word_1_317' title='bbox 581 3609 717 3689; x_wconf 88' lang='lat' dir='ltr'><strong>obesset,</strong></span> <span class='ocrx_word' id='word_1_318' title='bbox 743 3613 793 3674; x_wconf 85' lang='lat' dir='ltr'><strong>sed</strong></span> <span class='ocrx_word' id='word_1_319' title='bbox 820 3621 851 3674; x_wconf 91' lang='lat' dir='ltr'><strong>nt</strong></span> <span class='ocrx_word' id='word_1_320' title='bbox 873 3609 996 3673; x_wconf 87' lang='lat' dir='ltr'><strong>salutem</strong></span> <span class='ocrx_word' id='word_1_321' title='bbox 1020 3609 1207 3686; x_wconf 87' lang='lat' dir='ltr'><strong>conciliaret,</strong></span> <span class='ocrx_word' id='word_1_322' title='bbox 1232 3617 1279 3670; x_wconf 87' lang='lat' dir='ltr'><strong>est</strong></span> 
     </span>
     <span class='ocr_line' id='line_1_35' title="bbox 117 3708 1276 3797; baseline 0.001 -25"><span class='ocrx_word' id='word_1_323' title='bbox 117 3708 346 3795; x_wconf 88' lang='lat' dir='ltr'><strong>praescriptum.</strong></span> <span class='ocrx_word' id='word_1_324' title='bbox 391 3708 542 3794; x_wconf 90' lang='lat' dir='ltr'><strong>Siquidem</strong></span> <span class='ocrx_word' id='word_1_325' title='bbox 567 3733 653 3776; x_wconf 88' lang='lat' dir='ltr'><strong>nemo</strong></span> <span class='ocrx_word' id='word_1_326' title='bbox 675 3714 853 3797; x_wconf 89' lang='lat' dir='ltr'><strong>persuadere</strong></span> <span class='ocrx_word' id='word_1_327' title='bbox 872 3712 927 3775; x_wconf 88' lang='lat' dir='ltr'><strong>sibi</strong></span> <span class='ocrx_word' id='word_1_328' title='bbox 952 3711 1038 3775; x_wconf 89' lang='lat' dir='ltr'><strong>debet</strong></span> <span class='ocrx_word' id='word_1_329' title='bbox 1059 3712 1161 3775; x_wconf 86' lang='lat' dir='ltr'><strong>inutile</strong></span> <span class='ocrx_word' id='word_1_330' title='bbox 1183 3732 1199 3773; x_wconf 93' lang='lat' dir='ltr'><strong>a</strong></span> <span class='ocrx_word' id='word_1_331' title='bbox 1222 3712 1276 3773; x_wconf 92' lang='lat' dir='ltr'><strong>deo</strong></span> 
     </span>
     <span class='ocr_line' id='line_1_36' title="bbox 116 3811 1280 3897; baseline 0.003 -24"><span class='ocrx_word' id='word_1_332' title='bbox 116 3811 288 3896; x_wconf 90' lang='lat' dir='ltr'><strong>quiequam,</strong></span> <span class='ocrx_word' id='word_1_333' title='bbox 313 3811 360 3874; x_wconf 91' lang='lat' dir='ltr'><strong>vel</strong></span> <span class='ocrx_word' id='word_1_334' title='bbox 376 3833 441 3874; x_wconf 88' lang='lat' dir='ltr'><strong>cnm</strong></span> <span class='ocrx_word' id='word_1_335' title='bbox 458 3812 563 3878; x_wconf 87' lang='lat' dir='ltr'><strong>damno</strong></span> <span class='ocrx_word' id='word_1_336' title='bbox 580 3815 765 3878; x_wconf 89' lang='lat' dir='ltr'><strong>coniunctum</strong></span> <span class='ocrx_word' id='word_1_337' title='bbox 783 3816 858 3878; x_wconf 90' lang='lat' dir='ltr'><strong>lieri.</strong></span> <span class='ocrx_word' id='word_1_338' title='bbox 893 3811 957 3880; x_wconf 87' lang='lat' dir='ltr'><strong>Cor</strong></span> <span class='ocrx_word' id='word_1_339' title='bbox 972 3815 1061 3896; x_wconf 91' lang='lat' dir='ltr'><strong>igitur</strong></span> <span class='ocrx_word' id='word_1_340' title='bbox 1077 3813 1152 3897; x_wconf 94' lang='lat' dir='ltr'><strong>quod</strong></span> <span class='ocrx_word' id='word_1_341' title='bbox 1170 3811 1280 3877; x_wconf 88' lang='lat' dir='ltr'><strong>benum</strong></span> 
     </span>
     <span class='ocr_line' id='line_1_37' title="bbox 118 3911 1275 4000; baseline 0 -22"><span class='ocrx_word' id='word_1_342' title='bbox 118 3924 188 3990; x_wconf 86' lang='lat' dir='ltr'><strong>est,</strong></span> <span class='ocrx_word' id='word_1_343' title='bbox 213 3913 299 3976; x_wconf 90' lang='lat' dir='ltr'><strong>morti</strong></span> <span class='ocrx_word' id='word_1_344' title='bbox 323 3911 392 3976; x_wconf 85' lang='lat' dir='ltr'><strong>milti</strong></span> <span class='ocrx_word' id='word_1_345' title='bbox 419 3923 505 3998; x_wconf 90' lang='lat' dir='ltr'><strong>atque</strong></span> <span class='ocrx_word' id='word_1_346' title='bbox 528 3917 621 3981; x_wconf 86' lang='lat' dir='ltr'><strong>exitio</strong></span> <span class='ocrx_word' id='word_1_347' title='bbox 647 3917 717 3996; x_wconf 83' lang='lat' dir='ltr'><strong>luit,</strong></span> <span class='ocrx_word' id='word_1_348' title='bbox 741 3917 849 4000; x_wconf 85' lang='lat' dir='ltr'><strong>lexque</strong></span> <span class='ocrx_word' id='word_1_349' title='bbox 872 3918 921 3982; x_wconf 91' lang='lat' dir='ltr'><strong>illa</strong></span> <span class='ocrx_word' id='word_1_350' title='bbox 946 3915 1104 3980; x_wconf 84' lang='lat' dir='ltr'><strong>constituta</strong></span> <span class='ocrx_word' id='word_1_351' title='bbox 1127 3911 1196 3976; x_wconf 80' lang='lat' dir='ltr'><strong>milti</strong></span> <span class='ocrx_word' id='word_1_352' title='bbox 1218 3926 1275 3994; x_wconf 86' lang='lat' dir='ltr'><strong>est,</strong></span> 
     </span>
     <span class='ocr_line' id='line_1_38' title="bbox 118 4013 1277 4102; baseline 0.002 -24"><span class='ocrx_word' id='word_1_353' title='bbox 118 4035 198 4100; x_wconf 91' lang='lat' dir='ltr'><strong>qnae</strong></span> <span class='ocrx_word' id='word_1_354' title='bbox 219 4015 337 4098; x_wconf 90' lang='lat' dir='ltr'><strong>perinde</strong></span> <span class='ocrx_word' id='word_1_355' title='bbox 355 4015 461 4098; x_wconf 86' lang='lat' dir='ltr'><strong>iugens</strong></span> <span class='ocrx_word' id='word_1_356' title='bbox 479 4018 547 4083; x_wconf 86' lang='lat' dir='ltr'><strong>milti</strong></span> <span class='ocrx_word' id='word_1_357' title='bbox 564 4021 745 4082; x_wconf 90' lang='lat' dir='ltr'><strong>commodum</strong></span> <span class='ocrx_word' id='word_1_358' title='bbox 764 4030 865 4102; x_wconf 91' lang='lat' dir='ltr'><strong>posset</strong></span> <span class='ocrx_word' id='word_1_359' title='bbox 885 4019 1013 4082; x_wconf 80' lang='lat' dir='ltr'><strong>afferret</strong></span> <span class='ocrx_word' id='word_1_360' title='bbox 1053 4015 1153 4079; x_wconf 76' lang='lat' dir='ltr'><strong>Absit.</strong></span> <span class='ocrx_word' id='word_1_361' title='bbox 1198 4013 1277 4090; x_wconf 86' lang='lat' dir='ltr'><strong>Nam</strong></span> 
     </span>
     <span class='ocr_line' id='line_1_39' title="bbox 118 4117 1279 4203; baseline 0 -21"><span class='ocrx_word' id='word_1_362' title='bbox 118 4119 253 4182; x_wconf 90' lang='lat' dir='ltr'><strong>divinum</strong></span> <span class='ocrx_word' id='word_1_363' title='bbox 269 4117 337 4181; x_wconf 88' lang='lat' dir='ltr'><strong>illud</strong></span> <span class='ocrx_word' id='word_1_364' title='bbox 356 4118 521 4182; x_wconf 90' lang='lat' dir='ltr'><strong>mandatum</strong></span> <span class='ocrx_word' id='word_1_365' title='bbox 540 4143 598 4184; x_wconf 89' lang='lat' dir='ltr'><strong>non</strong></span> <span class='ocrx_word' id='word_1_366' title='bbox 615 4143 650 4183; x_wconf 92' lang='lat' dir='ltr'><strong>eo</strong></span> <span class='ocrx_word' id='word_1_367' title='bbox 668 4122 763 4190; x_wconf 86' lang='lat' dir='ltr'><strong>datum</strong></span> <span class='ocrx_word' id='word_1_368' title='bbox 785 4131 832 4184; x_wconf 86' lang='lat' dir='ltr'><strong>est</strong></span> <span class='ocrx_word' id='word_1_369' title='bbox 854 4131 884 4182; x_wconf 93' lang='lat' dir='ltr'><strong>ut</strong></span> <span class='ocrx_word' id='word_1_370' title='bbox 907 4120 935 4182; x_wconf 90' lang='lat' dir='ltr'><strong>in</strong></span> <span class='ocrx_word' id='word_1_371' title='bbox 957 4119 1175 4203; x_wconf 87' lang='lat' dir='ltr'><strong>corruptionem</strong></span> <span class='ocrx_word' id='word_1_372' title='bbox 1197 4121 1279 4184; x_wconf 89' lang='lat' dir='ltr'><strong>velut</strong></span> 
     </span>
     <span class='ocr_line' id='line_1_40' title="bbox 117 4217 1278 4307; baseline 0.001 -21"><span class='ocrx_word' id='word_1_373' title='bbox 117 4220 295 4286; x_wconf 88' lang='lat' dir='ltr'><strong>servitutem</strong></span> <span class='ocrx_word' id='word_1_374' title='bbox 317 4217 516 4300; x_wconf 87' lang='lat' dir='ltr'><strong>incurrerem,</strong></span> <span class='ocrx_word' id='word_1_375' title='bbox 541 4243 651 4307; x_wconf 86' lang='lat' dir='ltr'><strong>eaeque</strong></span> <span class='ocrx_word' id='word_1_376' title='bbox 673 4223 742 4286; x_wconf 89' lang='lat' dir='ltr'><strong>mihi</strong></span> <span class='ocrx_word' id='word_1_377' title='bbox 760 4223 842 4287; x_wconf 88' lang='lat' dir='ltr'><strong>labes</strong></span> <span class='ocrx_word' id='word_1_378' title='bbox 863 4222 1052 4286; x_wconf 87' lang='lat' dir='ltr'><strong>inurerentur</strong></span> <span class='ocrx_word' id='word_1_379' title='bbox 1075 4224 1199 4307; x_wconf 88' lang='lat' dir='ltr'><strong>quaein</strong></span> <span class='ocrx_word' id='word_1_380' title='bbox 1222 4245 1278 4288; x_wconf 77' lang='lat' dir='ltr'><strong>ex·</strong></span> 
     </span>
     <span class='ocr_line' id='line_1_41' title="bbox 120 4321 1275 4410; baseline 0.002 -24"><span class='ocrx_word' id='word_1_381' title='bbox 120 4335 247 4386; x_wconf 87' lang='lat' dir='ltr'><strong>tremam</strong></span> <span class='ocrx_word' id='word_1_382' title='bbox 267 4321 424 4406; x_wconf 88' lang='lat' dir='ltr'><strong>perniciem</strong></span> <span class='ocrx_word' id='word_1_383' title='bbox 443 4323 642 4406; x_wconf 87' lang='lat' dir='ltr'><strong>coniiocrent,</strong></span> <span class='ocrx_word' id='word_1_384' title='bbox 666 4327 717 4390; x_wconf 92' lang='lat' dir='ltr'><strong>sed</strong></span> <span class='ocrx_word' id='word_1_385' title='bbox 736 4338 768 4390; x_wconf 91' lang='lat' dir='ltr'><strong>ut</strong></span> <span class='ocrx_word' id='word_1_386' title='bbox 788 4323 932 4389; x_wconf 90' lang='lat' dir='ltr'><strong>diabolum</strong></span> <span class='ocrx_word' id='word_1_387' title='bbox 950 4325 1047 4410; x_wconf 91' lang='lat' dir='ltr'><strong>perid</strong></span> <span class='ocrx_word' id='word_1_388' title='bbox 1071 4327 1147 4410; x_wconf 91' lang='lat' dir='ltr'><strong>quod</strong></span> <span class='ocrx_word' id='word_1_389' title='bbox 1169 4326 1275 4390; x_wconf 80' lang='lat' dir='ltr'><strong>botrum</strong></span> 
     </span>
    </p>
   </div>
   <div class='ocr_carea' id='block_1_3' title="bbox 155 4457 828 4526">
    <p class='ocr_par' dir='ltr' id='par_1_10' title="bbox 155 4457 828 4526">
     <span class='ocr_line' id='line_1_42' title="bbox 155 4457 828 4526; baseline -0.001 -13"><span class='ocrx_word' id='word_1_390' title='bbox 155 4458 181 4513; x_wconf 83' lang='lat'><strong>3.</strong></span> <span class='ocrx_word' id='word_1_391' title='bbox 199 4461 303 4522; x_wconf 83' lang='lat' dir='ltr'><strong>lteposut</strong></span> <span class='ocrx_word' id='word_1_392' title='bbox 317 4457 385 4512; x_wconf 75' lang='lat' dir='ltr'><strong>cleta</strong></span> <span class='ocrx_word' id='word_1_393' title='bbox 399 4473 429 4512; x_wconf 78' lang='lat' dir='ltr'><strong>cc</strong></span> <span class='ocrx_word' id='word_1_394' title='bbox 445 4461 535 4511; x_wconf 74' lang='lat' dir='ltr'><strong>raom.</strong></span> <span class='ocrx_word' id='word_1_395' title='bbox 568 4463 636 4513; x_wconf 79' lang='lat' dir='ltr'><strong>turc</strong></span> <span class='ocrx_word' id='word_1_396' title='bbox 648 4465 719 4526; x_wconf 78' lang='lat' dir='ltr'><strong>culpe</strong></span> <span class='ocrx_word' id='word_1_397' title='bbox 736 4459 828 4522; x_wconf 79' lang='grc' dir='ltr'><strong>αἰτίας.</strong></span> 
     </span>
    </p>
   </div>
   <div class='ocr_carea' id='block_1_4' title="bbox 0 0 1596 4930">
    <p class='ocr_par' dir='ltr' id='par_1_11' title="bbox 0 0 1596 4930">
     <span class='ocr_line' id='line_1_43' title="bbox 0 0 1596 4930; baseline 0 0"><span class='ocrx_word' id='word_1_398' title='bbox 0 0 1596 4930; x_wconf 95' lang='lat' dir='ltr'><strong> </strong></span> 
     </span>
    </p>
   </div>
  </div>
 </body>
</html>
