3128 4930
318 193 376 284 94Ι
743 232 865 285 ειαυτι
883 231 1054 286 Εεααιαα

319 350 434 432 ίλεγον,
461 345 523 431 Οάχ
539 339 629 424 οὗτάς
651 348 729 414 ἐστιν
749 347 784 414 δν
809 347 929 432 ίζήτουν
951 352 1071 428 νικάσαις
1104 351 1198 416 ιοκαί
1221 347 1302 430 ίδοῶ,
1324 353 1475 438 παρρησίᾳ

250 481 253 487 ·
318 457 405 514 λαλεῖ.
450 449 508 532 Μή
523 448 581 535 άρα
597 453 713 532 ἔμαθον
728 454 761 516 οί
775 454 862 536 ἱερεῖς
878 451 925 518 ὅτι
947 443 1036 527 οὗτός
1054 455 1131 519 ἐστιν
1146 449 1165 520 ά
1181 451 1323 540 Χριστάςς
1346 450 1419 518 άλλά
1434 455 1475 518 οί-

319 555 412 634 δαμεν
429 544 517 628 οὗτος
532 551 630 618 πόθεν
645 556 713 618 έστί.
757 557 987 638 Μυστηριωδῶς
1003 551 1059 639 γάρ
1075 556 1126 620 καί
1144 563 1347 638 πνευματικῶς
1370 562 1400 603 ¹¹
1414 559 1474 620 δια-

197 668 308 726 1³²1·OE
320 656 481 740 λεγομένου
496 663 558 731 τοῖς
577 653 672 720 αὐτοῦ
688 653 825 738 άδελφοῖς
839 654 895 722 οάκ
908 655 1032 745 ήδεισαν
1048 662 1076 722 τί
1091 661 1193 744 έλεγεν.
1227 657 1335 744 Ἔλεγε
1351 656 1408 744 γάρ
1424 655 1476 722 αά-

319 767 381 833 τοῖς
396 755 439 840 μή
457 755 627 841 άναβαίνειν
645 760 687 834 είς
709 757 785 826 ιέτδ
807 757 887 844 ἱεράν
909 762 941 823 έν
961 766 998 848 τῇ
1019 761 1105 850 ἑορτή
1125 763 1237 852 ἐκείνη,
1266 762 1339 844 μηδὲ
1361 763 1406 836 είς
1424 759 1477 826 τῶν

319 857 464 945 σταυρῶν,
486 869 541 927 τοῦ
561 867 708 926 τελειῶσαι
728 862 801 936 τέως
821 859 876 944 τήν
896 863 1071 942 οἰκονομίαν
1092 870 1146 928 τοῦ
1167 863 1289 938 πάθους
1310 860 1404 928 αάτοῦ
1425 865 1477 928 καί

325 967 514 1049 18σωτηρίας
529 964 699 1047 μυστήριον,
720 965 771 1028 καί
789 965 821 1029 ἐκ
837 968 949 1049 νεκρῶν
965 960 1136 1047 άναατῆναι,
1158 965 1210 1031 καί
1224 967 1266 1040 είς
1280 963 1333 1031 τῶν
1347 961 1477 1050 οὐρανῶν

320 1063 482 1148 άναβῆναι,
505 1063 592 1130 άτινα
606 1064 737 1150 ἐπλήρου
753 1064 850 1130 πάντα
868 1069 900 1130 έν
916 1073 952 1155 τῇ
968 1067 1028 1154 ἰδίην
1045 1064 1137 1132 αὐτοῦ
1153 1070 1279 1155 ἐξουσία.
1327 1069 1388 1131 Καὶ
1405 1065 1477 1151 μετά

318 1175 411 1233 ταῦτα
435 1164 476 1243 ῶς
497 1169 708 1252 πληρωθέντος
732 1174 785 1234 τοῦ
808 1172 923 1244 διετοῦς
946 1167 1072 1251 χρόνον,
1092 1167 1166 1252 μετά
1183 1168 1215 1235 τά
1236 1168 1402 1254 βάπτισμα,
1425 1170 1477 1235 καί

318 1266 374 1352 τήν
393 1267 487 1342 αὐτοῦ
505 1271 656 1355 γέννησιν,
679 1268 739 1336 άπδ
758 1273 931 1356 Νοεμβρίου
951 1269 1044 1354 μηνδς
1071 1275 1166 1337 Ηκαί
1189 1270 1248 1338 άπδ
1269 1269 1477 1356 Ἰαννουαρίου

319 1371 477 1455 μηνδςιιαί
494 1379 553 1438 κῶν
567 1373 712 1452 ἐπέκεινα,
734 1369 840 1438 λοιπῶν
856 1374 888 1438 έν
900 1379 940 1460 τῷ
957 1381 1120 1462 τριακοστῷ
1136 1378 1223 1462 τρίτφ
1241 1377 1297 1440 έτει
1313 1381 1367 1458 τῆς
1381 1371 1477 1439 αάτοῶ

320 1472 465 1560 ένσάρκου
485 1477 715 1558 ηοἰκονομίας,
745 1472 817 1558 μετά
835 1473 869 1540 τά
886 1471 1052 1560 ὑπερβῆναι
1075 1473 1168 1544 αάτδν
1187 1475 1240 1553 τάς
1259 1475 1315 1542 δάσ
1335 1475 1477 1553 ὑπατείας

318 1577 355 1656 δίς
371 1579 499 1660 ἔφημεν,
521 1585 581 1642 τῶν
600 1601 629 1642 τε
648 1577 704 1643 δύο
726 1584 868 1661 Γεμηνῶν
885 1579 937 1642 καί
956 1578 1011 1661 τήν
1026 1575 1156 1660 Ῥούφου
1178 1581 1229 1646 καί
1244 1575 1476 1662 Ῥουβελλίωνος,

320 1679 425 1748 λοιπῶν
442 1678 474 1746 έν
488 1687 524 1769 τῇ
541 1683 623 1769 τρίτη
643 1676 783 1768 ὑπατείᾳ,
807 1683 840 1746 έν
854 1687 895 1769 τῶ
909 1684 996 1770 τρίτφ
1018 1683 1090 1763 μηνί
1106 1679 1214 1765 αὐτῆς,
1238 1680 1310 1763 μετά
1329 1679 1384 1746 τῶν
1400 1679 1477 1746 Ἰαν-

319 1781 463 1869 νονάριον
482 1783 533 1847 καί
554 1790 587 1830 ¹⁶
600 1785 822 1868 Φεβρουάριον,
845 1785 878 1848 έν
892 1788 1020 1872 Μαρτίῳ
1036 1785 1106 1865 μηνί
1122 1792 1227 1849 τελειοῖ
1237 1782 1269 1849 τά
1285 1790 1340 1850 τοῦ
1354 1782 1477 1859 πάθους

322 1883 483 1970 μυστήριον
498 1881 515 1950 δ
534 1883 658 1968 άπαθής
677 1883 795 1962 Πθεδς
813 1884 916 1971 λόγος,
938 1883 1049 1951 παθῶν
1065 1889 1097 1952 έν
1112 1888 1200 1972 σαρκί
1220 1884 1395 1969 18δι’ήμοῖς
1413 1888 1477 1970 μὲν,

322 1987 363 2056 ῶν
380 1989 412 2054 δέ
426 1989 458 2053 έν
474 1984 622 2076 άπαθείφ,
645 1984 686 2064 ῶς
701 1991 777 2075 λέγει
794 1989 923 2073 Πέτρος,
948 1991 1188 2067 19Θανατωδείς
1205 1991 1308 2074 σαρκί,
1329 1995 1476 2075 ζωογονη-

322 2093 391 2168 δείς
412 2089 445 2155 δέ
465 2097 506 2179 τῶ
528 2088 679 2172 πνεύματι.

239 2245 245 2262 .
285 2202 303 2258 ’.
407 2191 519 2276 Πάσχει
534 2194 565 2258 δὲ
587 2195 642 2258 1έν
660 2199 695 2282 τῇ
712 2191 769 2278 πρά
786 2197 948 2278 δεκατριῶν
965 2197 1127 2258 Καλανδῶν
1142 2189 1329 2276 Ἀπριλλίων,
1351 2190 1476 2278 ὑπερβε-

321 2295 458 2381 βηκότων
474 2293 572 2362 αάτῶν
587 2299 657 2378 μίαν
677 2297 818 2382 ἑσπέραν,
839 2298 989 2362 τουτέστιν
1009 2298 1040 2361 έν
1058 2302 1094 2384 τῇ
1110 2293 1405 2384 τεσσαρεςκαιδεκάτη
1423 2301 1478 2376 τῆς

321 2397 445 2483 σελήνης
466 2404 622 2487 νυκτερινή
641 2400 723 2487 μέση.
769 2400 944 2482 Προέλαβον
960 2396 1017 2484 γάρ
1036 2399 1088 2463 καί
1108 2400 1221 2483 έφαγον
1236 2395 1269 2462 τά
1288 2395 1412 2480 Πάσχα,
1436 2395 1477 2472 ῶς

322 2524 397 2585 φησι
417 2501 450 2568 τά
475 2499 658 2587 εὐαγγέλιον,
680 2502 729 2566 καί
747 2497 832 2584 ἡμεῖς
854 2499 994 2578 πολλάκις
1011 2503 1166 2582 διέπομεν.
1200 2497 1343 2584 ’Ἑφαγον
1365 2491 1475 2565 οὖντά

323 2605 429 2688 Πάσχα
443 2602 502 2686 πρά
521 2603 576 2670 δύο
592 2600 711 2686 ήμερῶν
727 2611 782 2671 τοῦ
800 2613 914 2690 φαγεῖν,
937 2605 1065 2669 τουτέστι
1079 2610 1115 2692 τῇ
1134 2605 1217 2692 τρίτη
1237 2603 1379 2690 3ἑσπέρᾳ,
1401 2600 1476 2685 ὅπερ

322 2709 382 2772 ίδει
396 2713 432 2795 τῇ
448 2708 567 2794 πέμπτη
583 2707 699 2795 έσπέρφ.
738 2705 1038 2792 Τεσσαρεςκαιδεκάτη
1053 2703 1107 2791 γάρ
1122 2701 1217 2780 οὕτως
1234 2696 1330 2788 έῆνή
1345 2705 1477 2786 πέμπτη.

322 2807 562 2890 Συλλαμβάνεται
583 2808 615 2872 δὲ
638 2815 674 2896 τῇ
702 2813 808 2898 ίτρίτη
831 2816 867 2898 τῇ
890 2807 963 2898 αὐτῇ
984 2805 1059 2890 άψέ,
1090 2805 1156 2891 ἥτις
1175 2799 1213 2889 ήν
1239 2805 1402 2888 θένδεκάτη
1425 2813 1478 2889 τῆς
1502 2815 1505 2823 ’

321 2909 443 2994 σελήνης
459 2907 628 2996 νυκτερινὴ,
650 2909 709 2996 πρῶ
730 2911 831 2988 δεκαέξ
850 2915 1013 2977 Καλανδῶν
1034 2907 1218 2995 Ἀπριλλίων·
1241 2907 1342 2994 τετράς
1360 2912 1476 2974 7δωδε·

322 3011 397 3095 κοίτη
419 3012 590 3096 νυκτερινή,
618 3011 676 3098 πρδ
700 3016 855 3080 δεκαπέντε
870 3017 1034 3079 Καλανδῶν
1049 3009 1235 3095 Ἀπριλλίων·
1263 3011 1381 3093 πέμπτη
1402 3037 1479 3097 τρις

323 3114 481 3197 καιδεκάτη
502 3113 659 3198 θήμερινή,
683 3114 838 3200 νυκτερινή
855 3117 887 3181 δέ
900 3115 1208 3201 τεσσαρεςκαιδεκάτη,
1230 3111 1289 3199 πρά
1305 3112 1478 3178 δεκατεσσά-

323 3245 385 3304 ρων
406 3224 570 3284 Καλανδῶν
590 3217 773 3304 Ἀπριλλίων·
804 3218 1013 3304 προσάββατον
1033 3215 1328 3302 τεσσαρεςκαιδεκάτη
1351 3222 1477 3281 9νυκτε·

323 3317 406 3406 ρινή,
433 3319 490 3406 πρά
522 3321 786 3406 ιοδεκατεσσάρων
809 3325 973 3387 Καλανδῶν
993 3318 1177 3404 Ἀπριλλίων·
1207 3317 1356 3401 σάββατον
1377 3343 1478 3384 πεντε-

324 3422 483 3505 καιδεκάτη
502 3421 637 3508 ήμερινή,
659 3423 718 3510 πρῶ
736 3423 862 3490 δεκαδύο
881 3429 1043 3490 Καλανδῶν
1058 3419 1243 3508 Ἀπριλλίων·
1265 3418 1480 3500 έπιφῶσκουσα

322 3525 449 3610 κυριακή
461 3525 705 3609 πεντεκαιδεκάτη
717 3526 882 3612 νυκτερινὴ,
902 3525 976 3609 ὅπερ
987 3517 1026 3608 ἦν
1040 3523 1193 3607 φωτισμδς
1204 3521 1283 3610 ᾅδου
1296 3525 1347 3588 καῖ
1360 3529 1415 3607 γῆς
1427 3525 1480 3588 καί

324 3627 454 3713 οάρανοῦ
468 3630 516 3695 καί
536 3637 544 3673 ¹
558 3626 679 3704 Ινυκτδς
689 3630 740 3694 καί
750 3625 872 3714 ἡμέρας,
889 3626 938 3693 διά
950 3626 1004 3710 τήν
1016 3623 1278 3710 πεντεκαιδεκάτην
1291 3625 1415 3708 σελήνης
1425 3627 1478 3691 καί

322 3730 374 3797 τῶν
385 3729 470 3814 ήλίου
484 3729 608 3816 δρόμον·
626 3733 677 3796 καί
689 3729 735 3796 δ’τι
746 3729 903 3807 άνάστασις
913 3733 963 3796 καί
976 3731 1111 3818 ίσημερία
1125 3727 1184 3814 πρά
1198 3731 1302 3795 ἕνδεκα
1313 3731 1481 3794 Καλανδῶν

322 3830 510 3919 Ἀπριλλίων,
532 3831 568 3900 δι’
584 3831 623 3917 ἣν
638 3835 838 3915 πλανηθέντες
857 3831 1025 3920 άπερβατδν
1043 3838 1114 3916 μίαν
1132 3828 1244 3920 ἡμέραν
1259 3833 1412 3914 ἐποίησαν,
1437 3826 1480 3906 ῶς

358 4057 396 4111 ¹0.
417 4057 484 4120 ἰδοὺ,
505 4059 531 4114 δν
545 4057 675 4130 ταβρησίᾳ
692 4064 744 4113 ωδ.
763 4063 818 4112 Vm.
952 4055 990 4110 14
1008 4051 1089 4112 ταδ’
1072 4052 1122 4114 απδ
1141 4051 1307 4123 Ἰαννουαρίου
1326 4051 1407 4122 μηνδς
1431 4071 1478 4108 σοι

359 4144 397 4194 Π.
416 4139 492 4196 αὐτοῦ
512 4145 689 4212 διαλεγομένου
706 4149 758 4197 ωδ.
776 4149 831 4196 Ven.
915 4130 966 4179 Μ·
988 4127 1041 4178 Vm

951 4198 989 4248 15
951 4193 1068 4261 λίνδη
1035 4195 1131 4262 δμίας
1148 4197 1199 4247 ωδ.
1218 4199 1272 4246 Ven.

358 4244 397 4297 λλ.
415 4261 458 4298 τον
468 4263 536 4299 ουνον
553 4250 618 4315 (λε.
634 4243 677 4302 τδν
691 4241 809 4314 οάρανδν)
828 4247 880 4300 οοδ.
951 4262 989 4316 16
1009 4265 1044 4315 η,
1051 4211 1111 4314 nm
1128 4267 1183 4314 γη,
1209 4264 1283 4336 Q„
1297 4257 1478 4330 φωρηηάρω,

324 4315 379 4368 vm
950 4331 989 4383 17.
1009 4327 1073 4416 τινες
1086 4333 1171 4382 adam
1188 4345 1218 4382 ιι
1235 4333 1287 4382 ιιι.
1308 4334 1397 4382 remeo.

357 4398 396 4451 13.
415 4398 464 4466 τῆς
482 4397 609 4464 σωτηρίας
623 4397 651 4454 τδ
672 4415 808 4469 μυοτηριον
828 4403 878 4452 ωδ.
950 4399 988 4450 18
1007 4395 1040 4453 δι’
1054 4391 1242 4466 ήμῖιςμλν,
1221 4417 1256 4452 ων
1273 4397 1303 4454 δέ
1327 4400 1381 4452 ωδ.
1400 4401 1476 4451 ῖεκα.

325 4471 379 4522 Ven
914 4461 947 4521 δι’
963 4461 1050 4535 ημᾶς,
1069 4465 1140 4534 μένει
1155 4466 1184 4524 δὲ
1201 4471 1285 4532 reliqu&
1301 4469 1363 4518 ίῖίνῖ.
