3116 4934
373 245 509 300 rsusnn
527 247 591 298 urs.
607 248 641 300 n.
658 247 739 300 ron.
755 247 774 298 ι.
792 245 1020 301 annueru-
1192 233 1253 298 ten
1356 240 1363 254 ’

183 364 246 432 lam
262 387 336 431 vero
354 367 522 432 sacerdotio
539 367 650 453 primus
673 368 763 447 ordo,
787 377 981 452 accurateque
999 367 1029 432 iu
1056 367 1190 432 omnihus
1208 367 1253 431 vi·

98 481 143 538 tae
159 471 236 534 ratio
256 469 405 534 tribuitur.
451 467 565 555 Populo
583 491 654 535 vero
671 471 853 536 moderatum
871 470 1023 554 quiddam,
1047 481 1078 534 ct
1093 470 1128 534 ad
1151 491 1253 535 eornm

97 585 210 658 captum
237 573 488 638 accommodatum
511 584 542 636 et
563 593 629 638 cum
650 573 772 658 quadam
793 572 973 658 indulgentia
992 572 1198 652 coniunctum,
1222 584 1254 638 ut

97 697 198 741 omnes
217 677 380 740 doceantur
396 696 430 738 ao
447 675 677 740 misericordiam
694 687 925 761 consequantur.
955 673 1131 741 Misericors
1148 677 1253 762 quippe
1294 682 1298 691 '

98 780 234 844 dominus
250 791 309 857 est,
333 789 364 842 et
378 799 500 842 servare
515 779 671 842 universos
689 789 797 864 potest,
822 799 887 841 cum
902 777 1059 863 praeclaris
1074 779 1170 863 legum
1183 775 1253 844 sua-

95 905 157 946 rum
180 881 344 959 institutis,
374 893 433 945 tum
457 901 529 945 vern
552 899 681 966 puraque
700 877 888 946 Christianae
912 880 1064 963 religionis
1087 881 1154 946 hde.
1199 879 1253 946 llle

95 985 172 1050 enim
195 1005 288 1071 purus
308 984 389 1048 solus
405 995 462 1048 est.
507 985 551 1046 At
571 982 621 1047 isti
639 984 705 1047 dum
727 982 842 1068 seipsos
860 980 956 1048 l'nros
981 1003 1047 1047 esse
1069 984 1251 1070 praedicant,

94 1088 142 1152 illo
162 1089 229 1174 ipso
251 1109 306 1152 suo
323 1088 458 1171 dogmate
480 1086 611 1171 impuros
637 1107 704 1152 sese
730 1084 851 1150 laniunt.
898 1083 977 1150 Nam
995 1087 1127 1172 quisquis
1149 1107 1252 1172 purum
1378 1098 1387 1115 “

94 1212 161 1255 sese
187 1191 253 1277 ipse
276 1190 460 1275 pronuntiat,
493 1199 645 1253 extremae
670 1209 703 1253 se
728 1188 904 1274 impuritatis
926 1199 1030 1275 suopte
1053 1188 1159 1254 iudicio
1182 1210 1253 1252 con-

94 1295 224 1358 demost.

179 1392 242 1460 Sed
258 1393 438 1459 incredibilis
454 1395 594 1478 quaedam
610 1394 712 1459 borum
728 1394 851 1460 stultitia
868 1405 925 1474 est,
950 1395 1016 1458 dum
1033 1395 1158 1479 aliquem
1175 1393 1254 1458 eins·
1272 1393 1333 1464 0²1³·
1351 1395 1406 1446 vlt.

94 1499 171 1562 modi
191 1497 358 1583 scripturae
373 1497 548 1562 sententiam
568 1517 635 1562 esse
657 1508 760 1582 putant
782 1497 911 1580 (tametsi
929 1519 1030 1562 rerum
1049 1518 1116 1562 esse
1138 1497 1252 1563 illorum

94 1603 199 1686 dogna
221 1601 377 1684 lateamur)
399 1621 475 1684 quae
498 1601 535 1664 de
559 1599 699 1664 uniuerso
723 1601 827 1686 populo
849 1600 924 1666 hunc
942 1599 972 1664 in
993 1601 1108 1665 modum
1130 1610 1250 1666 statuat.

94 1700 180 1768 Scire
197 1703 277 1766 euim
294 1702 363 1766 illud
386 1703 564 1780 debuerant,
590 1723 648 1766 uon
665 1703 694 1766 in
711 1701 766 1768 hoo
783 1704 876 1768 solum
898 1723 1007 1788 genere
1026 1703 1173 1768 hominnm
1190 1703 1251 1766 erri-

93 1827 155 1870 mos
181 1815 234 1870 ant
254 1805 367 1890 culpam
393 1807 587 1882 contrahere,
616 1817 668 1870 aut
692 1806 801 1870 virtute
824 1807 971 1892 praeditos
997 1827 1081 1884 esse,
1109 1807 1160 1870 scd
1183 1805 1252 1869 illud

93 1920 250 1995 praeterea
269 1905 398 1992 requiri,
425 1919 456 1972 ut
477 1929 572 1994 neque
593 1908 809 1989 convicientur,
833 1929 889 1972 nec
908 1909 1028 1973 omnino
1049 1929 1121 1971 vere
1143 1908 1254 1972 lalsove

91 2011 206 2090 iurent,
232 2031 288 2074 nec
305 2011 382 2075 aliud
397 2012 552 2096 quicquam
572 2023 702 2096 praeter,
726 2016 833 2088 Etutam,
857 2017 951 2086 ethan,
976 2015 1052 2087 Non,
1077 2035 1144 2087 non,
1169 2031 1255 2075 usur·

92 2126 172 2200 peut,
199 2135 239 2177 ue
257 2113 323 2176 dolo
339 2113 585 2193 circumveniant,
611 2135 647 2178 ure
664 2114 889 2194 calumnientur,
915 2115 1114 2194 celarentur,
1139 2135 1176 2179 ne
1193 2123 1255 2178 stu·

92 2237 175 2302 prum
194 2217 390 2281 committant.
437 2215 552 2300 Qrdbos
572 2237 613 2282 es
629 2216 765 2284 omnibns
785 2217 939 2282 criminum
956 2218 1062 2284 sordes
1077 2217 1251 2302 colligimus.

92 2319 213 2404 Atque,
242 2323 278 2381 tlt
288 2323 390 2400 polus,
415 2319 526 2404 inquit,
550 2325 625 2382 ahter
640 2325 711 2382 duos
729 2324 836 2402 laptiles
850 2323 1019 2394 conmt'tnr,
1043 2327 1086 2382 sic
1105 2332 1251 2401 peecatum
1265 2333 1310 2380 str-
1323 2333 1390 2390 tna

93 2426 121 2484 ia
138 2426 231 2484 medio
252 2427 314 2483 nus
335 2427 387 2503 qni
397 2427 465 2484 emit
477 2435 508 2484 et
527 2427 631 2485 uendit.
678 2423 725 2486 Ad
746 2423 817 2486 haec
836 2423 1034 2487 necessarium
1054 2444 1138 2500 esse,
1171 2433 1202 2488 ut
1223 2435 1254 2489 el

94 2525 167 2588 ebrii
188 2535 219 2588 et
235 2534 439 2609 stupratores,
465 2537 494 2588 et
511 2526 614 2602 avari,
639 2535 669 2588 et
687 2528 906 2604 foeneratores,
930 2538 960 2590 et
976 2526 1136 2606 eiusmodi,
1161 2547 1196 2590 ao
1212 2526 1252 2589 si-

94 2627 212 2691 mibbus
226 2627 308 2690 uitiis
323 2627 456 2691 obstricti
472 2629 502 2690 in
518 2626 615 2714 populi
631 2627 815 2692 multitudine
830 2638 998 2706 uersentur,
1020 2629 1252 2714 quandoquidem

93 2729 253 2814 unicnique
270 2729 423 2794 mendacia
440 2729 667 2796 adhaerescunt.
714 2729 848 2814 Quanam
869 2732 958 2816 igitur
976 2733 1072 2796 tronto
1091 2753 1180 2818 puros
1202 2753 1252 2819 ep·

94 2833 206 2918 pellere
226 2832 343 2916 seipsos
358 2831 499 2916 singulari
518 2833 566 2897 illa
589 2833 773 2919 professione
793 2845 931 2920 possunt,
962 2856 1027 2898 com
1050 2835 1145 2899 omnis
1165 2832 1252 2901 Chri·

92 2935 210 2998 adanae
225 2934 306 2997 vitae
321 2933 518 2998 instituendae
534 2935 609 3000 ratio
625 2936 660 2999 ab
679 2937 757 2999 omni
774 2937 945 3000 delictorum
963 2957 1074 3021 genero
1090 2938 1250 3002 cavendum

92 3057 162 3102 esse
181 3035 363 3100 constituat?
406 3034 502 3122 igitur
518 3033 708 3102 Christianae
724 3039 875 3104 doctrinae
893 3050 1060 3103 accuratam
1073 3039 1114 3104 illi
1129 3042 1252 3105 lormam

92 3161 154 3204 non
169 3149 297 3218 norunt,
322 3159 417 3223 neque
438 3139 553 3205 cuinam
572 3151 678 3204 exacta
696 3141 747 3206 illa
768 3142 803 3206 de
824 3141 963 3206 secundis
983 3143 1092 3228 nuptiis
1108 3143 1253 3229 praescri·

91 3244 151 3328 ptis
172 3243 225 3306 lex
247 3242 352 3321 luerit,
377 3263 499 3327 prorsus
520 3243 698 3327 intelligunt.

178 3342 268 3428 Quod
290 3346 326 3410 sd
351 3366 403 3412 eos
427 3365 502 3410 uero
527 3355 658 3431 spectat,
682 3346 777 3431 quiin
797 3349 1003 3432 persecutione
1021 3348 1148 3435 prolapsi
1171 3359 1249 3428 sunt,

92 3451 181 3514 etia·
202 3447 279 3526 illis,
304 3447 329 3511 si
348 3448 376 3512 io
395 3469 483 3512 sacco
501 3469 537 3511 ac
555 3448 656 3512 cinere
678 3449 816 3514 sedentes
833 3471 990 3537 coramque
1009 3449 1126 3516 domhno
1150 3452 1251 3515 derrtm

90 3553 256 3638 perlectam
280 3571 349 3635 prae
372 3571 406 3615 se
431 3551 641 3637 poenitentiam
660 3551 795 3632 tulerint,
820 3554 968 3618 beneficus
986 3554 1035 3618 ille
1051 3556 1122 3618 deus
1138 3553 1253 3618 miseri·

90 3655 224 3720 cordiam
247 3653 386 3718 adbibere
409 3665 518 3739 potest.
563 3652 647 3718 Nihil
663 3653 741 3718 enim
758 3677 798 3719 ex
814 3657 993 3741 poenitentia
1010 3657 1076 3722 mali
1096 3656 1251 3720 redundat.

90 3757 216 3842 Excipit
231 3776 304 3838 ergo
323 3758 508 3841 poenitentes
525 3757 672 3836 dominus,
697 3779 752 3822 nec
768 3779 825 3822 uon
844 3759 953 3824 eteius
971 3760 1106 3824 ecclesia.
1141 3757 1403 3842 Quem-arumna

89 3860 248 3924 admodum
264 3857 424 3926 Manassen
441 3859 590 3924 Ezechiae
612 3861 686 3926 lilius
710 3882 873 3926 conscensus
890 3873 953 3942 cst,
983 3874 1014 3928 et
1030 3885 1047 3926 a
1065 3860 1182 3926 domino
1205 3883 1250 3926 re·

90 3973 208 4050 ceptus.
256 3959 387 4048 itemque
418 3963 553 4048 princeps
577 3963 777 4049 apostolorum
800 3962 927 4045 Petrus,
958 3966 1007 4051 qui
1030 3965 1177 4029 dominnm
1200 3965 1252 4030 sli-

90 4067 210 4152 qnando
225 4067 357 4150 negant.
404 4063 462 4149 Qui
479 4067 595 4150 quidem
612 4067 724 4130 solidae
742 4079 843 4153 petrae
858 4066 954 4132 instar
969 4069 1052 4131 nobis
1069 4068 1180 4148 extitit,
1204 4068 1251 4134 cni

89 4171 176 4234 velut
193 4168 381 4232 fundamento
402 4169 512 4232 domiui
531 4170 604 4233 lides
621 4169 772 4248 innititur,
797 4191 885 4255 supra
905 4192 989 4254 qnam
1013 4171 1141 4236 ecclesia
1158 4172 1252 4236 modis

89 4271 230 4336 omnibus
254 4282 391 4335 extructa
413 4284 470 4336 est.
518 4269 654 4357 inprimis
681 4273 814 4357 quidem,
845 4273 922 4358 quod
947 4269 1096 4338 Christum
1122 4275 1169 4338 dei
1191 4273 1251 4337 visi

89 4374 184 4438 lilium
204 4394 272 4437 esse
289 4375 444 4439 conlessns
461 4386 524 4452 est,
548 4375 680 4460 idque'
651 4377 782 4442 vicissim
802 4375 910 4440 audiit.
936 4381 1031 4460 Sapra
1051 4381 1124 4442 hanc
1139 4377 1249 4440 solidae
1263 4388 1304 4432 Μ·
1305 4387 1347 4436 ιιι

90 4477 162 4542 ddei
183 4487 295 4559 mom
318 4479 473 4560 cedficcdo
490 4482 636 4544 eccksrlun
652 4503 750 4543 msam.
798 4475 944 4561 Quoniam
966 4481 1074 4548 diserte
1092 4501 1192 4546 vorum
1215 4478 1250 4545 il·
1264 4441 1343 4495 m
