3168 4926
321 227 362 291 60
742 232 864 286 τινοιν
882 233 1052 286 amman

320 357 353 422 ἐν
376 351 504 441 όληθείγι
527 353 742 438 πραγματείαν,
773 348 863 434 ὅμοια
882 357 925 440 τῷ
943 353 1097 439 Ματθαίφ
1118 351 1170 416 ταί
1191 355 1233 437 τῷ
1250 357 1376 440 Αουιιρῖ·
1406 348 1425 418 ό
1446 353 1478 418 δὲ

320 463 486 530 Ματθαῖος
502 453 562 522 dno*
576 455 819 540 τριακονταέτους
833 451 942 538 χρόνον
958 449 1016 537 πρό
1032 459 1085 535 τῆς
1101 454 1132 520 ἐν
1148 459 1189 541 τῷ
1204 449 1339 543 Ἰορδώνη
1355 456 1408 520 παῖ
1424 463 1477 520 τοῦ

319 563 520 642 βαπτίσματος
537 561 735 643 πραγματείας
755 555 789 622 τό
809 555 939 641 διήγημα
958 557 1093 622 ἐποιεῖτο.
1138 563 1264 633 Λουκᾶς
1287 557 1318 622 δέ
1339 554 1399 642 πρό
1423 563 1478 624 τοῦ

318 659 428 746 χρόνου
439 667 493 726 τοῦ
509 663 717 744 συλληφθῆναι
732 657 784 725 τόν
799 666 918 744 σωτῆρα
933 660 965 724 ἐν
982 660 1083 744 γαστρὶ
1100 655 1160 724 όπό
1171 663 1204 738 ἐξ
1221 665 1323 742 μηνῶν
1338 657 1390 726 τόν
1407 659 1477 746 χρό-

318 788 372 829 νον
386 762 507 846 ἐδήλου,
528 765 579 830 καί
594 763 678 830 ἐννέα
695 768 797 844 μηνῶν
811 759 899 826 πόλιν
914 763 965 826 καί
980 759 1085 847 όλίγων
1101 759 1218 847 ήμερῶν
1234 769 1287 846 τής
1301 760 1478 845 συλλήψεως

317 873 371 932 τοῦ
386 871 506 951 κυρίου·
528 863 569 943 ῶς
582 863 658 932 εἶναι
671 863 723 930 τόν
737 861 957 948 πάντα-χρόνον
970 862 1128 950 τριάκοντα
1139 869 1173 930 ἓν
1188 867 1254 942 ἐτος
1266 867 1318 930 καί
1331 867 1476 932 ἐπέκεινα.

318 976 470 1054 Διηγεῖεαι
488 970 520 1035 δέ
537 970 587 1034 καί
601 965 656 1051 τήν
674 974 733 1033 τῶν
750 967 900 1048 ποιμένων
918 964 968 1032 διοῖ
984 974 1044 1032 τῶν
1062 964 1327 1052 εῦαγγελισαμίνεον
1345 965 1477 1054 α’γγέλων

317 1076 477 1150 θεοπτίαν,
508 1073 558 1138 καῖ
574 1068 616 1147 ῶς
631 1068 775 1156 ἐγεννήθη
791 1070 823 1135 ἐν
838 1069 987 1153 Βηθλεέμ,
1013 1071 1063 1134 καί
1080 1066 1300 1156 ἐσπαργανώθη
1318 1073 1350 1136 ἐν
1362 1069 1476 1160 φώτνη,

315 1177 366 1240 καῖ
386 1182 423 1264 τῇ
443 1171 536 1262 όγδόη
555 1172 757 1260 περιετμήθη,
788 1173 839 1238 καί
856 1173 889 1236 ἐν
905 1170 1120 1258 τεσσαράκοντα
1135 1169 1259 1256 ήμέραις
1275 1171 1312 1237 τό
1330 1171 1406 1240 κατεῖ
1423 1173 1477 1240 τόν

316 1275 408 1360 νόμον
427 1274 598 1362 προςφόρια
617 1273 692 1361 ῦπῖρ
715 1272 807 1342 αότοῦ
825 1275 994 1355 ἐπετέλουν,
1023 1276 1074 1340 καῖ
1093 1271 1135 1350 ώς
1150 1271 1170 1340 ό
1187 1271 1315 1358 ὓυμεών
1334 1277 1366 1341 ἐν
1382 1273 1476 1361 οῖγκό-

183 1443 193 1452 ,
314 1387 377 1457 λαις
398 1381 526 1462 ἐδέχετο,
553 1381 606 1445 καί
627 1374 774 1454 ώς”Αννα
795 1374 1051 1464 ἀνθωμολογεῖτο,
1080 1375 1217 1464 θυγοίτηρ
1236 1375 1393 1460 Φανουήλ,
1423 1380 1476 1444 ιιαλ

316 1479 357 1558 ώς
379 1484 411 1548 ἐκ
431 1481 564 1576 Ναζαρὲτ
582 1479 673 1571 α’πήει
694 1483 735 1556 τίς
750 1477 942 1564 Ἰερουσαλήμ
966 1479 1028 1563 ῦμα
1046 1490 1108 1556 τοῖς
1121 1488 1238 1566 γονεῦσι
1252 1487 1385 1546 τελοῦσιν
1397 1477 1474 1566 ῦπέρ

314 1582 407 1651 αῦτοῦ
426 1583 501 1650 κατεῖ
519 1582 572 1652 τόν
588 1583 693 1668 νόμον·
724 1575 767 1650 ῶν
785 1580 874 1648 οῦδὲν
889 1589 931 1671 τῶ
947 1587 1101 1672 Ματθαίιμ
1116 1586 1316 1670 ἐπείργασται,
1345 1581 1417 1650 οῦδὲ
1432 1591 1475 1672 τῷ

315 1685 453 1778 Μόρκφ,
476 1685 546 1753 ἄλλό
568 1686 628 1771 μήν
649 1683 719 1752 οῦδδ
740 1693 782 1774 τρῖ
802 1683 937 1774 Ἰωόννη.

183 1899 250 1966 Κεφ.
262 1896 297 1966 η’.
389 1891 487 1958 ’Ὅθεν
509 1897 560 1958 καί
576 1917 652 1968 τινες
671 1889 751 1958 ῦλλοι
772 1893 803 1969 ἐξ
816 1888 962 1974 Ἑλλήνων
979 1887 1170 1973 φιλοσόφων,
1199 1891 1278 1975 φημί
1295 1891 1327 1956 δὲ
1345 1889 1473 1976 Πορφῦ-

313 2019 387 2080 ριος,
410 1995 460 2059 καλ
477 1997 601 2074 Κέλσος,
622 1997 673 2061 καλ
693 1992 938 2078 Φιλοσαββότιος,
961 1991 979 2060 ό
994 1996 1028 2060 ἐκ
1042 2001 1101 2060 τῶν
1114 1990 1271 2060 Ἰουδαίων
1286 1989 1473 2078 ὁρμώμενος,

312 2094 409 2174 δεινός
426 2100 478 2164 καῖ
502 2095 639 2164 ῶτιατεών
660 2095 747 2178 όφις,
777 2099 818 2180 είς
838 2095 892 2180 τήν
907 2095 983 2162 κατεῖ
1000 2103 1052 2180 τῆς
1069 2093 1255 2182 εόαγγελικής
1272 2101 1474 2184 πραγματείας

311 2198 466 2278 διεξιόντες
489 2197 661 2286 όνατροπήν
682 2207 742 2266 τῶν
764 2197 855 2286 ώγίιον
876 2195 1086 2285 εῦαγγελιστῶν
1105 2206 1318 2286 κατηγοροῦσι,
1348 2203 1474 2282 ψυχικοί

310 2304 363 2368 ναί
387 2306 524 2388 σαρκικοί
549 2301 759 2388 ῦπόργοντες,,
775 2301 850 2368 κατεῖ
875 2301 970 2386 σόρκα
992 2302 1024 2368 δὲ
1048 2301 1285 2388 στρατευόμενοι,
1316 2302 1369 2368 καὶ
1392 2309 1471 2368 θεοῦ

310 2403 499 2492 εῦαρίστησιν
523 2404 679 2482 α’δυνότως
700 2407 829 2489 ἐχοντες,
860 2406 909 2470 καί
925 2403 961 2469 εδ
980 2397 1033 2469 τὀῦ
1049 2402 1217 2488 πνεύματος
1233 2401 1275 2488 μή
1289 2403 1471 2487 νενοηκότες.

189 2536 239 2581 ρας.
253 2507 450 2586 λακἝτιαστος
470 2508 526 2596 γιῖρ
543 2507 738 2595 προςκόπτων
760 2518 822 2585 τοῖς
837 2506 936 2594 λόγοις
952 2513 1005 2591 τής
1020 2503 1174 2589 όληθείας,
1206 2505 1256 2572 διδ
1270 2504 1325 2590 τήν
1341 2509 1372 2572 ἐν
1388 2503 1471 2596 αῦτρῖ

308 2609 458 2694 τῦφλωσιν
475 2619 528 2696 τῆς
545 2610 708 2698 οίγυωσίας,
740 2614 783 2688 είς
798 2618 886 2678 τοῦτο
902 2613 1093 2694 ἐμπίπτοντες
1109 2611 1224 2696 ἐλεγον,
1256 2615 1330 2685 Πῶς
1345 2607 1471 2686 δῦναται

309 2711 329 2798 ή
350 2712 425 2798 αῦτή
446 2711 542 2802 ήμέρα
563 2710 638 2780 εῖναι
659 2721 711 2796 τῆς
729 2717 762 2780 ἐν
780 2714 916 2795 Βηθλεέμ
932 2711 1110 2798 γεννήσεως,
1139 2709 1215 2795 αῦτή
1237 2714 1288 2778 καί
1305 2711 1470 2796 περιτομήν

308 2819 382 2899 ἐχειν
400 2815 600 2902 όνταήμερον,
624 2819 671 2882 καί
690 2815 740 2882 διδ
758 2815 974 2900 τεσσαράκοντα
990 2813 1109 2901 ήμερῶν
1125 2818 1157 2881 ἐν
1171 2813 1383 2899 Ἱεροσολύμοις
1398 2813 1470 2882 ῶνα-

308 2922 378 2998 δον,
408 2920 459 2984 καὶ
480 2917 517 2983 τῦ
537 2916 597 2985 αῖπδ
614 2923 776 3002 Συμεῶνος
796 2916 969 2994 καῖ”Αννας
987 2920 1029 2994 είς
1045 2915 1136 2984 αῦτόν
1150 2918 1349 3000 τετελεσμένα,
1377 2913 1470 2984 όπότε

308 3023 340 3087 ἐν
356 3027 392 3110 τῇ
406 3023 492 3086 νυκτί
506 3013 528 3110 ή
542 3019 687 3106 ἐγεννήθη
701 3023 832 3104 πέφηνεν
848 3017 944 3109 αῦτςῖ,
964 3022 1073 3104 φησὶν,
1096 3020 1231 3106 ἅγγελος,
1253 3017 1326 3102 μετδ
1339 3017 1395 3104 τήν
1408 3027 1470 3088 τῶν

309 3122 429 3210 Μῶγωυ
447 3127 560 3190 ἐλευσιν
574 3130 634 3190 τῶν
652 3121 801 3190 ἐλθόντων
816 3130 1018 3207 προςκυνήσαι
1035 3120 1126 3213 αῦτρῖ,
1148 3125 1201 3190 καῖ
1215 3119 1396 3200 όνοιξώντων
1414 3121 1470 3198 τός

308 3225 421 3312 πήρας,
444 3229 494 3292 καί
510 3224 782 3311 προςενεγκόυτων,
806 3223 847 3302 ώς
863 3227 954 3311 λε’γεις
988 3228 1102 3308 Φησῖν,
1123 3224 1234 3308 Ὤφθη
1251 3223 1331 3313 αότρῖ
1346 3222 1469 3310 ῦγγελος

306 3332 413 3416 λέγων·
439 3326 579 3404 Ἀνασεοῖς
596 3327 667 3412 λεῖβε
682 3327 715 3394 τό
732 3333 870 3409 παιδίον,
892 3330 942 3394 καλ
960 3327 1013 3412 τήν
1028 3327 1155 3414 γυναῖκά
1170 3351 1243 3408 σου,
1265 3330 1317 3394 καλ
1334 3327 1468 3413 πορεύου

308 3433 350 3509 είς
364 3435 535 3518 Αίγυπτον,
564 3430 610 3497 ότι
627 3438 706 3513 ζητεῖ
717 3428 851 3515 Ἡρώδης
868 3429 923 3514 τήν
938 3429 1039 3515 ψυχήν
1057 3439 1110 3497 τοῦ
1129 3435 1261 3498 παιδίου.
1306 3433 1350 3496 Et
1364 3435 1469 3496 τοίνυν

307 3539 339 3604 ἐν
352 3534 445 3624 ταῦτη
461 3535 546 3599 νυκτί
562 3527 583 3622 ή
597 3535 766 3620 γεγέννηται
779 3533 961 3620 παρελήφθη
978 3537 1019 3610 τίς
1031 3537 1196 3620 Αίγυπτον,
1217 3535 1270 3600 καί
1283 3536 1346 3600 ἐκεῖ
1357 3525 1396 3617 ήν
1409 3535 1468 3610 ἐως

306 3638 378 3705 ότου
394 3635 545 3704 όπέθανεν
557 3633 701 3722 Ἡρώδης,
724 3635 821 3704 πόθεν
835 3636 869 3704 τό
884 3639 1040 3720 ἐπιμεῖναι,
1062 3639 1113 3704 καί
1127 3634 1311 3724 όκταήμερον
1325 3661 1466 3720 περιτμη-

306 3749 414 3823 θήυαις
444 3739 465 3824 ή
486 3745 552 3814 πῶς
569 3737 602 3805 τό
621 3738 692 3822 μετὰ
709 3739 928 3824 τεσσαράκοντα
946 3736 1109 3826 εῦρίστιεται
1126 3747 1251 3815 Λουκᾶς
1266 3738 1467 3820 ψευδόμενος,

307 3841 349 3918 ῶς
365 3865 438 3924 φασι
456 3846 700 3926 βλασφημοῦντες
716 3840 792 3908 κατεῖ
806 3849 859 3926 τῆς
878 3844 991 3910 ἑαυτῶν
1005 3851 1153 3926 κεφαλῆς,
1175 3841 1221 3910 ότι
1233 3844 1342 3926 φησίν,
1362 3837 1412 3906 Ἐν
1428 3849 1466 3931 τῇ

306 3951 521 4035 τεσσαρακοστῇ
546 3943 641 4033 ήμέρρι
662 3943 829 4032 α’νήνεγκαν
850 3943 941 4014 αῦτόν
964 3948 1006 4022 είς
1024 3943 1227 4031 Ἰερουσαλήμ,
1257 3943 1399 4010 κόκεῖθεν
1421 3947 1466 4020 είς

307 4049 443 4129 Ναζαρέτ
448 4075 457 4124 ς
490 4050 552 4113 Καί
567 4045 624 4114 οῦκ
639 4051 753 4116 οἴδασιν
767 4053 800 4116 οί
813 4047 943 4140 οῖγνωσίρ
955 4047 1142 4134 κατεχόμενοι
1157 4056 1212 4116 τοῦ
1228 4046 1316 4136 οῖγίου
1331 4044 1465 4130 πνεῦμα-

305 4171 355 4222 τος
377 4145 431 4230 τήν
452 4149 588 4234 δύναμιν.

168 4377 233 4446 ¹⁵9·
252 4371 286 4431 θ’,
387 4349 519 4443 Ἑκόστφ
538 4353 594 4440 γδρ
617 4363 676 4424 τῶν
692 4353 899 4442 εῦαγγελιστῶν
912 4357 1054 4442 ἐδωρήθη
1069 4355 1195 4423 ἐκόστου
1208 4355 1318 4441 γρόνου
1331 4357 1383 4422 καί
1397 4381 1465 4422 και-

303 4463 360 4542 ροῦ
375 4459 544 4542 διηγεῖσθαι
555 4455 592 4522 τό
607 4460 639 4524 ἐν
655 4458 780 4548 α’ληθείμ
795 4461 999 4546 πληρωθέντα.
1045 4460 1103 4526 Καί
1120 4455 1204 4544 όμέν
1219 4467 1384 4536 Ματθαῖος
1397 4459 1463 4542 διη-
