3176 4930
365 269 427 332 276
471 357 473 360 Ι
788 279 910 332 samm
928 279 1096 330 εειειικαιι

243 396 532 482 png.⁵}1.slgvfiyaytv,
555 393 669 480 άγαλμα
686 393 727 472 τός
746 397 778 459 ε’ν
793 403 856 483 ναῷ
878 400 996 484 φαιδρῷ
1012 393 1102 460 καλόν
1118 405 1181 472 ταῖς
1201 399 1308 462 ἑαυτοῦ
1329 401 1409 483 χερσί
1432 425 1518 463 κατα-

290 513 297 527 ·
365 498 517 574 σκευάσας.
560 496 714 562 Ἠπίστατο
732 497 787 582 γάρ
804 496 850 564 ὅτι
865 498 985 574 πάντως
1003 497 1075 582 ὅπερ
1102 495 1139 561 ἀν
1160 506 1196 588 τῆ
1220 501 1327 566 ἑαυτοῦ
1350 500 1518 584 τεηνῆσηται

364 605 452 688 χειρί,
476 604 505 678 ἐξ
520 598 650 687 ἀνάγκης
665 603 744 666 ἔσται
762 599 929 680 ἀθάνατον,
953 600 1002 666 άτε
1019 599 1185 676 ἀθανασίας
1200 603 1295 688 ίργον.
1339 601 1519 678 Ἀθανασίας

364 702 421 790 γάρ
442 701 577 769 ἀθάνατα
595 709 735 788 γίγνεται,
762 701 901 788 καθάπερ
918 705 969 768 καλ
989 701 1025 768 τά
1045 702 1124 768 κακά
1148 710 1269 782 κακίας,
1297 707 1348 770 καί
1371 705 1409 770 τά
1432 706 1519 771 άδιιια

364 804 489 881 ἀδικίας.
528 803 573 870 Οό
590 804 644 891 γάρ
665 803 855 886 δικαιοσύνης
868 807 955 890 ίργον
969 803 1002 872 τό
1019 804 1143 884 ἀδικεῖν,
1163 803 1233 871 ἀλλά
1249 805 1375 886 ἀδικίας,
1399 806 1464 873 οὔδ’
1482 801 1519 872 αὖ

366 907 482 986 ἀδικίας
496 905 700 994 ἀντιστρόφως
713 906 745 972 τό
761 912 985 992 δικαιοπραγεῖν
1000 911 1095 994 ἔργον,
1114 906 1184 972 ἀλλά
1197 908 1401 992 δικαιοσύνης·
1424 909 1519 994 ὥςπερ

365 1009 433 1077 οὐδὲ
446 1009 620 1096 ἀφθαρσίας
635 1009 667 1076 τό
684 1015 862 1096 φθείρεσθαι
879 1019 983 1090 ποιεῖν,
1003 1007 1072 1074 ἀλλά
1083 1019 1215 1094 φθορᾶς,
1233 1011 1264 1077 τό
1280 1010 1470 1092 ἀθανατίζειν
1485 1011 1519 1077 ού

363 1121 500 1198 φθορᾶς,
523 1110 581 1177 ἀλλ’
600 1111 785 1194 ἀφθαρσίας·
808 1115 859 1178 καί
876 1111 1050 1194 συλλήβδην,
1075 1111 1141 1177 οἷον
1156 1111 1193 1178 ἀν
1210 1106 1229 1203 ῆ
1245 1113 1276 1179 τό
1295 1123 1419 1192 ποιοῦν,
1445 1115 1518 1180 ιιαιά
1575 1097 1576 1134 ³

362 1216 416 1282 τόν
430 1214 522 1281 αὐτόν
538 1215 633 1292 οὕτως
645 1215 734 1301 λόγον
753 1223 856 1280 Ιτοῦτο
870 1213 902 1280 τό
920 1215 1100 1297 ποιούμενον
1113 1218 1142 1293 ἐξ
1156 1215 1286 1301 ἀνάγκης
1302 1215 1518 1304 ἀπεργάζεσθαι

362 1323 527 1402 συμβαίνει,
569 1316 602 1382 Ὁ
617 1320 648 1382 δὲ
663 1316 736 1393 θεός
752 1320 801 1383 καί
818 1316 969 1382 ἀθανασία
982 1320 1033 1382 καί
1051 1316 1110 1401 ζωῆ
1127 1320 1178 1382 καί
1193 1317 1360 1402 ἀφθαρσία,
1384 1323 1473 1406 ἔργον
1489 1323 1517 1384 δὲ

363 1421 524 1508 άνθρωπος
540 1428 632 1500 θεοῦ,
654 1427 716 1486 πᾶν
731 1421 762 1485 δὲ
777 1419 808 1486 τό
824 1418 884 1485 ύπό
901 1419 1069 1496 ἀθανασίας
1085 1421 1228 1506 ἔργασθέν
1246 1421 1416 1502 ἀθάνατον,
1442 1421 1518 1487 ἀθά-

363 1551 450 1600 νατος
471 1521 566 1609 άραό
591 1522 760 1608 άνθρωπος.
806 1522 863 1588 Διό
885 1522 922 1606 δῆ
947 1521 998 1588 τόν
1022 1523 1075 1605 μὲν
1096 1521 1259 1608 ἄνθρωπον
1278 1522 1517 1610 αύτοόργησενό

362 1627 445 1707 θεός,
470 1625 505 1692 τά
524 1627 555 1690 δδ
571 1625 659 1692 λοιπά
676 1627 745 1711 γένη
760 1623 844 1703 ζοίωυ
862 1623 926 1710 άερι
942 1627 993 1691 καὶ
1009 1631 1046 1714 γῆ
1064 1627 1114 1690 καί
1130 1625 1215 1692 ὕδατι
1232 1629 1389 1712 προςὲταξε
1407 1632 1516 1714 φέρειν.
1575 1669 1576 1728 ρ

358 1727 542 1815 ’Ἀνθρωπος
556 1729 588 1793 δὲ
606 1726 789 1810 ἀληθέστατα
804 1729 913 1814 λίγειαι
931 1725 1006 1792 κατά
1025 1727 1133 1809 φύσιν,
1161 1727 1229 1793 οὔτε
1249 1729 1332 1812 φυχῆ
1350 1733 1442 1813 χωρίς
1464 1729 1517 1795 σαί

363 1858 471 1915 ματος,
494 1829 555 1896 οὔτ’
573 1823 612 1895 αὖ
629 1837 713 1914 σῶμα
734 1831 822 1915 χωρίς
839 1839 953 1914 ψυχῆς,
977 1827 1049 1895 ἀλλά
1064 1829 1097 1896 τό
1114 1833 1147 1896 ἐκ
1163 1831 1329 1907 συστάσεως
1345 1840 1449 1916 ψυχῆς
1469 1835 1514 1897 καί

362 1934 498 2016 σώματος
520 1937 562 2009 είς
586 1937 657 2016 μίαν
674 1931 728 2016 τῆν
749 1939 803 1998 τοῦ
820 1940 912 1998 καλοῦ
935 1931 1056 2017 μορφῆν
1074 1935 1224 1998 συντεθέν.
1259 1933 1356 1999 Ὅθεν
1377 1938 1516 2000 ἐντεῦθεν
1575 1967 1576 2022 η

362 2035 514 2102 ἀθάνατον
535 2033 573 2117 δῆ
597 2031 649 2100 τόν
669 2033 834 2119 άνθρωπον
854 2038 1001 2121 γεγονέναι
1023 2039 1173 2117 φαίνεται,
1201 2043 1322 2121 φθορᾶς
1343 2037 1376 2100 δὲ
1398 2033 1516 2119 ἀπάσης
1575 2027 1576 2118 ί

360 2142 411 2204 καί
430 2139 527 2206 νόσων
548 2137 640 2212 ἐκτός.
686 2136 798 2204 Μάθοι
824 2133 850 2201 δ’
866 2136 903 2201 άν
923 2164 967 2214 τις
986 2146 1074 2204 τοῦτο
1091 2140 1142 2204 καί
1159 2137 1218 2204 ἀπό
1241 2147 1294 2221 τῆς
1316 2147 1436 2225 γραφῆς
1454 2143 1515 2204 ἱκα·
1575 2161 1576 2168 ’

359 2250 426 2318 ναῖς.
468 2239 536 2306 Ἐπί
559 2239 613 2326 γάρ
630 2246 690 2304 τῶν
706 2237 817 2317 ἀλλων,
840 2236 937 2305 όπόσοι
952 2239 1064 2326 χρόνων
1082 2246 1334 2326 μετακοσμούνται
1349 2246 1516 2318 διαστολαῖς

359 2341 479 2427 ῆβωντα
497 2345 548 2409 καί
567 2341 768 2429 γηράσκοντα,
789 2339 985 2429 Ἐξαγαγέτω,
1006 2343 1132 2428 λέγεται,
1155 2343 1190 2408 τά
1209 2344 1303 2409 δδατα
1326 2341 1435 2429 ἑρπετά
1457 2363 1515 2426 ψυ-

360 2454 420 2530 χῶν
437 2453 549 2526 ζωσῶν,
572 2447 623 2510 καί
640 2442 755 2512 πετεινά
772 2443 916 2528 πετόμενα
932 2448 981 2510 ἐπὶ
997 2453 1050 2528 τῆς
1066 2453 1134 2532 γῆς,
1157 2446 1231 2511 κατά
1248 2445 1281 2512 τό
1296 2449 1446 2531 στερέωμα
1462 2453 1514 2512 τοῦ

361 2546 505 2634 ούρανοῦ·
527 2549 596 2627 καί,
622 2544 836 2633 Ἑξαγαγίτωῆ
853 2556 891 2632 γῆ
906 2547 1007 2631 ψυχῆν
1022 2555 1116 2626 ζῶσαν
1134 2549 1208 2614 κατά
1227 2551 1327 2634 γένος,
1349 2548 1515 2634 τετράποδα

360 2653 410 2716 καί
426 2649 548 2736 ἑρπετά,
570 2652 620 2716 καί
636 2654 729 2733 θηρία
745 2657 796 2732 τῆς
810 2658 864 2735 γῆς
879 2648 954 2716 κατά
970 2653 1070 2736 γένος·
1094 2654 1143 2717 ἐπί
1157 2653 1191 2716 δὲ
1207 2659 1259 2716 τοῦ
1276 2650 1444 2738 ἀνθρώπου
1462 2651 1515 2728 ω’ς-

361 2751 459 2828 αύτως
474 2755 606 2832 ἐκείνοις,
627 2749 805 2838 Ἐξαγαγίτω
820 2750 841 2834 ῆ
855 2761 904 2837 γῆ,
927 2751 1036 2834 ούκίτι,
1058 2753 1089 2836 ῆ,
1110 2751 1290 2839 Ἐξαγαγὲτω
1304 2752 1340 2818 τά
1354 2755 1461 2832 δδατα,
1484 2755 1512 2836 ῆ,

360 2853 579 2938 Γενηθήτωσαν
595 2861 764 2940 φωστῆρες,
788 2852 874 2933 ἀλλά,
900 2855 1077 2940 Ποιήσωμεν
1092 2855 1255 2940 ἀνθρωπον
1269 2855 1331 2924 κατ’
1348 2855 1448 2923 εἰκόνα
1463 2860 1513 2922 καί

359 2955 429 3023 καθ’
446 2955 586 3040 ὁμοίωσιν
603 2955 755 3042 ῆμετέραν,
778 2961 827 3022 καί
846 2955 1012 3042 ἀρχέτωσαυ
1025 2967 1085 3024 τῶν
1102 2961 1215 3042 ἰχθύων
1230 2961 1281 3024 καί
1295 2966 1356 3024 τῶν
1373 2967 1514 3025 πετεινῶν

358 3067 414 3126 τοῦ
432 3058 573 3145 ούρανοῦ,
595 3063 646 3125 καί
661 3059 782 3126 πόντων
797 3069 857 3126 τῶν
873 3069 998 3146 κτηνῶν,
1020 3064 1086 3140 καί,
1102 3059 1228 3144 Ἔλαβεν
1244 3058 1262 3126 δ
1275 3060 1349 3139 θεός
1364 3069 1436 3146 γοῦν
1451 3058 1512 3127 ἀπό

359 3170 412 3246 τῆς
432 3170 505 3250 γῆς,
527 3165 578 3229 καί
600 3165 704 3229 ίπλασε
723 3163 776 3229 τόν
798 3162 968 3248 άνθρωπον.

215 3581 281 3650 Κεφ
297 3579 345 3643 κε’.
445 3578 504 3640 Καὶ
520 3578 570 3641 ίνα
587 3575 625 3658 δῆ
642 3583 749 3658 μᾶλλον
765 3577 816 3640 καὶ
835 3571 921 3658 δμεῖς
942 3575 995 3658 τῆν
1017 3572 1166 3660 διαφοράν
1184 3577 1349 3658 αίσθησθε,
1372 3574 1414 3653 τίς
1434 3575 1511 3642 ὅλοιν

247 3649 315 3719 (ιγ’)
359 3681 411 3746 καί
427 3681 514 3744 παντλ
532 3686 591 3743 τοῖν
608 3677 702 3744 ἀλλων
718 3680 867 3763 διαφέρων
881 3680 932 3743 καί
947 3682 979 3744 ἕν
995 3681 1114 3766 δευτέρᾳ
1128 3685 1197 3768 τιμῆ
1210 3685 1268 3743 τῶν
1284 3675 1413 3763 ἀγγέλων
1427 3681 1510 3764 ἔγκα-

358 3784 507 3866 ταλεχθελς
522 3779 539 3846 ό
557 3779 719 3865 άνθρωπος
733 3777 894 3865 εὑρίσκεται
911 3780 1064 3858 ἀθάνατος
1082 3777 1139 3860 ἀν,
1162 3783 1233 3864 φέρε
1251 3779 1326 3844 κατά
1344 3780 1398 3847 τόν
1412 3781 1512 3863 ἀληθῆ

358 3995 410 4071 τῆς
429 3991 565 4070 είςπνοῆς
586 3994 639 4052 τοῦ
658 3984 732 4052 κατά
751 3983 803 4052 τόν
825 3985 897 4072 ἀέρα
918 3985 1085 4068 πνεύματος
1107 3987 1337 4068 Ῑέμψυχούσθαι
1360 3985 1452 4066 ἐδόθη
1477 3982 1510 4050 τό

358 4099 425 4174 ζῆν,
447 4098 488 4178 τῷ
505 4091 537 4156 δὲ
554 4091 583 4167 ἐξ
600 4087 691 4173 αὐτῆς
708 4097 759 4173 τῆς
776 4085 932 4157 ἀθανάτου
948 4091 999 4154 καλ
1014 4089 1216 4174 διαφερούσης
1234 4085 1346 4164 ούσίας.
1388 4086 1512 4166 Ἐνεφό-

359 4214 427 4274 σησε
442 4189 499 4279 γάρ
514 4190 532 4258 ό
546 4191 620 4268 θεός
638 4195 680 4269 είς
695 4189 727 4258 τό
744 4191 902 4277 πρόςωπον
918 4189 1010 4258 αὐτοῦ
1025 4191 1122 4275 πνοῆν
1139 4199 1228 4274 ζωῆς,
1250 4193 1302 4256 καί
1321 4191 1432 4276 ἐγένετο
1454 4187 1511 4256 ἀν-

359 4302 484 4378 θρωττος
499 4297 539 4370 είς
552 4293 652 4378 ψυχῆν
669 4301 771 4373 ζῶσαν.
810 4297 871 4359 Καὶ
886 4304 948 4372 τοῖς
963 4296 1015 4379 μὲν
1031 4293 1181 4360 δουλεύειν
1193 4295 1243 4360 καί
1259 4288 1402 4379 άρχεσθατ
1416 4317 1510 4378 προς-

394 4513 453 4568 cn.
472 4517 557 4570 XXV.
576 4547 609 4557 —
644 4524 667 4571 1.
685 4519 758 4573 τοῦτο
772 4519 801 4575 τί
820 4535 869 4586 τρο.
903 4522 968 4573 Libri
984 4525 1054 4590 υυίςο
1069 4523 1149 4576 τοῦτο.
1183 4522 1294 4573 Petamus
1311 4522 1400 4572 volebat
1413 4515 1453 4572 τὸ.

1575 2789 1576 2822 ί

1575 2829 1576 2892 ί

1575 3029 1576 3102 ί

231 3914 283 3960 ηις.
303 3905 347 3950 σιν,
361 3884 448 3950 πάλιν
463 3885 514 3950 καί
529 3881 697 3970 όρθόδοξον
713 3885 765 3948 καλ
783 3890 870 3950 τοῦτο
884 3885 1015 3968 διαλάβω
1033 3881 1181 3970 λογισμόν.
1222 3889 1290 3958 Τοῖς
1306 3883 1360 3964 μὲν
1375 3881 1429 3969 γάρ
1446 3881 1510 3948 ἀπό
