3176 4930
403 263 665 316 reassumam.
682 265 764 316 rou.
777 267 797 316 ι.
815 265 913 316 nunu.
927 265 1019 318 nxtv.
1230 253 1291 316 285

133 397 301 465 moreest,
334 407 397 450 cum
422 385 571 470 plagarum
592 384 686 447 instar
709 385 744 447 ad
769 386 948 450 coercendos
971 405 1077 470 pueros
1101 396 1217 470 reperta
1241 385 1290 448 sit.

133 485 206 552 Nou
237 501 420 574 peccatorum
441 487 506 550 dieo
529 499 670 564 mortem,
701 487 951 572 asapieutissimi
972 488 1121 565 homiues,
1152 489 1291 550 sedeam

134 613 194 675 qna
210 591 325 654 aruimus
342 615 360 654 u
377 589 511 675 corporis
530 589 679 654 consortia
700 601 863 674 separatur.
909 587 987 652 Nam
1011 611 1075 652 eum
1095 589 1168 652 liber
1190 611 1225 652 ae
1248 591 1293 652 sui

134 694 210 756 iuris
234 705 314 758 esset
331 693 416 756 lromo
435 693 543 771 lactus,
569 693 648 754 etad
668 693 793 756 honesta
814 692 991 776 capessenda
1010 691 1056 755 sui
1074 691 1165 776 ipsius
1181 691 1293 755 arbitrii

136 797 312 881 consiliique
329 797 509 860 voluntatem
530 793 713 878 accepisset,
738 817 772 858 ao
789 795 955 858 mandatum
977 793 1052 856 istud
1071 794 1229 871 audiisset,
1254 799 1296 855 Ile
1308 807 1367 850 neu.
1381 806 1401 861 a,
1416 809 1447 850 rs.

136 903 216 961 oanni
234 904 313 980 legno
331 903 464 960 Parada'si
478 903 641 972 comedetis,
667 901 701 958 de
724 901 802 977 ligno
818 909 910 957 nutem
925 901 1060 957 solicanae
1076 899 1143 957 doni
1161 909 1214 957 unt
1229 896 1299 958 mali

134 1025 193 1065 non
214 1007 377 1065 comedetis:
407 1023 580 1082 quocumque
594 1013 686 1062 nutent
704 1004 749 1061 die
766 1003 913 1061 comedetis
934 1003 968 1061 de
989 1002 1054 1073 illo,
1085 1010 1173 1060 raorte
1194 1005 1294 1060 marae·

135 1110 223 1180 matri,
250 1125 302 1188 per
325 1125 392 1168 sese
417 1105 453 1166 ad
473 1105 681 1166 comedendum
706 1103 842 1165 inductus
866 1125 900 1165 ao
920 1101 1026 1164 diaboli
1048 1101 1222 1180 calliditate,
1247 1101 1295 1184 qui
1372 1113 1375 1122 ’

137 1209 173 1270 ad
198 1207 363 1271 violandum
387 1206 538 1291 imperium
563 1206 654 1268 variis
674 1205 768 1267 utodis
791 1203 948 1283 incitabat,
972 1205 1053 1267 velot
1076 1205 1225 1268 inescatus
1249 1205 1295 1266 dei

137 1321 326 1395 praeceptum
346 1319 549 1392 transgressus
568 1321 630 1387 est,
663 1309 748 1391 idque
768 1307 861 1392 ipsum
881 1306 1009 1371 scandali
1036 1308 1129 1370 instar
1149 1317 1179 1370 ct
1200 1307 1296 1391 laquei

137 1420 169 1476 et
184 1412 357 1475 offensionis
377 1412 486 1474 extitit.
531 1409 644 1475 Malum
664 1411 740 1472 enim
762 1410 833 1473 dens
858 1429 916 1472 raon
939 1411 1025 1488 lenit,
1051 1431 1105 1474 trec
1128 1409 1296 1473 ullomodo

138 1527 245 1578 auctor
266 1513 343 1576 illius
368 1524 424 1578 est.
472 1512 531 1578 Sed
552 1513 687 1598 quioquid
708 1511 821 1575 arbitrii
845 1513 890 1574 sui
914 1522 1059 1597 potestate
1076 1513 1237 1598 praeditum
1261 1513 1298 1576 ab

137 1637 175 1680 eo
204 1617 310 1680 iactuum
334 1627 398 1694 est,
429 1627 567 1700 utquam
592 1617 687 1698 legem
707 1613 869 1678 iustissime
893 1614 1114 1699 praescripserit
1137 1615 1298 1678 observare

137 1717 252 1804 possit,
276 1719 330 1781 uisi
353 1739 417 1780 eam
440 1719 624 1796 servaverit,
650 1718 755 1782 malum
774 1716 946 1802 appellatur.
992 1715 1049 1780 Est
1065 1729 1162 1780 autem
1182 1718 1296 1802 gravis-

137 1819 245 1884 simum
270 1821 325 1883 hoo
347 1821 482 1883 damarum
509 1821 658 1904 inprimis,
684 1821 729 1882 dei
750 1821 884 1882 mandata
906 1819 1074 1904 {negligere,
1100 1841 1133 1883 ac
1154 1819 1296 1898 institiae,

137 1944 216 2008 quae
234 1923 370 1987 adiuncta
387 1922 515 1988 libertati
534 1935 595 2002 est,
619 1923 725 1987 limites
747 1921 922 2008 praeterire.
969 1919 1053 1986 Unde
1072 1934 1260 2008 posteaquam
1280 1945 1297 1987 a

137 2025 187 2090 dei
210 2025 356 2088 sententia
382 2025 520 2089 deficiens
542 2025 629 2088 hnuto
646 2025 814 2110 inquinatas
833 2035 896 2103 est,
921 2045 957 2088 ac
973 2024 1072 2087 delicti
1092 2027 1228 2090 sordibus
1246 2025 1297 2089 ab·

137 2129 260 2205 solevit,
287 2126 406 2212 vitiique
426 2126 652 2214 quamplurimas
668 2129 817 2213 expressit
832 2127 862 2190 in
879 2147 946 2190 sese
965 2128 1106 2206 maculas,
1131 2141 1202 2212 qrtas
1218 2130 1297 2214 priu-

138 2251 211 2315 ceps
227 2231 275 2294 ille
292 2242 323 2294 et
340 2232 450 2295 erroris
469 2251 574 2316 parens
590 2229 745 2308 indiderat,
770 2231 818 2315 qui
835 2232 968 2305 luderem,
994 2242 1026 2294 nt
1042 2232 1187 2316 scriptura
1203 2231 1296 2314 loqui·
1311 2243 1347 2288 e..
1360 2242 1381 2299 t,
1396 2244 1427 2287 n.

140 2345 207 2410 tur,
230 2339 375 2415 coacepit,
401 2344 432 2398 ut
449 2333 595 2396 houiiuem
619 2333 654 2394 ad
672 2333 885 2417 improbitatem
903 2343 1044 2417 perpetuo
1068 2333 1216 2396 lraudilaus
1233 2334 1296 2396 suis

139 2437 259 2500 trahere
273 2457 308 2498 ac
322 2435 535 2500 circumvenire
551 2443 652 2520 queat,
674 2435 858 2519 omnipotens
875 2435 948 2498 dens
965 2447 1115 2498 aeteruum
1132 2433 1212 2497 illum
1230 2435 1298 2498 dae·

141 2539 238 2602 monis
255 2539 405 2602 fraudibus
424 2538 529 2601 malum
548 2557 616 2600 esse
636 2540 744 2600 iactum
761 2539 881 2615 videus,
907 2547 939 2600 ut
958 2549 986 2600 et
1007 2539 1150 2622 impostor
1165 2538 1297 2602 diabolus

140 2652 223 2720 erat,
248 2654 404 2729 propterea
419 2644 554 2722 pelliceos
570 2653 599 2702 et
612 2644 679 2702 illae
696 2645 806 2701 tunicae
827 2641 912 2719 lecit,
937 2661 994 2724 quo
1013 2639 1093 2703 illurn
1109 2640 1190 2704 vnlut
1204 2651 1297 2704 morte

142 2745 268 2828 quadam
292 2746 445 2823 indueret,
476 2755 507 2806 nt
530 2765 565 2807 ea
589 2744 720 2830 eorporis
744 2741 937 2806 dissolutione
961 2740 1096 2827 quicquid
1120 2744 1149 2805 iu
1173 2763 1209 2806 eo
1232 2743 1298 2806 mali

140 2849 316 2932 productum
339 2848 434 2910 luerat
455 2845 709 2910 intermoreretur.
889 2877 890 2880 ¹
1342 2887 1401 2952 cap.

229 2947 302 3014 lllnrl
325 2969 398 3013 vero
423 2950 479 3012 iam
508 2960 593 3012 autea
619 2949 792 3034 disputatum
817 2959 861 3011 est
888 2957 1137 3031 morrstratmnque
1160 2947 1298 3033 pellicens
1328 2955 1417 3006 XXX.

142 3053 258 3116 tunicas
284 3052 360 3115 aliud
386 3072 452 3114 esse
476 3063 595 3136 practer
618 3073 754 3137 corpora.
799 3049 858 3116 Sed
885 3051 1071 3113 nihilominus
1096 3051 1171 3113 idem
1196 3070 1299 3114 rursus
1311 3023 1434 3092 (xxm)

143 3155 310 3237 (dicendum
327 3154 402 3217 euim
419 3154 536 3239 saepius
552 3154 611 3238 est)
629 3153 683 3217 hoe
700 3155 765 3218 loco
784 3165 961 3240 repetamus.
999 3149 1115 3214 Primus
1131 3153 1222 3236 igitur
1237 3153 1299 3238 ipse

143 3277 269 3341 parens,
293 3269 447 3343 autequam
464 3277 519 3320 eae
538 3255 655 3320 tunicae
674 3265 906 3335 consuerentur,
932 3275 1000 3318 ossa
1016 3275 1049 3318 se
1065 3265 1095 3318 et
1112 3277 1231 3318 caruem
1249 3255 1300 3317 ha·

142 3359 216 3422 lacre
236 3361 409 3439 cantitetur,
436 3381 499 3423 cum
517 3359 652 3422 nimirum
672 3362 838 3444 perductam
857 3360 891 3422 ad
914 3379 981 3422 sese
1001 3357 1152 3422 mulierem
1169 3367 1300 3422 coutem-

143 3461 258 3546 platns‚
282 3467 343 3525 Hoc
357 3485 432 3525 nunc
448 3485 495 3538 oe,
520 3462 631 3547 inquit,
655 3485 692 3524 ec
709 3465 818 3524 casibus
835 3467 912 3537 meaa,
938 3473 968 3522 et
980 3483 1048 3522 coro
1067 3465 1102 3522 de
1117 3483 1203 3523 earne
1219 3481 1298 3522 men:
1313 3471 1371 3518 oen.
1384 3471 1406 3528 a,
1418 3471 1452 3518 n.

143 3569 215 3628 daec
230 3567 378 3627 vocabitur
396 3569 507 3640 molter,
533 3569 662 3646 quantiam
680 3569 714 3626 de
728 3569 789 3627 ur'ro
803 3577 912 3646 sumpta
928 3576 988 3626 est:
1014 3575 1133 3644 propter
1148 3567 1201 3624 doc
1213 3567 1300 3624 relin-

143 3679 212 3749 quet
230 3671 311 3730 domo
324 3681 433 3749 putrem
449 3680 477 3729 et
492 3679 608 3730 matrem
623 3690 703 3730 aarum
710 3715 719 3743 ‚
744 3679 775 3729 et
787 3669 951 3729 adhaerebit
967 3671 1148 3740 autorisatae,
1173 3679 1202 3728 et
1217 3679 1302 3730 eram

143 3775 201 3834 dno
217 3777 247 3832 ιἰι
265 3793 377 3832 earnem
394 3793 487 3834 onam.
523 3769 629 3855 Neque
645 3771 722 3834 euim
741 3783 838 3834 certos
854 3771 986 3834 homiues
1002 3771 1080 3832 lerre
1097 3790 1227 3854 possum,
1252 3769 1301 3853 qni
1368 3853 1370 3856 Ι

144 3873 281 3938 ooatsulto
308 3885 454 3957 ungantur
480 3895 514 3937 ac
543 3873 705 3958 scripturas
735 3873 983 3957 impudentissime
1014 3874 1209 3956 detorquent,
1243 3893 1300 3956 quo

143 4032 216 4081 tium.
240 4030 396 4078 tdemotttnm
411 4031 461 4077 tom
473 4043 548 4090 sumo
562 4032 708 4079 neuntt-
745 4024 810 4092 μετὰ
826 4023 854 4078 τὸ
870 4025 995 4086 ἐκπεσεῖν,
1013 4029 1122 4077 Leontina
1137 4028 1177 4076 tt.
1204 4029 1231 4079 V.
1242 4041 1303 4090 quoe

142 4093 174 4150 ari
193 4090 294 4147 σύνολον
309 4089 376 4155 ὅλως
394 4093 423 4147 ἐκ
439 4093 532 4156 παντὸς
545 4093 575 4148 τὸ
593 4093 709 4159 παράπαν
744 4095 864 4144 annotavit
880 4097 937 4157 Ana.
954 4097 1033 4145 Motus
1050 4097 1065 4143 t.
1081 4097 1095 4143 t.
1113 4107 1170 4158 pop.
1185 4095 1225 4145 50.

142 4165 260 4226 reperitur
274 4167 345 4214 ettcm
359 4179 433 4226 supro
454 4179 506 4226 cop.
521 4164 564 4218 ¹27.
596 4167 633 4227 Gt.
656 4177 709 4226 cop.
776 4164 799 4212 ¹2.
825 4157 964 4228 φράσωμεν
988 4165 1055 4214 notet
1080 4165 1221 4225 Excerptnaa
1246 4165 1301 4215 Sir·

142 4235 202 4294 sn,
224 4237 245 4282 et
262 4247 331 4295 capp.
347 4233 380 4284 'd‘t
397 4237 418 4283 et
433 4231 475 4284 37.
741 4233 821 4282 moad.
836 4247 876 4294 cp.
887 4231 997 4280 oudone.
1011 4235 1039 4280 Β.
1050 4233 1077 4282 Ρ.
1092 4233 1196 4282 ιοιιι.111.
1208 4229 1299 4294 utta.

181 4333 352 4410 numm-,m
369 4335 486 4385 mmm
742 4298 871 4420 millianam
892 4295 964 4352 scilta
988 4301 1056 4349 oddtt
1080 4301 1138 4350 Eoo.
1162 4301 1233 4352 Sirra
1259 4314 1300 4362 cp.

182 4435 243 4487 Cur.
258 4435 346 4486 XXX.
362 4463 396 4474 —
435 4435 455 4486 t.
473 4439 593 4500 Enoemstt
607 4441 709 4499 putorem
775 4434 800 4488 4.
816 4433 880 4502 πρὸς
894 4433 940 4502 τήν
957 4441 1064 4503 γυναῖκα
1079 4439 1147 4489 notet
1163 4439 1303 4498 decerptum

143 4509 218 4558 tutus
243 4507 327 4570 mnes
349 4509 461 4568 parterm
485 4519 557 4568 nsque
582 4507 615 4556 od
637 4509 709 4558 uerbo
742 4509 857 4568 damnant
871 4506 1035 4558 Stnnondr'ont
1050 4522 1090 4571 op.
1106 4507 1218 4558 Gottoud
1235 4505 1281 4554 te
