3168 4942
373 219 509 272 cannen
528 219 592 271 nte.
604 221 637 271 n.
656 219 738 272 ron.
753 220 785 270 ιι.
803 219 905 270 nens.
919 219 1019 270 cxix.
1214 207 1273 270 701

113 357 244 423 expers,
277 337 352 402 iilius
373 359 447 403 vero
466 350 571 426 sponte
589 360 661 420 sua,
693 361 727 403 ac
749 339 784 402 de
803 339 897 404 sancti
918 338 1037 424 spiritus
1056 336 1186 423 carentis
1210 357 1277 400 cor-

113 461 188 526 pore
203 440 356 506 voluntate
375 463 483 527 corpus
498 441 614 522 induit,
639 442 680 506 ita
700 454 797 506 tamen
823 451 855 505 ut
875 441 1054 504 immutabile
1077 449 1276 523 permaneret.

113 545 214 628 Atque
235 545 308 606 haec
326 545 424 608 omniu
444 556 546 609 sancta
566 545 681 609 triunitas
699 547 735 608 ed
760 543 879 608 humani
896 543 1021 608 salutern
1043 541 1163 626 generis
1186 540 1278 606 admi·

112 646 264 710 nistravit.

202 745 351 831 Quocirca
368 771 433 814 cum
449 749 593 828 dixisset,
620 754 715 828 Quare
730 771 773 812 me
787 753 986 831 dereliqm'cte't
1016 747 1060 812 sic
1082 747 1111 810 in
1131 746 1189 810 elio
1211 746 1276 811 loeo
1322 745 1381 814 cap.

112 850 206 929 dixit,
236 856 301 914 Non
327 865 354 914 tc
373 857 517 927 deserum,
548 874 637 934 meque
656 865 683 914 te
701 855 903 934 derelmpuum.
952 849 1069 914 Etenim
1093 849 1190 912 triduo
1210 869 1277 914 cnr·
1290 816 1431 934 pissiiii'm,

113 975 170 1040 pne
188 954 217 1018 in
238 954 395 1040 sepulchro
413 955 511 1018 iacere
527 955 645 1033 debuit,
678 966 710 1018 ut
731 955 801 1018 ittet
825 954 994 1020 vaticinium
1019 953 1207 1038 impieretur,
1238 955 1280 1012 Et
1295 931 1380 1034 ι’ἆῗιῧῖ·

111 1060 209 1138 fuctus
225 1079 288 1120 curn
302 1063 378 1118 rirter
394 1069 520 1120 mortuos
540 1059 627 1132 liber,
660 1069 707 1137 et,
731 1062 916 1120 mouentur
936 1079 980 1118 me
996 1059 1128 1118 deiectum
1144 1067 1277 1136 inquom
1291 1059 1374 1104 reatae

112 1163 235 1222 eudnuer
250 1159 483 1234 abominandum,
510 1171 569 1223 tum
584 1159 667 1239 ittet,
691 1163 757 1221 Non
773 1161 854 1222 dudr's
869 1171 998 1222 sanctium
1013 1171 1090 1220 tuum
1105 1161 1202 1220 wilere
1216 1179 1280 1220 cm·-
1307 1113 1385 1206 lb’eii'

112 1267 289 1343 ruptionem,
323 1272 352 1324 ut
370 1262 424 1325 snb
448 1262 542 1325 sancti
559 1262 677 1326 nomine
702 1283 809 1347 corpus
825 1263 987 1347 exprimat,
1019 1262 1204 1345 animamque
1226 1257 1278 1322 do·
1306 1215 1383 1268 m
1397 1214 1431 1260 η’

113 1373 182 1428 eeat
198 1385 235 1427 nc
253 1365 328 1449 upnd
350 1362 464 1428 interos
488 1365 603 1449 quidem
620 1364 806 1443 destitutum,
839 1364 869 1428 in
893 1385 967 1449 qua,
1000 1385 1065 1429 curn
1084 1364 1113 1428 in
1138 1363 1189 1427 itto
1211 1362 1277 1426 ioco
1323 1369 1325 1374 ’

114 1467 316 1546 detineretur,
341 1466 387 1528 dei
404 1467 527 1532 verbnm
546 1468 656 1545 inerat,
681 1478 713 1530 ut
730 1467 807 1551 qnod
823 1466 859 1530 ab
879 1468 1020 1552 apostolis
1037 1468 1145 1532 dictum
1165 1475 1211 1530 est
1229 1486 1276 1529 re·

113 1569 178 1654 ipsa
207 1569 416 1654 perficeretur:
454 1571 629 1651 irreposcibile
655 1575 727 1632 enein
760 1581 825 1631 erat
851 1573 977 1632 detmere
1000 1573 1080 1632 illum
1104 1572 1140 1632 ab
1161 1571 1272 1653 rirserek.
1290 1577 1339 1620 aet
1354 1573 1377 1630 ἱ,
1392 1573 1424 1618 ²⁴·

113 1667 193 1752 chd
210 1681 256 1736 est
270 1672 346 1756 quod
367 1671 548 1757 impossibiie
567 1672 659 1736 fnisse
678 1681 796 1751 narrat,
828 1672 884 1736 uisi
901 1672 978 1757 qnod
995 1682 1026 1736 et
1042 1693 1122 1736 mors
1140 1683 1170 1736 et
1186 1671 1273 1736 inieci

111 1774 192 1838 ittim
209 1775 335 1838 animam
351 1775 483 1838 detinere
499 1775 671 1854 studerent,
696 1775 761 1838 iieri
779 1785 877 1840 tumen
895 1775 932 1838 nb
950 1774 1131 1839 divinitatem
1149 1793 1207 1838 non
1223 1795 1275 1860 po·

113 1876 171 1940 tuit
187 1888 217 1940 nt
235 1876 271 1941 ab
291 1877 349 1941 tttis
368 1881 580 1942 coerceretur?
626 1873 686 1940 iam
704 1897 776 1940 rero
794 1878 819 1942 si
836 1877 876 1942 nb
893 1877 1074 1942 divinitatem
1091 1877 1182 1962 ipsam
1206 1897 1277 1940 con-

112 1980 201 2043 tineri
224 1979 320 2043 anicna
339 2003 397 2044 non
417 1981 526 2064 putuit,
559 1980 677 2065 quinam
701 2001 741 2044 en
766 2000 892 2066 persona
918 1979 1080 2044 divinitatis
1104 1989 1274 2065 usurpatum

60 2104 65 2112 ·
110 2081 183 2146 iliud
198 2093 260 2161 est,
284 2087 362 2145 Bene
376 2105 468 2158 mene,
493 2087 561 2145 deur
575 2105 669 2157 meuc,
694 2105 784 2164 poure
798 2105 841 2144 me
856 2085 1054 2164 dereliquisti?
1096 2081 1206 2147 Restat
1220 2083 1274 2167 igi·
1290 2087 1374 2185 iffi}

113 2196 163 2248 tur
179 2196 210 2248 nt
226 2205 265 2248 ex
282 2185 428 2250 humanae
442 2195 565 2249 naturae
582 2206 709 2269 persona
723 2195 752 2249 et
768 2185 875 2250 affectu
886 2187 1009 2270 quodem
1028 2186 1154 2250 humano
1168 2185 1275 2249 dictum
1323 2174 1330 2198 ’
1372 2172 1378 2186 ⁶

112 2288 185 2352 iilud
200 2287 352 2366 rideatur,
378 2299 410 2352 ut
429 2288 662 2352 incarnationem
689 2309 747 2352 nnn
772 2287 870 2371 specie
895 2290 1039 2352 duntaxat
1060 2287 1273 2366 adumbratam,

112 2391 168 2454 sed
188 2392 284 2476 reipsa
302 2409 431 2475 vereque
456 2389 688 2456 administratam
714 2391 806 2454 icisse
829 2391 988 2454 discamus.
1035 2387 1148 2474 Ecquid
1173 2410 1274 2475 porro,

112 2503 233 2588 praeter
248 2492 276 2556 id
291 2494 366 2577 quud
384 2515 488 2558 somno
505 2492 609 2556 mortis
627 2493 753 2578 sopitum
771 2494 878 2572 iuerat,
896 2515 913 2556 c
932 2504 1011 2558 terra
1027 2491 1182 2556 surrexit?
1202 2496 1277 2554 Sur·
1289 2502 1364 2545 Mere-

111 2599 297 2670 reer'tem'm,
329 2595 440 2679 inquit,
470 2608 587 2658 nonest
608 2599 664 2658 dre.
714 2593 861 2679 Quidnam
889 2593 959 2659 iliud
981 2595 1152 2660 surrexisse
1170 2595 1277 2658 dicitnr
1305 2555 1340 2610 Μ’
1354 2556 1375 2598 ⁸⁸

112 2696 172 2760 uisi
189 2718 314 2783 corpus,
339 2698 498 2783 etquidem
517 2699 587 2762 ittud
604 2698 698 2782 ipsum
721 2719 828 2784 corpus
847 2700 923 2782 quod
948 2698 977 2762 in
995 2697 1152 2784 sepulchro
1166 2696 1277 2761 iacuit?

110 2800 224 2864 Anima
246 2822 334 2885 porro
352 2823 418 2864 cum
436 2801 536 2864 divino
554 2801 645 2864 verbo
664 2800 774 2886 pariter
797 2801 833 2864 ab
858 2800 960 2864 inferis
980 2801 1116 2866 emersit.
1162 2798 1277 2866 Secun-

111 2903 180 2966 dum
201 2923 275 2988 quae
296 2903 474 2968 consociatis
493 2903 522 2966 in
543 2925 633 2967 unum
652 2904 788 2968 omnibns
806 2905 965 2990 perfectam
986 2903 1117 2969 numeris
1140 2904 1276 2968 omnibus

112 3006 364 3070 resurrectionem
383 3005 531 3092 implerit,
564 3005 667 3069 eadem
688 3005 858 3087 divinitate,
890 3007 993 3072 eedem
1018 3007 1133 3086 anima,
1157 3007 1276 3070 eodem·

111 3127 172 3192 que
198 3108 385 3174 sanctissimo
412 3129 538 3193 corpore
564 3119 767 3188 constantem,
803 3118 832 3172 et
856 3119 946 3174 totum
969 3109 1038 3174 iliud
1063 3107 1275 3173 incarnationis

110 3211 288 3296 mysterium
311 3210 341 3274 in
366 3233 451 3277 unam
469 3210 630 3298 spiritalem
651 3211 906 3293 coniunctionem,
938 3223 968 3276 et
984 3213 1014 3276 iu
1033 3233 1119 3278 uuam
1138 3211 1274 3277 divinita·

111 3313 154 3377 tis
178 3315 411 3400 copulationem,
441 3325 529 3398 atque
548 3314 578 3377 in
598 3334 684 3376 uuam
705 3314 989 3380 administrationem
1006 3317 1274 3399 perfectionemque

111 3416 265 3482 condecit.
311 3415 380 3500 Quo
403 3417 473 3480 iilud
502 3437 518 3480 e
541 3416 652 3501 psalmo
668 3413 771 3480 XCiL
797 3418 941 3502 pertinet,
972 3424 1109 3482 marmur
1128 3423 1427 3500 regeneramur.

110 3525 241 3582 decorem
258 3523 374 3582 maurus
389 3532 450 3596 eet‚·
475 3530 506 3583 nt
522 3517 612 3582 divini
628 3519 711 3583 verbi
727 3520 757 3583 in
773 3530 869 3585 terras
887 3523 1053 3606 ingressum
1070 3543 1086 3586 c
1102 3521 1186 3585 coelo
1201 3541 1274 3605 quo·

112 3623 181 3686 dam
204 3631 339 3686 ornatum
360 3622 467 3686 decore
483 3620 683 3706 signiticaret,
709 3624 828 3688 honest
850 3645 970 3688 cernam
990 3625 1026 3688 dc
1041 3621 1140 3688 Maria
1157 3623 1274 3708 virgine

112 3734 296 3810 susceptam.
343 3723 429 3809 Quae
445 3725 560 3810 quidem
580 3747 646 3789 cum
662 3725 825 3791 infidelium
849 3727 942 3790 oculis
961 3726 1027 3791 vilis
1051 3737 1139 3812 atquc
1159 3726 1274 3790 abiectu

111 3823 284 3906 videretur,
316 3827 445 3892 divinum
472 3837 570 3892 tamen
594 3827 717 3893 verbum
745 3851 798 3916 pro
816 3831 923 3894 decore
948 3840 978 3893 et
1004 3839 1177 3894 ornamento
1194 3829 1273 3894 iiiam

110 3927 233 4008 habuit,
259 3939 290 3994 ut
306 3949 342 3994 ea
359 3951 393 3994 re
413 3930 471 3995 vim
493 3951 578 3996 suam
595 3951 630 3994 ac
647 3943 822 4016 potestatem
840 3934 1028 4013 ostenderet,
1054 3955 1127 4019 quac
1144 3953 1198 4018 per
1219 3953 1274 3996 ex·

111 4042 228 4094 ternum
254 4031 333 4096 iilam
360 4033 459 4098 carnis
482 4032 709 4098 imbecillitetem
734 4045 857 4100 mortem
877 4035 1025 4117 aboleret,
1058 4060 1133 4122 quse
1161 4037 1274 4124 peccati
1335 4069 1337 4072 ·

114 4134 296 4200 dominatum
315 4145 402 4220 atque
430 4135 585 4222 imperinm
611 4135 779 4218 obtinebat,
812 4139 1000 4226 acquicqnid
1019 4141 1198 4208 adsalutem
1222 4163 1274 4208 no·

111 4337 188 4386 quum
203 4337 290 4374 monce
305 4327 347 4374 eut
361 4329 480 4388 corrupte.
500 4327 677 4390 centuriatim
744 4323 770 4379 4.
788 4323 861 4394 dunis
877 4329 961 4379 uitium
983 4336 1018 4382 ert
1036 4331 1073 4382 ed
1092 4331 1175 4382 Pecu.
1194 4333 1274 4382 Geton.

111 4387 211 4458 ἔχοντα,
222 4389 338 4444 τουτέστι
351 4387 395 4444 τὸν
405 4389 521 4453 θάνατοι,
535 4393 583 4460 τῆς
593 4390 674 4461 ἀμαρ-
708 4402 778 4458 repet.

109 4457 169 4520 τίις
187 4455 283 4520 λΰσας,
301 4455 348 4528 τήν
364 4459 449 4514 πᾶσαν
465 4467 515 4512 cett.
