3148 4938
358 285 495 338 euuuuu
512 287 576 340 ιιι,
590 289 623 342 ιι.
639 287 722 342 rom.
737 289 770 340 ιι.
788 287 888 340 usna.
905 289 1002 342 nxrx.
1215 281 1276 346 uta

111 427 210 480 antem
232 421 260 476 et
285 407 407 486 esuriit,
432 418 461 470 et
478 407 584 472 sitivit.
630 405 763 493 Fatigsri
781 408 887 474 deinde
911 431 950 473 ex
973 409 1080 476 itinere
1103 424 1154 477 aut
1169 414 1275 479 sedere

111 515 258 603 quomodo
276 510 387 598 potnit,
413 531 477 573 cum
495 511 635 596 scriptum
654 511 710 590 sit,
741 516 818 572 oeus
834 535 891 574 aaa
908 515 1072 576 laborabit?
1117 511 1180 580 Cur
1201 537 1274 580 vcro
1317 521 1377 568 Μ·

110 621 173 705 ipse
192 617 285 694 dixit,
319 618 377 694 Qua·
396 619 474 675 merit
493 635 536 674 me
557 625 642 695 puter
666 617 757 676 maror
782 622 910 676 meast?
954 615 1040 680 Alius
1059 627 1106 680 ast
1126 617 1203 681 enim
1227 619 1276 703 qui
1301 623 1385 720 {ffi-

112 721 213 799 mittit,
238 719 313 782 alius
331 717 379 800 qui
393 715 529 778 mittitur.
561 713 628 778 Noc
642 715 799 781 obscurum
816 726 863 780 est
877 727 990 802 patrem
1009 740 1067 782 non
1085 739 1153 782 esse
1169 719 1275 802 iulium,
1330 709 1338 731 ’

111 843 207 909 uequc
226 821 317 886 lilium
342 839 409 883 esse
428 828 553 904 patrem.
599 815 670 881 Non
688 819 765 883 enim
791 819 929 882 assentiri
952 817 1082 884 Sabellio
1105 843 1274 906 possumus,

110 926 158 1012 qni
176 925 267 988 tilium
292 933 403 1008 patrem
431 921 513 1005 quasi
541 942 629 984 unum
655 922 838 1005 eundemque
862 923 1024 986 constituit.
1072 923 1190 1009 Alioqui
1214 947 1273 990 nou

111 1027 242 1105 diceret,
273 1028 360 1086 Alius
378 1029 490 1105 estqui
506 1027 584 1085 mabit
600 1045 659 1098 me,
684 1034 731 1102 et,
764 1029 841 1085 Vada
855 1029 988 1087 addeum
1012 1049 1118 1101 meum,
1143 1031 1273 1090 eldeum
1298 1033 1376 1132 ¹22⁸}ss

109 1141 249 1203 amaeam,
279 1139 389 1208 patrem
413 1149 501 1187 meacm
525 1137 554 1187 et
571 1137 682 1207 patrem
702 1137 836 1188 oestrum.
890 1125 997 1211 Neque
1018 1149 1090 1191 vero
1114 1150 1153 1193 eu
1176 1129 1276 1194 divina
1328 1119 1335 1140 '
1375 1114 1382 1127 ⁴

110 1231 243 1295 essentia
264 1229 439 1293 naturaliter
466 1228 558 1312 geniti
586 1240 655 1293 sunt
677 1227 826 1314 discipuli:
860 1240 889 1292 et
911 1229 947 1292 iis
971 1241 1068 1294 tamen
1091 1229 1185 1310 dixit,
1220 1235 1274 1294 Pu·

109 1349 181 1398 trem
204 1345 336 1396 raabam.

197 1433 309 1500 Verum
331 1433 381 1519 qni
399 1434 455 1497 ista
481 1433 612 1498 iactitant
627 1432 806 1497 intolerabili
826 1434 950 1517 quodam
977 1437 1077 1500 tunore
1101 1447 1131 1500 et
1147 1436 1273 1501 amentia

108 1539 256 1603 tenuatur.
311 1534 430 1599 Etenim
456 1536 480 1599 si
509 1536 573 1600 solo
598 1536 716 1600 nomine
742 1536 866 1615 dicitur,
899 1557 953 1600 nec
978 1549 1084 1602 natura
1110 1537 1185 1602 filins
1215 1551 1273 1618 est,

106 1639 297 1726 quantumvis
314 1639 456 1724 dignitate
475 1650 612 1725 superet,
636 1637 705 1702 nihil
722 1639 757 1701 ab
776 1639 954 1724 reliquarum
976 1651 1178 1705 ereaturarum
1203 1663 1274 1705 con·

11 1749 12 1754 ’
106 1743 220 1808 ditione
244 1743 344 1808 distat·
390 1740 469 1806 Nam
498 1752 600 1804 etrex
624 1740 692 1804 lieet
713 1741 886 1826 praefectis,
922 1763 958 1805 ac
981 1741 1103 1806 militum
1123 1743 1273 1828 magistris

106 1844 285 1924 antecellat,
319 1867 375 1908 nou
398 1845 463 1908 ideo
481 1865 539 1906 nnn
565 1842 697 1906 eiusdem
715 1853 762 1906 est
785 1843 867 1907 cuius
891 1843 982 1908 ceteri
1002 1844 1197 1927 corrditionis,
1223 1856 1274 1910 aut

106 1969 168 2011 non
186 1947 287 2012 eadem
309 1970 373 2012 cnm
394 1947 450 2011 illis
470 1947 615 2010 servitute
631 1945 817 2024 continetur,
851 1958 987 2032 tanquam
1006 1968 1047 2010 ex
1066 1949 1170 2012 eadem
1190 1969 1273 2012 crea·

105 2050 190 2114 tione
208 2049 377 2130 derivatus,
402 2061 432 2114 et
447 2048 578 2112 mortalis
595 2069 652 2110 non
669 2069 755 2112 secus
775 2069 810 2111 ae
828 2047 876 2133 qui
893 2049 948 2113 sibi
964 2049 1089 2114 subiecti
1109 2061 1189 2115 snut.
1223 2049 1273 2116 Si·

105 2152 218 2215 militer
243 2173 283 2215 ex
309 2175 345 2216 eo
373 2153 448 2238 quod
469 2151 512 2214 sol
534 2160 584 2213 ant
610 2149 678 2212 luna
704 2149 849 2215 sideribus
874 2163 1025 2236 praestant
1043 2152 1181 2237 reliquis,
1213 2175 1272 2218 nun

11 2291 12 2296 κ
103 2255 218 2318 idcireo
235 2255 364 2318 obnoxia
388 2275 457 2318 esse
476 2255 621 2318 elementa
641 2253 795 2332 desinunt,
821 2265 850 2316 et
869 2254 955 2318 unius
970 2254 1150 2334 conditoris,
1176 2265 1205 2318 et
1223 2277 1272 2319 ar·

106 2357 210 2436 tiliois,
236 2357 326 2442 patris
342 2379 375 2422 ao
390 2357 440 2420 lilii
458 2368 488 2419 ct
505 2356 625 2441 spiritus
641 2357 735 2419 sancti
752 2357 955 2420 moderatione
973 2356 1117 2420 subiecta.
1163 2356 1272 2442 Neque

11 2497 12 2500 =
105 2459 185 2543 qnod
205 2459 301 2542 augeli
325 2460 412 2524 rebus
438 2458 572 2522 omnibus
593 2457 838 2542 aspectabilibus,
862 2459 995 2544 adeoque
1011 2459 1118 2522 creatis
1136 2458 1271 2523 omnibus

105 2560 213 2624 ordine
231 2582 265 2623 ac
283 2561 424 2646 dignitate
443 2559 674 2646 praestantiores
688 2571 774 2640 sunt,
799 2572 900 2647 utpote
917 2561 965 2646 qui
983 2561 1036 2624 snb
1053 2572 1203 2647 aspectum
1222 2583 1272 2627 ca·

103 2665 180 2728 dere
203 2675 367 2749 nequeant,
399 2676 428 2727 et
447 2665 570 2748 primum
592 2663 686 2726 cultus
709 2683 781 2748 erga
801 2663 931 2728 divinum
955 2684 1062 2727 numen
1086 2675 1116 2726 et
1137 2663 1270 2749 obsequii

102 2767 203 2831 locum
233 2788 267 2830 ac
286 2766 459 2851 dignitatem
485 2765 654 2846 obtineant,
687 2786 773 2850 quem
801 2765 919 2832 assidue
938 2765 1054 2852 hymnis
1077 2787 1111 2830 ac
1136 2767 1270 2832 laudibus

102 2869 276 2948 celebrant,
301 2889 393 2953 equo
408 2879 438 2932 et
455 2867 636 2932 immortales
656 2891 714 2932 nnn
734 2879 838 2934 natura
856 2878 941 2948 suut,
965 2869 1016 2932 scd
1035 2869 1129 2953 gratia
1146 2869 1269 2951 conditi,

102 2972 142 3035 ab
164 2991 202 3034 eo
220 2971 268 3055 qui
292 2969 465 3035 immortalis
489 2982 552 3048 est,
586 2981 615 3032 et
633 2971 661 3035 in
686 2992 754 3036 sese
773 2972 832 3035 vita
850 2971 914 3056 ipsa
933 2981 980 3034 est
998 2982 1029 3034 et
1050 2969 1267 3051 immortalitas,

102 3072 328 3138 immortalitate
352 3075 469 3154 donati,
504 3095 563 3138 ιιιιιι
588 3086 686 3137 tamen
711 3085 866 3160 propterea
891 3095 948 3136 uon
974 3083 1052 3137 metu
1077 3094 1112 3137 ao
1140 3084 1269 3138 tremore

83 3175 145 3240 »ita
170 3176 361 3240 scrutinentur
382 3187 414 3239 ut
436 3175 602 3260 exigendae
625 3198 642 3239 a
666 3196 698 3240 se
721 3176 827 3239 rationi
851 3195 886 3238 ac
910 3174 1027 3240 divinae
1043 3175 1206 3239 maiestatis
1224 3175 1270 3240 in·

101 3277 257 3364 quisitioni
281 3279 462 3364 imperioque
486 3279 609 3342 subiecti
632 3278 702 3342 sint.

192 3377 270 3443 Hinc
288 3381 377 3465 igitur
393 3391 528 3445 accurata
547 3381 614 3460 illa,
646 3381 682 3444 de
707 3403 763 3465 qua
781 3380 916 3466 quaestio
934 3391 998 3461 est,
1022 3380 1158 3446 veritatis
1183 3401 1267 3466 repe·
1315 3394 1376 3462 Gap.

99 3483 195 3546 tenda
212 3484 305 3561 ratic,
331 3494 361 3547 ut
378 3505 444 3548 eum
461 3484 551 3547 iilium
572 3483 694 3548 dicimus
712 3505 770 3547 non
788 3483 895 3548 undum
915 3504 1006 3568 penes
1030 3483 1109 3547 illum
1133 3484 1267 3547 residere
1293 3463 1389 3514 ΝΠ·

99 3584 279 3649 vocabulum
305 3587 528 3666 existimemus,
558 3588 609 3650 sed
636 3607 703 3650 esse
729 3597 832 3650 natura
857 3585 962 3650 lilium.
1009 3585 1126 3671 Quippe
1149 3605 1190 3650 ex
1213 3605 1269 3648 nsn

99 3707 222 3772 quoque
241 3697 343 3752 nostro
368 3689 524 3774 plerosque
548 3688 626 3753 filios
651 3689 855 3767 nominamus,
886 3689 935 3772 qui
955 3698 1061 3752 natura
1084 3708 1267 3772 nequaquam

98 3789 157 3852 filii
180 3790 273 3852 nostri
289 3791 359 3854 siut.
407 3791 450 3854 At
465 3792 528 3856 reri
543 3791 598 3870 dlii
617 3792 749 3876 germani
770 3791 924 3856 dicuntur:
956 3790 1005 3876 qni
1024 3790 1150 3854 naturali
1174 3811 1189 3853 a
1215 3812 1269 3854 no·

98 3892 149 3955 bis
167 3892 360 3976 generatione
385 3895 540 3980 prodeunt.
588 3891 675 3978 Quod
699 3894 723 3957 si
744 3895 821 3959 tilius
841 3895 985 3958 duntaxat
1010 3913 1044 3956 ea
1063 3893 1179 3956 rationo
1200 3913 1268 3957 rcr-

96 3995 174 4058 bnm
194 3995 380 4074 nominatur,
405 4019 461 4081 qua
478 3997 571 4060 ceteri
593 4017 695 4062 omnes
715 3996 767 4062 sdii
787 3997 832 4060 dei
850 3995 947 4060 vocati
965 4007 1051 4077 suntp
1085 3993 1155 4059 nibil
1177 3993 1269 4079 igitur

95 4095 140 4160 ab
164 4096 230 4160 aliis
248 4097 436 4182 discrepabit.
483 4096 585 4181 Quare
607 4121 660 4164 cnr
685 4111 821 4184 tanquam
840 4101 912 4163 deus
933 4097 1092 4163 adoratur?
1134 4095 1214 4162 Nam
1237 4109 1268 4162 et

134 4319 160 4370 2.
179 4319 291 4371 ltendum
316 4324 399 4371 meat.
435 4323 619 4386 seponendum,
644 4327 670 4373 at
703 4321 736 4373 da
760 4321 849 4392 quibus
872 4339 965 4372 nomen
995 4320 1139 4389 adoptionis
1165 4320 1266 4384 dicitur,

87 4390 183 4452 sudor,
200 4381 365 4448 τοῢςᾶλλοιις
379 4387 490 4450 πάντας,
509 4383 549 4456 ἐφ’
565 4380 610 4454 eiu,
628 4396 671 4442 aut
703 4391 772 4443 relat
796 4391 876 4459 ipsnm
891 4389 1007 4450 adorari,
1033 4393 1072 4442 sut
1086 4395 1205 4443 anam
1219 4405 1268 4460 ιιοιι

87 4455 151 4510 τῶν
169 4449 252 4508 ἄλλων
269 4455 352 4509 πάντα
369 4451 409 4524 ἐφ’
423 4447 460 4510 ori.
491 4461 601 4509 canant
617 4473 669 4510 ner·
702 4463 771 4511 atita
785 4463 899 4511 aamuisac
916 4462 1008 4523 probol.

85 4528 145 4586 sio,
164 4524 306 4594 oportebat
322 4524 483 4592 igituratiam
498 4525 561 4578 alins
573 4543 668 4592 omnes,
