3116 4934
329 228 951 322 raananmannumnannamxm.
1155 253 1216 320 115

65 396 235 474 presserant
258 385 437 452 mutiercntia
463 387 625 472 accepisse.
677 383 759 452 Inter
784 407 857 470 quos
883 385 1027 472 quendum
1049 385 1217 472 episcopum

66 489 272 568 nominabant,
296 489 344 574 qni
363 491 394 553 in
410 490 521 574 exiguo
534 487 722 555 Palaestinae
740 481 845 576 oppido
860 489 957 553 mattis
974 487 1059 553 annia
1074 489 1217 554 ccclesiae

65 592 207 676 praefuit,
237 603 268 655 et
285 590 512 657 contubernales
533 591 696 658 istiusmodi
716 593 838 656 seminas
861 593 897 656 ad
921 591 1110 656 domesticum
1134 591 1220 656 mini·
1326 665 1331 673 ,

64 696 185 760 sterium
202 693 319 772 babuit,
343 713 428 780 quern
449 715 504 758 noa
523 694 611 759 etiam
629 715 669 759 cx
687 696 891 759 confessorum
908 713 1029 758 numero
1049 695 1139 758 fuisse
1162 693 1220 759 soi-

66 818 140 862 mua.
188 793 249 862 Sed
272 796 310 860 iis
327 797 375 882 qui
393 798 429 860 de
451 816 488 862 eo
509 795 586 862 istud
609 797 804 878 affirmarent,
835 807 865 860 et
886 797 922 861 dc
945 797 1124 862 mutierculis
1146 796 1218 882 ipsis

66 899 243 985 cognouisse
259 896 403 979 dicerent,
427 900 513 965 bdem
530 899 637 964 nuttam
653 898 843 964 adhibendam
861 900 1037 984 putavimus.
1072 895 1150 964 Nam
1167 919 1219 964 eo·

66 1023 147 1080 rum,
172 1003 264 1087 quiid
280 1002 448 1082 iactabant,
471 1002 642 1088 improbitas
657 1001 863 1093 necessitatem
888 1002 1032 1086 quandam
1050 1001 1164 1082 attolit,
1188 1011 1221 1066 ut

66 1105 222 1188 ntiqnando
238 1105 444 1184 crederemus,
469 1105 624 1190 aliquando
641 1103 761 1170 minime
775 1105 976 1184 credere-us,
1000 1125 1074 1189 quae
1088 1104 1124 1168 ad
1140 1104 1221 1170 aenis

65 1206 141 1271 itlius
164 1207 314 1272 infamiam
338 1207 466 1294 episcopi
485 1218 551 1292 post
569 1207 633 1272 eius
657 1206 767 1270 obitum
791 1209 949 1272 referrent.
993 1204 1089 1271 Porro
1111 1207 1221 1271 crimen

65 1309 154 1388 iilud,
179 1310 264 1373 cuius
280 1310 520 1390 insimulabatur,
544 1308 687 1374 eiusmodi
709 1309 773 1372 fuit.
819 1305 895 1374 Cum
920 1329 961 1374 ex
984 1331 1019 1374 eu
1040 1310 1164 1374 faotione
1187 1329 1221 1373 ao

65 1433 158 1496 grege
179 1412 294 1496 quidam
321 1411 459 1477 iocinoris
481 1413 566 1476 istius
583 1411 736 1477 convietus
754 1433 773 1475 a
793 1411 877 1476 nobis
898 1412 1143 1498 redargueretur,
1165 1412 1222 1476 boc

66 1513 101 1577 ad
127 1515 310 1600 purgandum
327 1535 397 1578 aesc
421 1515 451 1578 in
475 1515 600 1579 medium
626 1514 736 1596 attulit,
760 1515 796 1578 ab
818 1535 854 1579 ee
872 1535 956 1599 quom
978 1525 1223 1600 constupraverant
1312 1549 1313 1552 ¹

65 1616 191 1694 irmina,
216 1635 386 1702 quamquam
405 1617 513 1682 effoeta
529 1617 585 1681 iam
607 1628 637 1681 et
654 1637 727 1682 enus
745 1629 826 1696 erat,
851 1617 1037 1681 foedissimae
1059 1617 1137 1680 iilius
1158 1613 1222 1680 tibi-

66 1719 142 1783 dinia
158 1719 303 1783 rationem
321 1719 474 1798 didicisse,
499 1718 536 1783 ab
550 1719 701 1804 coquenti
715 1719 872 1784 concubitu
889 1720 932 1784 sio
949 1719 1101 1799 edoctum,
1124 1729 1157 1784 ut
1172 1717 1222 1783 de-

65 1821 195 1886 testandi
219 1821 349 1886 bumaria
371 1821 543 1908 profluvium
565 1822 595 1886 in
619 1833 727 1886 terram
750 1813 915 1908 spergeret.

152 1925 253 2008 Atque
269 1924 325 1988 boc
342 1925 456 2008 quidem
475 1925 672 2008 turpissimum
690 1936 720 1990 et
739 1926 938 1990 execrandum
958 1933 1004 1988 est
1020 1923 1137 1989 iliorum
1159 1943 1224 1990 soe·
1243 1927 1362 1997 thr-111·

66 2025 132 2104 lus,
157 2027 235 2112 quud
254 2037 285 2090 et
299 2026 428 2112 ipsorum
445 2027 561 2113 derepit
575 2026 708 2107 animoa,
731 2037 795 2092 eta
815 2027 958 2091 diabolice
977 2025 1119 2091 caecitate
1138 2027 1225 2113 prod·

65 2129 203 2192 eiecitnr.
249 2125 432 2212 Quibusnam
448 2149 522 2196 vcro
541 2128 763 2195 auctoritatibus
783 2129 1015 2213 testimoniisque
1035 2131 1102 2196 freti
1122 2127 1158 2194 id
1175 2129 1224 2194 ilia

64 2230 179 2316 delapsi
194 2229 272 2309 sint,
295 2231 325 2294 iu
344 2232 468 2296 medium
485 2233 593 2298 afferre
612 2253 670 2296 non
689 2233 787 2319 putavi
805 2232 1022 2312 neceesarium,
1046 2253 1084 2297 ne
1104 2233 1170 2298 dum
1188 2233 1225 2298 ed

65 2333 214 2417 cuiusque
233 2332 365 2398 baeresia
387 2333 561 2418 flagitiosam
585 2335 733 2400 libidinem
759 2336 953 2399 aversandam
975 2335 1143 2400 accuratius
1163 2335 1225 2400 sin·

64 2435 137 2520 gnie
154 2435 375 2521 persequimur,
400 2436 621 2502 imbecilliorum
639 2457 674 2501 ao
691 2438 810 2503 lerimte
827 2437 948 2521 quedam
966 2436 1108 2501 elatorum
1132 2435 1225 2501 bomi-

63 2559 139 2602 num
157 2537 273 2602 animos
288 2538 324 2602 ed
340 2559 378 2602 ee
393 2539 488 2624 magia
505 2539 628 2604 incitare
643 2540 812 2619 videamur,
837 2539 884 2624 qui
902 2537 1016 2624 quidem
1031 2539 1136 2604 melum
1155 2559 1226 2626 prae

66 2639 151 2704 bono
167 2637 223 2705 sibi
240 2639 427 2706 consciaoere
447 2661 482 2705 ac
497 2652 617 2728 captare
632 2650 823 2706 consuerunt.
869 2639 980 2706 Verum
1003 2643 1040 2706 ad
1059 2641 1226 2706 uberiorem

65 2741 237 2808 horrendae
252 2741 331 2806 itlius
347 2763 382 2807 ao
399 2745 585 2830 serpentinae
603 2744 734 2812 baeresis
751 2742 979 2808 confutationem
994 2765 1087 2830 pauca
1103 2745 1138 2808 de
1154 2744 1227 2809 mul·

66 2845 109 2910 tia
131 2855 277 2910 attexam.

157 2943 245 3012 Unde
259 2947 360 3031 igitur,
384 2969 507 3034 quaeso,
531 2957 589 3013 tam
606 2947 747 3014 netarium
764 2949 861 3013 scelus
877 2948 1048 3034 excogitare
1065 2947 1227 3015 didicistis?

63 3047 204 3114 Primum
228 3049 323 3128 cuim,
347 3061 379 3114 ut
397 3049 535 3116 univerae
554 3050 665 3130 dicam,
688 3053 754 3137 quis
774 3071 832 3115 non
850 3053 947 3130 videt,
971 3073 1035 3116 curu
1054 3052 1227 3116 daemonum
1308 3037 1309 3041 ¹

63 3151 220 3238 propriam
242 3162 373 3217 renuam
398 3152 473 3217 banc¹
497 3173 564 3218 ease
588 3154 766 3235 doctrinam,
799 3165 859 3218 tum
883 3153 953 3218 1111111
979 3166 1089 3219 tautum
1112 3164 1227 3240 tamque

61 3265 161 3320 atrox
182 3253 301 3318 euobis
317 3254 469 3320 inventum
488 3255 643 3340 flagitium,
668 3277 726 3320 uon
744 3257 799 3321 nisi
818 3277 922 3322 errore
945 3257 1112 3344 depravatis
1134 3256 1228 3320 bomi-

63 3359 160 3422 nibus
184 3379 220 3422 ac
244 3357 411 3442 corruptele
433 3357 615 3422 conveniret
656 3355 735 3422 Nem
758 3358 784 3424 ai
802 3358 922 3424 omnino
944 3357 1100 3442 concipere
1122 3359 1227 3422 melum

61 3472 138 3542 eet,
161 3460 296 3546 proiecto
315 3481 374 3523 non
392 3459 430 3524 ob
443 3460 536 3547 ipsam
556 3457 666 3525 sobolis
682 3461 928 3546 procreationem,
951 3460 1003 3526 sed
1020 3461 1057 3524 ob
1073 3481 1228 3546 corporum

60 3561 290 3648 copulationem
309 3562 416 3626 mutum
439 3583 507 3628 esse
525 3561 682 3628 videbitur.
728 3561 831 3646 Quare
848 3563 916 3648 quid
942 3585 996 3627 uua
1019 3563 1124 3626 attinet
1145 3562 1228 3628 volu-

57 3675 154 3752 ptate
170 3674 324 3749 superatos
340 3667 531 3730 commiscere
548 3667 693 3751 corporat
735 3666 797 3730 Aut
817 3665 843 3730 si
865 3685 1020 3752 corporum
1037 3665 1086 3732 iiia
1106 3664 1228 3728 coniun-

57 3768 131 3832 ctio
149 3765 224 3831 mnla
242 3787 301 3831 uon
317 3777 382 3847 eat,
406 3787 443 3831 nc
458 3767 582 3853 idipsum
598 3767 712 3852 quidem
729 3767 804 3852 quud
824 3767 954 3852 gignitur
970 3770 1005 3832 ad
1027 3767 1139 3832 exitum
1161 3785 1228 3851 per·

55 3871 184 3936 ducere
197 3868 304 3932 melum
320 3879 377 3933 est.
409 3865 528 3933 Etenim
543 3869 591 3935 vel
606 3869 748 3934 abdicatis
765 3869 898 3934 omnibus
912 3871 1121 3955 agriculturam
1134 3869 1228 3934 omni·

55 3993 102 4038 no
124 3993 190 4036 mun
205 3971 353 4056 attingere
368 3970 514 4036 bominem
530 3983 657 4058 oportet,
681 3971 921 4057 quenadmodum
931 3971 1008 4035 Abel
1022 3975 1121 4036 orium
1136 3969 1228 4036 fuisse
1241 3975 1300 4024 ⁰⁸2
1312 3978 1368 4034 ⁴0²

54 4085 194 4163 pastor,
218 4069 332 4138 Caluus
348 4083 456 4145 terram
475 4073 603 4140 coluisse
618 4073 734 4138 dicitur.
780 4071 837 4137 Vct
858 4073 883 4137 ai
900 4072 995 4138 sotum
1014 4093 1158 4140 exercere
1175 4074 1229 4138 ati·

54 4179 135 4266 quis
156 4175 299 4256 instituit,
323 4175 364 4240 uti
381 4173 451 4242 Noe
471 4176 577 4242 iecisse
592 4176 709 4256 dicitnr,
733 4173 794 4259 qui,
818 4186 850 4240 ut
864 4171 1003 4260 scriptum
1025 4185 1087 4256 est,
1111 4181 1380 4263 versentanum

50 4281 223 4364 affluo,
247 4281 431 4360 reptantcm‘t
445 4284 568 4356 1111111111,
592 4299 651 4344 non
667 4276 752 4358 ideo,
776 4287 863 4366 puto,
886 4277 1000 4343 vineam
1018 4279 1173 4366 plantavit,
1197 4291 1229 4346 ut

89 4437 123 4489 2
147 4433 202 4484 arce
215 4435 315 4484 curm
331 4425 379 4486 cde
394 4429 532 4499 miscuero
546 4435 638 4486 1111111111
669 4435 778 4486 1111111111.

51 4503 293 4558 mmmmm.
315 4501 358 4552 Eat
371 4507 451 4553 uatem
465 4517 519 4553 cum
533 4503 638 4566 empore

115 4579 445 4639 mmfflmwtttt
986 4593 1026 4656 15
