3154 4930
313 225 375 290 510
480 237 482 242 ’
735 235 859 290 mum
875 237 1048 290 ΕΡΙΡΗΑΝΙΙ

314 357 417 442 σκοτία
433 356 549 434 φαίνει,
570 354 623 418 καί
641 349 661 435 ἦ
676 358 777 420 σκοτία
794 351 866 420 αότό
888 352 925 420 οῦ
942 358 1116 439 κατέλαβεν,
1137 355 1200 437 ότι,
1222 359 1298 440 φησί
1304 379 1314 437 ·,
1344 353 1462 422 mm

289 443 297 454 ⁸
323 453 375 520 Ιτό
395 453 501 531 σκότος
514 453 547 521 τό
564 461 644 535 φιδς,
668 453 710 533 οίς
724 464 785 522 νῦν
800 464 939 542 πονηρῶν
950 456 1115 543 ’Λρχόνεων
1132 458 1327 525 ’διωκόντων
1344 462 1397 525 καλ
1414 485 1464 525 πσ-

313 557 479 639 λεμοόντων
495 556 549 640 τὴν
568 557 706 642 θεότητα.
749 563 792 624 Et
810 561 843 624 δί
855 559 1083 644 Ιπολεμοίμιινον
1106 559 1138 628 τό
1156 570 1223 642 φοῖς
1247 561 1387 628 διοίκεται
1405 559 1463 628 όεεό

314 667 368 726 τοῦ
393 659 532 741 σκότους,
565 657 624 747 όρα
645 661 849 749 δυνατώτερον
872 665 931 730 ίστι
956 670 1010 729 τοῦ
1030 663 1130 744 φωτός
1153 663 1186 731 τό
1211 665 1333 746 σκότος,
1364 663 1465 748 ἐπειδὴ

312 763 526 850 ἀποδιδράσκει
545 763 605 832 οίτεό
621 763 784 850 προςτόιτον
808 773 862 830 τοῦ
880 763 1021 847 σκότους,
1048 769 1100 834 καί
1115 765 1168 851 οιίχ
1185 765 1343 850 ὗφίσταται
1363 775 1464 850 στῆναι

314 866 533 948 ίνδαλλόμενον,
568 866 618 933 διό
642 867 676 932 τό
708 865 908 954 δυνατότερον
933 867 1046 947 σκότος.
1095 869 1166 938 'Au
1199 871 1252 954 οῦχ
1277 869 1376 948 οῦτως
1400 873 1464 954 ἔχει.

317 967 394 1038 Οόδὲ
410 970 466 1056 γὰρ
488 969 521 1036 τό
538 977 606 1051 φιῦς
621 969 723 1056 φεύγει
740 967 951 1057 α’πίμπροσθεν
969 980 1024 1039 τοῦ
1037 971 1175 1053 σκότους,
1205 971 1275 1040 όλλό
1296 973 1329 1041 τό
1346 979 1416 1054 φῦς
1436 975 1466 1038 λι

313 1080 350 1163 τῇ
367 1071 469 1161 σκοτία
487 1077 602 1153 φαίνει,
624 1076 676 1140 καὶ
692 1071 713 1156 ἦ
730 1080 831 1140 σκοτία
849 1073 922 1140 αότό
937 1073 975 1142 ου’
992 1077 1156 1160 κατίλαβεν.
1201 1079 1244 1142 El
1258 1078 1292 1143 δὲ
1309 1081 1414 1144 σκοτία
1429 1072 1465 1141 τό

313 1178 454 1260 κατέλαβε
471 1174 504 1242 τό
520 1183 603 1257 φοδς,
633 1177 710 1244 πσλό
727 1184 814 1244 τοῦτο
838 1177 994 1246 διαλλάττει
1015 1177 1096 1264 παρό
1118 1178 1172 1246 τόν
1193 1187 1267 1246 νοῦν
1287 1187 1343 1246 τοῦ
1359 1177 1465 1260 Μόνη,

313 1286 367 1346 τοῦ
387 1280 521 1364 λέγοντος
546 1279 591 1346 ὅτι
607 1279 645 1345 οῦ
662 1279 751 1363 μόνον
768 1285 955 1364 κατείληφεν,
986 1279 1057 1346 όλλό
1073 1283 1126 1348 καί
1141 1288 1307 1350 πανοπλίαν
1322 1279 1394 1368 παρ’
1415 1278 1466 1346 αό-

313 1389 367 1448 τοῦ
391 1378 558 1468 όφήρπασε.
605 1389 678 1459 Πῶς
701 1387 800 1449 τοίνυν
824 1381 894 1469 παρ’
916 1381 998 1475 αὐτῷ
1014 1387 1278 1472 καταγγελλόμενον
1298 1385 1466 1474 ἧρπακίναι

313 1489 479 1552 πανοπλίαν
495 1481 558 1551 οὐδ’
579 1484 654 1562 όλως
670 1487 809 1570 κατέλαβε
825 1485 858 1553 τό
874 1494 956 1568 φῦςς
988 1492 1054 1564 πῶς
1069 1490 1101 1554 δὲ
1127 1487 1181 1556 8τό
1201 1497 1267 1572 φῦς
1282 1487 1467 1572 διωκόμενον

314 1586 557 1673 αόταπροαιρίσει
579 1594 677 1670 φαίνει
695 1592 728 1656 ἐν
748 1595 790 1678 τῷ
807 1588 918 1669 σκότεις
949 1587 1019 1656 Ἀλλ’
1043 1590 1144 1674 ἐπειδὴ
1167 1594 1370 1677 ίσκοτιομίναι
1391 1584 1467 1674 ἦσαν

315 1695 348 1758 αί
360 1689 489 1758 διαίνοιαι
505 1699 564 1758 οῦν
582 1690 756 1777 όνθροίπων
773 1692 822 1760 διό
836 1691 888 1776 τόν
904 1693 1035 1760 δόλοισιν
1051 1702 1104 1778 τῆς
1119 1692 1278 1781 όμαρτίας,
1301 1693 1466 1760 όκίοτειλεν

315 1792 424 1870 όθεός
440 1801 559 1879 πρῶτον
576 1793 629 1861 τόν
644 1793 754 1878 νόμον,
784 1801 917 1877 φωτίζων
940 1794 981 1874 οἱς
1002 1800 1034 1863 ίν
1055 1797 1150 1888 λόχνμ
1165 1802 1402 1885 παραφαίνοντι,
1424 1795 1466 1873 ὃς

315 1920 406 1982 φησιν
426 1900 540 1984 Πίερος
556 1899 587 1964 όν
601 1905 637 1988 τῇ
653 1901 804 1989 ἐπιστολῇ,
836 1903 1032 1985 Προςίχοντες
1053 1907 1094 1990 τῷ
1113 1907 1289 1991 προφητικῷ
1305 1899 1402 1990 λόγῳ,
1426 1896 1467 1975 τίς

313 1999 409 2089 λύχνῳ
422 2005 558 2082 φαίνοντι
573 2003 605 2067 ἐν
620 1999 759 2090 αὐχμηρῷ
776 2001 870 2092 τόπῳ,
893 2005 948 2080 ἕως
959 2003 1127 2090 Φωςφόρος
1143 2001 1287 2092 όνατείλη,
1300 2005 1351 2070 καί
1369 1999 1466 2088 ἡμέρα

313 2102 485 2194 καταυγόση
503 2107 533 2170 ἐν
548 2099 765 2188 ταῖςκαρδίαις
785 2101 878 2188 όμῦν.
922 2105 1057 2173 Ἐκεῖθεν
1075 2104 1132 2193 γόρ
1156 2106 1188 2174 τό
1204 2113 1271 2187 φῶς
1294 2109 1326 2172 ἒν
1341 2113 1385 2194 τῷ
1397 2103 1467 2170 σκό-

314 2231 357 2272 τει
379 2211 478 2288 φαίνει
494 2203 512 2272 ό
527 2205 621 2288 νόμος
635 2209 738 2284 δοθεὶς
760 2210 791 2274 ἐν
806 2211 878 2294 χειρί
896 2215 1031 2292 μεσίτου,
1053 2208 1110 2288 διόι
1120 2217 1174 2276 τοῦ
1191 2217 1298 2276 πιστοῦ
1312 2205 1467 2296 θεράπον-

315 2335 365 2386 τος
380 2317 434 2376 τοῦ
451 2316 528 2377 θεοῦ
545 2311 711 2386 Μωυσέως.
756 2308 816 2377 Διό
833 2319 921 2378 τοῦτο
938 2313 1039 2396 ἐπειδὴ
1057 2311 1116 2380 όπό
1133 2320 1193 2379 τῦν
1216 2311 1369 2380 ἀνέκαθεν
1385 2317 1467 2396 πριῦ-

270 2469 274 2478 ,
314 2439 368 2479 τον
391 2405 429 2496 ἦν
450 2410 484 2478 τό
498 2419 566 2494 φῶς
580 2421 705 2494 φαῖνον,
728 2411 824 2500 όόςπερ
841 2413 973 2502 σπινθὴρ
990 2417 1023 2481 ἐν
1040 2423 1080 2506 τῷ
1102 2415 1186 2506 νόμφ
1202 2423 1244 2506 τῷ
1262 2413 1341 2481 κατό
1361 2414 1466 2496 φόοιν,

316 2515 334 2582 δ’
355 2514 539 2598 θεασόμενος
552 2514 643 2599 Ἐνόχ
663 2513 836 2602 εόηρίστησε
855 2524 896 2606 τῷ
917 2523 1027 2608 κυρίῳ,
1051 2517 1090 2584 δι’
1107 2511 1145 2584 οῦ
1161 2517 1428 2605 καθοδηγοόμενος
1448 2511 1467 2580 ό

312 2616 410 2702 *Am
423 2615 595 2704 εόηρέστησε
608 2625 650 2708 τῷ
667 2623 772 2708 κυρίῳ,
795 2617 833 2684 δι’
849 2611 887 2686 οὗ
903 2613 970 2704 εὗρε
987 2627 1057 2688 Nm
1071 2621 1156 2709 χάριν
1171 2620 1301 2689 ίνοόπιον
1316 2626 1373 2687 τοῦ
1389 2623 1466 2683 θεοῦ

315 2721 500 2806 κατανοήσας
519 2719 574 2804 τὴν
590 2717 672 2802 όδόν,
690 2718 728 2787 δι’
744 2712 780 2788 οὗ
795 2717 927 2808 Ἅβρααίμ
942 2726 1090 2790 ἐπίστευσε
1104 2733 1146 2814 τῷ
1159 2733 1234 2816 θεῷ,
1256 2727 1307 2790 καί
1323 2725 1465 2808 ἐλογίσθη

317 2823 421 2914 *αότῷ
437 2828 479 2902 είς
498 2823 704 2908 δικαιοσόνην,
735 2821 798 2890 εἶτα
812 2825 964 2912 παρελθόν
983 2825 1016 2893 τό
1039 2835 1106 2910 φῦς
1128 2825 1187 2894 όπό
1211 2829 1466 2912 σπινθηροειδοῦε

314 2925 429 3014 τρόπου
454 2929 615 3014 προςίθετο
639 2925 814 3013 φαιδρότητα
838 2928 945 3013 λόχνου
970 2932 1117 3012 φανέντος
1141 2933 1173 2997 ίν
1198 2917 1340 3018 αόχμηρρῦ
1367 2927 1464 3017 τόκφ,

314 3034 443 3098 τουτίστι
457 3028 491 3096 τό
505 3037 572 3110 φοῦς
591 3033 622 3097 ίν
635 3038 673 3121 τῇ
690 3036 793 3121 σκοτία
807 3037 921 3114 φαίνει,
943 3031 1080 3118 ἡέντολή
1096 3041 1150 3100 τοῦ
1167 3041 1263 3113 θεοῦ,
1283 3034 1337 3099 καί
1352 3029 1374 3116 ἦ
1390 3029 1465 3098 κατό

314 3131 368 3217 τόν
391 3130 564 3221 οἶγαθότητα
582 3131 718 3215 διόνσια,
740 3139 906 3216 φωτίζουσα
925 3138 957 3201 ἐν
972 3141 1080 3225 καρδία
1094 3141 1220 3217 πιστῶν,
1244 3135 1394 3219 όναμίσον
1413 3141 1465 3216 τῆς

313 3239 516 3320 τεθολωμὲννχς
530 3239 663 3313 διανοίας
679 3244 738 3304 τοῦν
763 3239 794 3303 ίν
809 3247 871 3314 τοῖς
893 3234 1067 3326 α’νθριόποις
1088 3239 1251 3326 γεγονότων
1267 3240 1394 3322 φυόλων
1414 3239 1465 3302 καί

314 3347 417 3412 κακοῦν
434 3339 628 3426 πραγμάτων,
658 3343 891 3427 είδωλολατρείας
906 3367 936 3407 τε
960 3344 1011 3408 καλ
1033 3335 1280 3428 ίπαρνησιθείας,
1307 3341 1415 3423 φόνων
1435 3365 1465 3404 τε

254 3448 260 3459 ’
316 3447 367 3512 καί
390 3447 535 3527 μοιχείας,
563 3445 614 3508 καὶ
637 3449 696 3508 τῶν
719 3439 824 3510 όίλλων·
838 3430 921 3516 ,ίότι
940 3446 973 3511 δὲ
996 3438 1087 3529 ἦλθεν
1105 3443 1123 3511 ό
1138 3447 1228 3532 μέγας
1248 3443 1389 3531 φωστὴρ,
1425 3440 1464 3509 Τό

314 3555 382 3630 φοῦς
404 3545 437 3613 τό
467 3541 626 3632 α’ληθινόν,
659 3545 677 3612 ό
705 3552 821 3628 φωτίζει
845 3544 943 3614 πόντα
970 3547 1133 3634 ἄνθρωπον
1159 3546 1315 3633 ἐρχόμενον
1343 3551 1387 3624 είς
1414 3543 1465 3612 τόν

314 3651 444 3735 κόσμον,
473 3653 505 3716 ἐν
527 3655 569 3739 τῷ
590 3647 693 3739 κόσμιμ
710 3642 766 3733 ἦν,
796 3652 847 3718 καί
867 3647 886 3716 ό
904 3651 1016 3736 κόσμος
1039 3649 1076 3716 δι’
1098 3647 1193 3717 αότοῦ
1210 3652 1343 3736 ίχίνετα,
1372 3645 1464 3716 καλό

194 3783 248 3832 ρας.
260 3771 299 3818 εει
318 3754 431 3838 κόσμος
444 3750 535 3819 αότόν
548 3747 604 3818 οόκ
621 3754 711 3837 ίγνω,
733 3748 752 3818 ό
773 3755 815 3829 είς
834 3751 871 3819 τό
893 3757 955 3819 ίδια
976 3751 1089 3836 ἐλθόν,
1110 3756 1159 3820 καί
1178 3757 1210 3820 σί
1224 3757 1296 3820 ίδιοι
1317 3751 1411 3819 αὐτόν
1427 3748 1464 3818 οό

315 3859 497 3941 καρίλαβον·
520 3853 587 3920 ὅσοι
603 3854 635 3919 δί
650 3857 756 3935 ἔλαβον
770 3852 870 3936 αότόν,
892 3859 1000 3923 ίδωνιν
1016 3856 1120 3934 αὐτοῖς
1135 3859 1269 3934 ἐξουσίαν
1282 3859 1373 3922 τίανιτ
1389 3860 1463 3922 θεοῦ

315 3962 463 4046 χενίσθαι.
506 3959 568 4024 Καλ
585 3953 663 4046 όρᾷς
678 3964 765 4024 τοῦτο
785 3957 818 4024 τό
841 3967 908 4040 φοῖς
922 3963 954 4026 ίν
970 3966 1041 4050 ποίςι
1058 3964 1162 4050 σκοτία
1182 3965 1296 4042 φαίνει,
1318 3962 1371 4024 καλ
1392 3963 1463 4024 κοία

316 4067 416 4128 σκοτία
432 4060 507 4130 αὐτό
524 4060 561 4128 οό
576 4062 746 4144 κατέλαβενς
769 4060 815 4128 ότι
830 4060 862 4128 τό
879 4061 999 4149 όγαθόν
1015 4061 1058 4130 όεί
1077 4059 1158 4148 παρό
1176 4069 1251 4129 θεοῦ
1272 4061 1462 4145 πεμπόμενον

315 4171 353 4255 τῇ
378 4169 495 4256 διανοίᾳ
522 4172 582 4231 τοῦν
608 4159 798 4252 οἷνθροόπων,
827 4167 878 4232 καλ
906 4171 1032 4247 φωτίζον
1060 4169 1092 4232 ίν
1116 4173 1158 4257 τῷ
1178 4165 1297 4252 κόσμοι,
1328 4163 1392 4232 ῦκό
1412 4171 1461 4247 τῆς

316 4263 459 4353 ἇμαρτίας
480 4267 535 4353 οόχ
554 4268 684 4352 ἥττηται.

351 4423 409 4476 ῦιν.
425 4423 504 4475 LXV.
528 4455 561 4466 --
604 4429 625 4478 1.
642 4423 671 4481 τδ
693 4423 783 4487 σκότος
802 4429 873 4478 verba
897 4433 901 4442 '
938 4426 961 4478 2.
980 4426 1122 4484 διωκόντων
1137 4441 1184 4478 που
1199 4429 1267 4478 habet
1282 4428 1335 4477 ωδ.
1351 4427 1444 4488 Mu·

315 4509 363 4546 ιιοπ
375 4497 510 4558 mm
525 4497 550 4546 ίιι
566 4497 602 4546 ιδ.
616 4497 698 4547 mv.
715 4499 872 4559 θολοειττριί.
938 4495 963 4549 3.
982 4494 1297 4551 τδιυοίδίίαοειλθκστίί.
1308 4497 1456 4558 votnm
