3176 4930
360 251 622 306 ranaanmnn.
640 252 975 308 romnnaannxrv.
1188 238 1256 306 255¹

93 373 187 438 uicum
204 393 323 438 nusum
338 372 386 438 vei
400 371 511 436 invitus
527 371 664 452 trahitur,
688 371 731 438 sic
748 374 786 438 de
802 373 929 441 stridore
945 373 1075 438 dentium
1093 372 1123 436 iu
1139 371 1184 438 his
1202 373 1252 458 qni

93 475 246 562 suppliciis
269 475 433 540 afficiuntur
455 473 605 560 inquirere
629 475 705 540 idem
727 486 861 559 oportet,
885 485 1029 559 quatenus
1053 474 1149 539 anima
1172 496 1252 541 conn-

94 578 251 644 mandendi
266 577 433 643 nonnullam
449 576 508 642 vim
525 577 624 657 hahet,
647 599 704 662 qua
721 577 821 642 ultimo
838 576 890 642 iiio
903 577 1002 642 indicii
1016 587 1161 663 tompore,
1186 599 1252 646 cnm

93 681 131 745 de
146 681 277 766 peccatis
294 680 428 766 quaestio
448 679 619 758 habebitur,
643 679 764 766 perinde
782 690 814 743 ut
831 679 928 744 cottidi
949 681 1052 744 dentes
1072 681 1187 760 soient,
1211 681 1252 746 ita

93 793 152 848 tuan
180 782 317 848 dentibus
343 783 555 867 quodammodo
580 781 725 846 stridebit.
771 779 844 846 tttut
872 803 962 859 vero,
995 787 1098 847 Timete
1118 805 1180 846 eurr
1200 781 1352 880 par'iffgtg

90 899 188 968 puteat
200 899 230 950 et
245 891 365 948 cainam
386 897 416 947 et
430 907 533 966 corpus
552 888 672 966 perdere
689 889 719 946 a'n
737 887 911 958 Gedrrnm,
939 886 1014 948 iorte
1036 885 1063 948 id
1085 906 1171 952 nnttm
1195 907 1251 952 nus
1303 867 1310 892 ’

92 989 199 1069 ducet,
223 1000 376 1074 expertem
396 1007 464 1052 ease
483 987 615 1073 corporis
633 986 778 1066 animam
802 997 854 1050 ant
875 986 945 1050 iliud
963 986 1102 1073 insuper,
1125 988 1252 1052 animam
1309 971 1319 990 ⁰

91 1091 159 1154 sinc
175 1111 301 1176 corpore
317 1089 411 1155 untias
429 1110 540 1174 poenas
557 1111 624 1154 esse
641 1089 868 1175 persoluturam.
904 1087 949 1152 Dc
965 1111 1023 1173 quo
1038 1111 1162 1176 corpore
1178 1111 1251 1176 quae

91 1196 129 1258 ad
153 1193 284 1280 speeiem
308 1214 344 1257 ac
365 1191 486 1277 primam
508 1192 669 1258 subiectam
688 1192 840 1258 materiam
864 1191 1044 1271 attinebant,
1074 1192 1160 1279 panio
1183 1203 1252 1257 ante

92 1297 221 1376 naturali
236 1296 352 1360 ratione
371 1295 576 1358 disseruimus.
621 1296 664 1358 At
683 1315 755 1358 vero
775 1293 882 1358 diotnm
901 1294 970 1361 ittud
987 1295 1130 1382 rpostoii,
1154 1299 1252 1380 liopt-
1264 1311 1358 1370 nens,
1372 1316 1404 1362 aa

90 1400 171 1462 eadr't
190 1411 221 1461 et
236 1401 369 1460 mutulen
386 1409 485 1460 nostru
507 1417 645 1478 corporo,
677 1417 742 1462 cum
768 1406 900 1462 nostrum
922 1399 1045 1462 mortain
1069 1397 1109 1462 sit
1130 1419 1250 1484 corpus,

90 1521 150 1566 uec
167 1521 259 1565 uerae
275 1499 354 1564 vitae
371 1500 533 1584 particeps,
558 1497 634 1564 istnd
656 1499 751 1584 ipsum
775 1498 925 1562 declarare
944 1508 1057 1583 potest,
1081 1523 1251 1586 corpoream

90 1601 170 1666 hanc
187 1602 318 1688 speciem
334 1603 370 1664 de
389 1622 444 1686 qua
463 1613 550 1665 antea
567 1599 712 1677 diximus,
737 1619 811 1683 quae
829 1611 933 1664 natura
953 1603 1084 1669 mortuiis
1103 1615 1166 1682 est,
1189 1625 1252 1666 corn
1265 1615 1314 1660 not.
1327 1618 1382 1673 aa

91 1708 228 1768 Cirr-istus
248 1709 415 1787 apparuerat
435 1709 493 1767 ur'to
515 1715 630 1777 nostru,
656 1712 687 1765 et
706 1700 799 1786 ipsam
818 1701 854 1772 ab
878 1723 914 1766 eo
937 1711 1035 1784 statu,
1060 1725 1118 1788 quo
1140 1706 1251 1790 peccati

89 1826 202 1892 corpus
220 1819 301 1886 erat,
326 1827 394 1872 esse
410 1807 593 1885 mutandam,
617 1815 807 1890 posteaquam
826 1804 991 1870 scilicetne
1007 1805 1125 1870 vivifico
1148 1807 1253 1894 spiritu

90 1911 126 1973 ad
142 1908 235 1974 uitam
253 1910 387 1978 restituta
402 1908 591 1992 suscitatque
606 1907 810 1992 inspiritalem
825 1918 956 1973 araturam
974 1908 1135 1974 transierit.
1161 1907 1253 1976 Prae-

89 2022 178 2076 terea
197 2011 275 2076 istud
291 2012 405 2098 ipsnmr
429 2015 488 2075 Sed
502 2015 578 2074 decet
590 2013 711 2092 ulr'qm'e,
737 2013 877 2088 Quomodo
893 2022 1051 2092 resurgunt
1064 2017 1179 2086 nortui,
1203 2024 1254 2076 unt
1264 2026 1406 2088 rucanas.

88 2117 253 2196 prolicua
274 2135 392 2196 corpore
406 2118 539 2178 vannat?
565 2113 661 2199 palam
685 2112 754 2176 ittet
779 2113 924 2195 ostendit,
949 2113 1070 2198 primam
1089 2114 1253 2180 subiectam

89 2217 250 2281 materiam
267 2216 345 2281 notio
362 2216 449 2281 modo
465 2235 634 2300 resurgere.
679 2212 757 2280 Nam
775 2215 801 2278 si
817 2225 898 2278 recte
921 2215 1102 2302 propositum
1124 2216 1161 2282 ub
1183 2239 1254 2303 apo-

90 2319 174 2384 stolo
192 2318 360 2403 exemplum
379 2317 556 2403 accipimus,
586 2316 738 2382 dicendum
762 2327 825 2396 est,
854 2317 975 2380 seminis
999 2329 1149 2398 naturam,
1178 2339 1254 2404 quac

90 2420 236 2485 frumeuti
258 2441 351 2505 grano
368 2421 457 2484 insita
474 2430 536 2498 est,
561 2419 657 2484 uicina
675 2430 810 2504 correpta
831 2419 953 2485 materia
972 2429 1061 2484 totam
1086 2422 1164 2485 iiiam
1187 2442 1253 2506 pcr-

88 2527 225 2603 sadere,
254 2533 340 2608 atquc
359 2522 438 2588 iiiios
463 2521 573 2608 pariter
595 2529 731 2607 correpta
755 2521 853 2606 specie
876 2521 1048 2604 viressuaa
1069 2522 1099 2588 in
1122 2525 1150 2586 id
1173 2524 1251 2608 quod

89 2638 164 2690 ante
189 2637 287 2702 terra,
311 2645 404 2708 aqua,
428 2631 480 2689 adr
496 2623 630 2708 ignisque
655 2626 753 2688 inerat
771 2625 993 2704 transfundere,
1021 2645 1179 2710 carumque
1200 2647 1252 2690 an-

89 2728 207 2814 peratis
223 2726 411 2812 qualitatihus
424 2726 454 2790 io
467 2726 545 2790 iiiam
560 2727 654 2812 ipsam
667 2726 750 2790 cuius
767 2736 813 2790 est
827 2725 938 2790 artifex
954 2737 1141 2805 convertere,
1165 2737 1253 2812 utque

90 2831 150 2895 hoc
167 2830 258 2894 modo
273 2829 373 2915 pertici
388 2829 514 2914 spicam,
539 2847 615 2912 quae
633 2849 649 2890 a
670 2829 770 2914 priore
792 2847 885 2912 grano
904 2828 1009 2894 mirum
1031 2829 1063 2893 in
1085 2831 1202 2894 modum
1223 2839 1255 2894 ct

88 2931 300 3019 magnitudine
321 2941 352 2995 et
373 2932 466 3016 ligura
489 2940 519 2994 ct
538 2931 683 2996 vametate
705 2931 856 2996 dissideat.

511 3119 558 3170 Ex
577 3119 692 3170 EODEM
709 3118 849 3171 Procne.

181 3237 267 3304 idaco
284 3248 370 3317 aunt,
394 3249 427 3304 ut
448 3239 478 3302 in
502 3238 703 3323 compendium
727 3238 874 3322 redigam,
898 3257 975 3323 quac
995 3250 1097 3304 contra
1119 3243 1407 3313 recurre-Cap-XVH·

86 3344 225 3408 ctionem
246 3337 394 3425 Origenes
407 3361 515 3425 magno
531 3341 629 3404 studio
646 3339 801 3419 disseruit,
824 3340 964 3426 incoque
981 3352 1156 3426 argumento
1174 3364 1254 3408 suna·

84 3467 171 3510 marn
191 3443 337 3508 tractandi
353 3443 526 3508 varietatem
544 3441 686 3508 adhibuit.
723 3441 773 3506 Tu
789 3463 861 3508 vern
878 3463 953 3527 quac
970 3444 1108 3530 deinceps
1125 3465 1254 3530 sequnn-

84 3561 138 3612 tur
157 3546 321 3630 diiigenter
337 3543 502 3610 cuosidera.
543 3543 610 3610 Hoc
625 3544 703 3611 cuim
720 3557 824 3626 restat,
849 3557 880 3610 ut
894 3546 999 3613 allatae
1016 3567 1032 3610 c
1047 3547 1141 3610 sacris
1160 3547 1253 3612 iiteris

82 3650 291 3714 auctoritates
309 3648 346 3711 ad
364 3667 400 3710 ea
418 3667 492 3732 qnae
516 3647 591 3712 dicta
613 3658 682 3712 suut
703 3649 915 3733 adiungantur,
945 3659 977 3712 ut
998 3659 1134 3733 taraucam
1156 3658 1254 3714 statua

83 3751 258 3837 quaedam,
282 3747 326 3812 sic
348 3749 443 3824 oratio
460 3759 560 3814 nostra
578 3749 641 3814 suis
660 3751 796 3816 omnibus
817 3751 1005 3836 proportione
1023 3763 1143 3818 servata
1164 3751 1253 3836 parti·

77 3940 185 4004 pascuit
201 3937 320 3988 oetatem
336 3938 387 4000 tr,
403 3939 443 4000 poi
457 3939 539 3988 sctit:
556 3937 660 3999 ..Quac-
693 3952 723 3989 ea
736 3939 849 3990 nomento
862 3953 888 3988 eo
902 3939 964 4002 pond
978 3939 1096 4001 praecedet
1108 3935 1253 4004 ποιότητας.

80 4007 203 4060 rendurn
224 4003 292 4054 idern
315 4005 418 4071 (nempe
435 4005 595 4072 allegoricum
612 4003 659 4054 aii·
729 4005 742 4036 '¹
760 4007 793 4056 De
808 4007 852 4055 dinc
868 4008 1030 4069 inscriptione,
1054 4021 1113 4069 punc
1129 4009 1200 4071 uuipo
1215 4011 1254 4058 in·

79 4075 164 4145 quid)
187 4072 215 4122 iu
229 4071 339 4122 stridore
354 4071 476 4133 dranum,
493 4071 659 4139 qanumauirna
693 4075 800 4124 distincte
820 4076 919 4136 tegitur,
940 4077 975 4124 itu
990 4079 1016 4124 ut
1037 4090 1097 4137 quoa
1113 4077 1160 4125 nuc
1180 4088 1254 4139 unua

79 4145 181 4210 utique
199 4139 334 4190 mandendi
347 4140 396 4190 nirn
411 4140 478 4192 nuile
493 4141 593 4199 habeat,
611 4156 659 4207 qua
693 4144 814 4202 disputato
835 4147 889 4192 suad
909 4157 956 4192 nun
971 4143 1096 4204 Methodri,
1108 4187 1110 4192 .
1120 4144 1162 4193 aed
1176 4146 1255 4194 Prouii

78 4211 140 4281 quis
160 4219 284 4274 ternpore
301 4207 347 4258 ilio
370 4225 419 4275 quo
437 4207 469 4260 de
487 4208 595 4274 pcccatis
614 4223 660 4258 cn·
693 4223 741 4259 carc
755 4210 888 4272 uideuatur,
912 4211 994 4273 cuique
1016 4211 1110 4273 diffisos
1126 4213 1254 4264 eornortua

78 4288 233 4348 arguetur,
276 4284 334 4328 runt
357 4275 442 4326 cottidi
465 4276 549 4328 rotent
572 4275 660 4326 dentes
693 4279 778 4338 uertit,
804 4277 948 4341 „Hactenus
973 4275 1114 4328 Methodiua
1139 4277 1254 4346 Origenia

78 4350 172 4415 (incer
190 4293 361 4404 transeudum
376 4343 494 4410 scilicet),
511 4343 662 4396 acaiameua
695 4343 771 4396 rerba
795 4344 894 4397 retulit:
920 4355 1055 4412 sequnntur
1083 4363 1149 4398 nunc
1172 4345 1254 4398 Procli

78 4427 153 4469 esset
174 4411 298 4463 dentibus
313 4411 458 4466 stridebit.¹‘
695 4409 780 4474 verba,
798 4429 861 4480 quac
877 4413 938 4464 itcrn
953 4411 1097 4464 Methodiua
1113 4419 1253 4474 recenset,“

113 4486 144 4540 3.
165 4474 223 4544 ἃς,
241 4481 304 4544 pund
318 4483 390 4544 outpc
403 4481 566 4545 desiderator,
581 4481 663 4544 repent
693 4487 754 4534 recte
767 4485 848 4534 anton
856 4484 967 4535 Petuntur
982 4485 1141 4536 tntntraudu.
1157 4486 1191 4534 nd
1203 4484 1253 4535 nt.
