3128 4930
358 239 494 294 rinnau
511 243 573 292 oto.
586 241 617 293 u.
635 243 715 294 rou.
729 243 748 292 1.
768 239 866 294 alen.
879 243 931 294 ov.
1161 229 1220 297 tte

79 375 103 426 ct
121 361 336 449 inexplicabilis
354 383 370 425 a
388 362 490 448 spiritu
507 371 610 427 sancto
634 384 686 448 per
705 361 811 426 lsaiam
832 363 1034 448 praedicatur:
1060 369 1221 428 Geamnn'o-

79 491 145 542 aem,
170 466 282 550 inquit,
306 469 367 526 ecies
382 469 445 545 puis
459 467 626 527 enarrabit?
670 470 805 544 Orientem
823 469 934 529 tollitur
950 489 966 527 e
981 479 1057 527 terro
1072 473 1129 528 vito
1147 473 1217 530 etur.

78 570 207 646 tlteoim,
231 567 341 650 iuquit,
366 567 393 630 si
410 568 446 630 de
463 567 514 630 illu
533 568 656 652 apostoli
680 569 768 630 locuti
789 579 873 630 sonte
908 573 1003 630 tirum
1020 571 1170 650 probatum
1192 577 1221 634 ia
1235 579 1282 620 aas.
1295 575 1359 631 λη

79 693 117 732 ooo
130 675 223 752 signal
238 682 268 732 et
278 673 430 750 prodigite
453 691 508 734 nec
524 671 608 732 deum
625 671 775 752 probatum
795 671 943 736 dixerunt.
979 668 1037 735 Sed
1056 671 1110 734 hoc
1127 673 1221 758 ipsum

78 785 236 851 teramus,
261 770 432 850 Theodoto,
457 771 585 854 iugulat,
609 773 684 856 quod
707 773 735 835 io
759 772 862 838 iisdem
885 774 969 837 Actis
992 775 1115 858 apostoli
1138 775 1222 839 dixe·

78 887 152 953 root,
183 897 219 938 ac
246 873 349 938 beatus
373 874 527 959 praecipue
554 871 723 958 Stephanus
747 886 886 960 usurpat:
921 879 996 938 Eece
1018 879 1361 942 undecentesimum

76 991 211 1058 apertum,
237 989 266 1040 et
277 981 377 1058 filium
399 979 518 1039 dominis
538 989 657 1038 stentem
676 999 694 1039 n
715 981 825 1039 deutrus
846 982 899 1042 dei.

151 1079 283 1144 Rursum
309 1080 399 1144 instat
428 1079 593 1144 haereticos
618 1090 648 1142 et
673 1078 789 1143 obiicit:
825 1081 1003 1166 Apostolus,
1035 1081 1092 1161 ait,
1122 1082 1358 1153 itadeCan·V1·

77 1177 189 1246 Christo
210 1184 355 1268 loquitur,
378 1187 522 1246 Mediator
543 1187 591 1244 dci
610 1197 638 1243 ct
654 1187 794 1244 dominum
812 1187 943 1246 Cdrt'stus
956 1189 1046 1246 Iesus.
1094 1180 1154 1248 Sed
1178 1185 1342 1260 niculae,
1354 1203 1375 1248 n.

76 1287 171 1348 mirum
189 1287 307 1369 ignorat
324 1285 563 1369 quemadmodum
586 1285 664 1350 istud
687 1285 779 1370 ipsum
797 1297 898 1348 contra
917 1307 949 1348 se
967 1287 1117 1370 producat.
1164 1283 1222 1369 Qui

76 1388 144 1450 euim
166 1388 223 1450 luoc
246 1386 338 1451 dixit:
363 1391 506 1451 amentor
527 1392 576 1450 dei
592 1400 621 1448 et
644 1391 783 1450 dometium
806 1392 936 1450 Christus
961 1392 1056 1462 Iesus,
1087 1389 1135 1452 ille
1160 1390 1223 1474 ipse
1237 1407 1362 1464 nomas

74 1489 229 1554 declaravit
248 1491 292 1554 ltis
311 1489 429 1554 verbis:
454 1495 512 1569 Qui
525 1494 754 1572 proedesnimtne
770 1503 814 1552 est
823 1493 911 1570 filices
926 1494 974 1552 dei
988 1495 1018 1552 in
1037 1496 1155 1566 virtute,
1179 1515 1224 1554 se·
1237 1512 1288 1556 not.
1302 1511 1355 1566 uc

74 1597 187 1655 eundum
218 1599 348 1675 spiritum
374 1597 625 1680 suacufientt'onis,
660 1617 698 1655 ee
724 1598 930 1656 resurreccione
958 1606 1130 1656 mertuorum
1157 1600 1222 1658 Iesu

74 1695 180 1757 carna
194 1700 305 1758 domim
320 1702 428 1758 anstai:
453 1697 540 1760 item:
565 1701 670 1759 Faetus
690 1697 743 1758 sud
767 1699 839 1776 lege.
887 1692 971 1778 Quae
996 1696 1110 1780 quidem
1133 1698 1224 1761 verba

73 1796 110 1858 uli
134 1797 246 1862 firmius
273 1798 464 1882 stabiliusque
484 1801 627 1878 muniret,
652 1799 691 1861 ita
713 1798 846 1883 scripsit:
879 1801 916 1860 Si
934 1811 1002 1860 surct
1023 1803 1374 1879 quinciaciensium

71 1902 228 1976 etmulti,
253 1915 283 1963 et
298 1907 406 1963 dommi
420 1905 517 1977 multi,
542 1904 622 1964 nobt's
643 1925 709 1964 uero
731 1925 819 1977 tenus,
844 1915 881 1963 ete
898 1923 952 1984 quo
970 1906 1077 1974 entatu,
1102 1913 1131 1963 et
1152 1923 1224 1962 unns

71 2005 198 2064 domim
211 2008 293 2064 leena
312 2007 459 2078 Christus,
482 2027 628 2086 perquem
646 2009 747 2066 omnen.
795 2003 889 2088 lgitnr
908 2005 932 2068 si
950 2000 1086 2068 Christus
1106 2015 1150 2066 est
1171 2026 1224 2090 per

70 2125 154 2185 quem
181 2106 298 2185 omnia,
323 2118 352 2169 et
376 2127 430 2169 nos
451 2109 486 2169 ad
511 2108 604 2191 ipsum
629 2108 801 2184 rescriptor,
826 2109 919 2172 nudus
944 2111 1074 2192 prolecto
1098 2127 1155 2170 noo
1179 2117 1225 2170 est

70 2203 156 2268 homo
172 2209 338 2272 censendus
356 2209 524 2291 unigenitus
543 2209 590 2271 ille
614 2210 648 2272 de
667 2207 764 2272 Maria
781 2219 884 2289 notos,
908 2220 993 2293 atque
1016 2208 1045 2272 io
1069 2209 1122 2271 hae
1143 2219 1224 2272 terra
1252 2223 1253 2226 ’
1327 2273 1328 2278 ,

69 2307 182 2386 editus,
207 2331 303 2393 neque
322 2329 361 2374 ex
381 2311 457 2373 virili
480 2311 591 2374 semine
614 2323 777 2396 susceptus.
823 2310 900 2374 Nam
921 2312 1065 2396 quomodo
1089 2311 1150 2374 lieri
1174 2331 1226 2395 per

69 2408 149 2472 illum
175 2411 272 2474 omnia
292 2422 431 2496 potuere,
456 2433 529 2496 quoae
549 2413 612 2496 ipso
634 2415 732 2499 priora
756 2424 841 2492 sont,
866 2415 908 2493 si,
933 2425 965 2476 ut
987 2412 1113 2489 asseris,
1139 2413 1224 2474 ltomo

68 2511 116 2574 ille
136 2513 231 2576 nudus
250 2515 404 2576 extiterit?
437 2513 562 2599 Quinam
580 2536 668 2600 porro
683 2537 735 2600 per
752 2514 845 2600 ipsum
864 2517 961 2578 omnia
980 2535 1046 2578 esse
1064 2513 1222 2600 potuerint,

69 2635 145 2696 quae
162 2625 232 2679 ante
251 2616 345 2699 ipsum
364 2618 481 2700 cognita
498 2639 533 2680 ac
549 2619 688 2702 producta
707 2617 848 2682 luissent?
893 2615 940 2681 Ex
962 2617 1006 2680 luis
1023 2617 1113 2701 igitur
1132 2617 1223 2679 aniles

67 2716 155 2782 istius
179 2739 276 2802 nugae
300 2719 414 2803 penitus
437 2730 629 2784 evanescunt.

154 2817 217 2883 lam
237 2841 310 2883 vero
328 2841 392 2884 oum
411 2841 445 2884 ea
467 2843 542 2906 quiae
562 2823 598 2884 ad
613 2821 760 2886 Theodoti
779 2822 913 2886 haeresin
933 2822 1165 2906 cognoscendam
1189 2841 1223 2884 ec

67 2921 239 3006 singillatim
256 2922 452 2986 evertendam·
463 2925 611 3009 pertinere
626 2925 802 2988 videbantur
817 2925 868 2988 ltac
888 2925 916 2987 in
936 2923 1140 2987 dissertatione
1157 2943 1224 3008 pru·

68 3026 275 3108 posuerimus,
305 3027 340 3088 nd
365 3046 401 3089 ea
421 3047 495 3110 qnae
519 3028 657 3112 deinceps
682 3037 844 3112 sequuntur
865 3047 946 3090 more
968 3036 1069 3090 nestro
1089 3025 1224 3088 transibi-

68 3149 154 3206 mus,
178 3138 331 3212 postquam
350 3127 429 3192 velut
452 3130 596 3215 serpentis
615 3129 763 3193 cuiusdam
788 3139 898 3214 partem
922 3129 1015 3192 adhuc
1040 3128 1225 3213 palpitantem

67 3229 205 3292 veritatis
232 3251 285 3315 spe
309 3252 344 3294 ac
369 3230 442 3309 lide,
472 3232 554 3294 velot
579 3233 672 3311 iuste,
702 3231 898 3315 percussimus
920 3243 1006 3315 atque
1030 3230 1222 3292 extinximus.

65 3327 200 3396 Proinde
225 3333 261 3396 ad
285 3343 442 3416 sequentes
467 3333 606 3400 haereses
627 3334 788 3398 belluarum
814 3334 842 3396 in
867 3334 981 3396 modum
1006 3332 1224 3396 efferatissimas

65 3435 313 3520 contemplandas
334 3436 558 3520 tractandisque
581 3457 782 3522 properemus.

227 3673 450 3752 CONTRA
475 3675 1076 3767 untcfflsnttnctuttus‚

397 3797 545 3873 haeresis
571 3797 730 3891 XXXV„
756 3797 811 3874 uel
835 3796 910 3872 LV.

161 3943 218 4029 Qui
234 3944 518 4012 Melchisedeciams
538 3949 678 4033 appellari
698 3969 764 4013 sese
785 3949 905 4027 volunt,
930 3967 980 4023 ac,
1005 3943 1061 4008 nisi
1082 3944 1181 4023 lallnr,
1205 3963 1222 4006 a
1242 3952 1301 4024 cip.
1320 3953 1339 4004 1.

63 4045 291 4113 Theodotiaois
308 4049 401 4114 avulsi
414 4063 494 4130 snut,
517 4049 765 4114 Melchisedeeum
784 4050 876 4127 illum,
901 4049 936 4111 de
954 4067 1011 4132 quo
1026 4046 1057 4110 in
1072 4046 1223 4132 scripturis

64 4150 187 4214 tentio
206 4153 253 4229 ut,
286 4152 455 4238 cumprimis
472 4152 640 4233 celebrant,
672 4162 703 4216 et
721 4152 899 4238 praeclaram
918 4150 1060 4233 quondam
1081 4169 1146 4212 esse
1163 4150 1223 4222 nir·

62 4265 169 4316 tutem
186 4253 376 4320 arbitrantur.
422 4252 517 4339 Quem
536 4255 621 4319 ctiam
643 4253 674 4317 in
696 4251 840 4340 supremis
863 4263 949 4336 etque
971 4251 1222 4337 inexplicabilibus

99 4475 134 4525 ‘²-
157 4473 240 4536 ffitls
255 4478 366 4539 mitti
379 4489 423 4540 nte
438 4475 482 4530 act
496 4471 547 4538 nic,
573 4477 636 4540 eund
650 4479 720 4540 culon
738 4479 827 4540 nudus.

131 4555 220 4612 &mu
232 4557 368 4603 lhmoeol.
381 4557 410 4604 ll.
423 4559 443 4604 Ι.
1002 4566 1022 4626 9
