3168 4942
390 215 528 269 rounam
546 215 609 266 cru.
624 214 656 265 ιι.
672 213 756 266 τοιι.
770 213 802 264 ιι.
818 210 918 264 aneu.
932 209 1028 264 txrx.
1222 197 1284 262 'tlt

119 339 244 420 peditare
260 342 372 419 ι’μέιιιΐ
393 333 450 401 Ubi
466 337 540 400 haec
557 334 664 412 verba,
689 337 821 414 Oportet,
847 343 887 410 et,
912 336 1018 404 licaeo,
1044 339 1085 408 et,
1110 333 1178 392 Curru
1195 333 1285 392 mi-
1319 363 1343 396 a

121 445 201 504 derit
222 463 358 521 reguum,
384 439 534 503 definitum
551 436 692 520 temporis
716 435 842 520 spatium
866 433 1044 516 significant.
1090 433 1190 516 Atque
1212 431 1285 496 bace

122 545 189 629 ipsa
212 544 321 621 verba,
354 547 449 604 donee
468 544 620 602 tradiderat
641 560 761 618 regam
781 541 832 600 deo
855 549 885 598 st
896 541 992 618 putri,
1023 534 1137 598 exitum
1159 535 1283 618 aliquem

124 648 272 730 limamque
296 645 378 728 regni
402 644 429 706 ei
457 643 505 727 qui
531 653 637 726 regnat
660 640 797 704 accidere
817 640 1010 702 demonstrat.
1056 633 1139 700 Haec
1166 636 1215 701 illi
1234 657 1286 720 per

124 769 268 812 summam
288 747 319 810 iu
333 746 418 810 deum
435 743 642 810 contumelium
662 743 812 821 iactitaut3
837 761 933 824 neque
947 740 1014 824 quid
1032 740 1142 804 ueritas
1161 739 1225 825 ipaa
1244 740 1285 802 si·
1343 765 1347 773 ·

124 851 247 934 guilicet
264 849 322 912 ullo
340 850 426 911 modo
443 846 625 932 percipiuutq
658 845 794 910 nimirum
810 845 884 928 quod
903 843 1006 907 unicus
1025 842 1071 906 dei
1088 843 1164 906 lilius
1186 842 1286 906 earnis

126 973 163 1015 ac
188 950 341 1033 sauguinis
364 951 510 1035 particeps
536 948 642 1028 luerit,
674 948 815 1011 bemanus
838 945 931 1010 eidem
957 943 1147 1022 affectiones,
1177 965 1284 1028 eaque,
1349 933 1352 938 ’

126 1075 203 1140 quae
221 1054 334 1138 gloriae
352 1052 497 1137 quandam
513 1051 715 1115 messionem
732 1049 878 1126 indicant,
904 1048 1047 1112 humanae
1063 1047 1140 1111 illius
1164 1057 1286 1110 uraturae

126 1157 235 1235 tribui,
258 1155 405 1239 vulgoque
428 1153 608 1238 praedicari3
633 1153 708 1236 quod
729 1162 825 1214 tamen
845 1171 862 1214 a
885 1151 1015 1235 perlecta
1033 1150 1204 1235 gloriaeque
1227 1151 1288 1235 ple·

127 1259 250 1323 niarium
265 1255 418 1322 divinitate
433 1255 551 1320 minime
567 1255 725 1341 putandum
743 1264 800 1317 est.
831 1249 917 1335 Quae
934 1253 1049 1336 quidem
1069 1253 1207 1316 diviuitas
1222 1273 1287 1318 curu

127 1365 192 1446 ipsa
209 1381 261 1444 per
281 1379 348 1422 sese
367 1359 461 1443 gloria
481 1357 629 1443 praedita,
653 1377 688 1420 ac
705 1357 835 1442 perlecta
849 1356 907 1434 sit,
932 1375 1113 1439 nequaquam
1133 1367 1287 1420 externam

128 1473 218 1546 atque
235 1460 410 1526 adscititiam
432 1460 555 1545 gloriam
573 1459 707 1542 requirit.
752 1457 831 1522 Nam
849 1468 880 1522 et
897 1453 1036 1522 Cbristus
1052 1457 1114 1542 ipse
1133 1477 1167 1520 ea
1189 1457 1289 1522 uerbis

129 1563 282 1648 expressit
297 1583 373 1646 quae
388 1564 424 1626 ad
441 1561 542 1626 ambae
558 1561 623 1624 illas
639 1571 739 1645 partes
753 1561 978 1645 propugnandas
994 1551 1143 1644 pertinere
1153 1571 1288 1642 possunt.

131 1663 235 1750 ltaque
254 1666 290 1728 de
308 1685 342 1728 ea
368 1685 442 1748 qnae
463 1664 611 1727 recentior
633 1673 680 1726 est
705 1663 797 1747 accipi
823 1661 879 1726 ista
900 1671 1040 1748 poasnutr
1075 1665 1213 1742 Glorrfieu
1235 1683 1288 1738 rue,

126 1779 223 1848 puter,
248 1789 282 1829 ea
297 1771 413 1847 glemu,
437 1787 520 1848 quum
540 1767 630 1828 dadai
643 1769 721 1846 opud
735 1777 777 1839 te,
802 1778 951 1847 autequam
968 1767 1088 1826 marmus
1096 1766 1198 1844 fieret.
1232 1761 1290 1828 Pa·

130 1883 178 1934 ter
195 1881 293 1934 autem
311 1870 434 1932 duarum
452 1867 573 1952 perinde
595 1867 794 1932 conditionum
819 1878 850 1931 et
873 1866 1071 1930 habitudinum
1095 1863 1218 1949 gloriam
1242 1865 1292 1930 de·

128 1981 318 2049 monstrans,
343 1971 379 2034 de
397 1970 495 2054 priore
518 1970 678 2034 secuudum
698 1969 832 2054 spiritum
854 1969 898 2034 sic
918 1969 1062 2053 loquitur:
1095 1971 1160 2047 Ego
1176 1971 1292 2050 glorifi-

129 2079 213 2149 eum'r
236 2083 268 2136 ut
284 2072 427 2136 inlinitum
444 2070 580 2156 quiddam
597 2071 738 2134 declaret.
781 2069 827 2134 lie
846 2072 1014 2135 recentiore
1030 2089 1104 2135 vero
1120 2081 1149 2134 et
1165 2069 1291 2135 bominis

131 2186 271 2261 rmcepta
287 2185 409 2254 natura,
435 2178 588 2236 britann
603 2175 785 2255 glorpileudo.
833 2171 881 2236 Ex
901 2173 1006 2257 quibus
1026 2173 1165 2236 illustrari
1190 2193 1225 2237 ac
1241 2175 1292 2236 de-

132 2277 240 2342 clarari
257 2287 355 2361 potest
376 2275 424 2339 bic
443 2276 567 2360 apostoli
586 2277 669 2340 locus
687 2276 796 2360 dequo
817 2296 894 2340 nuuc
913 2275 1046 2360 agimur
1075 2275 1104 2340 in
1126 2297 1184 2360 quo
1200 2275 1293 2361 dupli·

130 2399 198 2443 oeru
215 2378 335 2464 perinde
353 2399 473 2442 sensnm
497 2377 631 2440 veritatis
653 2377 817 2462 proposuit.

217 2478 297 2544 Nam
317 2481 390 2544 baec
408 2479 518 2558 rerba,
542 2485 638 2542 Donec
656 2483 809 2542 budritm‘t
822 2501 942 2561 reguum
959 2484 1011 2542 deo
1028 2492 1057 2542 et
1067 2485 1159 2561 putrt',
1184 2481 1220 2545 ad
1238 2479 1306 2545 btt-'
1340 2502 1400 2568 cap.

130 2602 237 2652 macae
253 2594 396 2660 naturae,
420 2601 496 2666 quaa
511 2590 594 2644 certo
608 2593 740 2666 tempore
759 2583 871 2666 coepit,
895 2582 1008 2645 initium
1026 2582 1193 2646 reuocanda
1212 2594 1291 2647 suut.
1312 2570 1433 2620 mm·

131 2682 283 2750 Divinitas
300 2705 389 2768 porro
407 2683 458 2748 dlii
480 2705 545 2747 oum
564 2694 646 2768 patre
670 2703 788 2769 semper
808 2685 922 2759 extitit,
957 2705 1032 2768 quae
1053 2683 1124 2748 uibil
1148 2683 1225 2749 aliud
1248 2697 1295 2750 est

133 2807 220 2871 quana
238 2786 405 2870 unigenitus
427 2787 518 2863 deos,
543 2785 664 2850 verbum
682 2807 698 2848 a
716 2797 799 2870 putre
817 2785 883 2850 siue
901 2785 959 2850 ullo
976 2785 1072 2866 initio,
1097 2785 1144 2850 vel
1161 2798 1294 2873 tempore

132 2889 311 2974 procedens.
359 2887 477 2972 Alioqui
496 2888 643 2972 quomodo
660 2887 758 2970 angeli
776 2886 882 2952 dictum
903 2887 974 2952 illud
993 2888 1090 2974 reipsa
1109 2891 1209 2975 perlici
1226 2907 1294 2974 pos-

131 2999 199 3054 set:
232 2993 359 3071 Spiritus
376 2994 484 3052 douu'ui
498 2995 717 3071 auperueur'etr'u
735 3001 779 3062 te,
813 3001 842 3051 et
862 2995 953 3052 obtata
968 2996 1103 3054 altissimi
1117 2995 1433 3068 otuntrotununm.

132 3099 187 3155 te?
219 3089 348 3156 Dixerat
366 3090 443 3156 euim
460 3089 579 3157 Mariae
601 3090 726 3175 virgini,
762 3095 858 3154 Puru'ea
872 3094 989 3173 filium,
1016 3096 1174 3156 etoocudr's
1194 3117 1293 3158 uomere

132 3199 197 3258 erius
213 3200 316 3258 lerum.
363 3191 479 3277 Quibus
496 3195 625 3258 divinum
641 3192 763 3258 verbum
789 3213 807 3256 e
831 3195 917 3260 coelo
930 3195 1081 3280 delapsum
1096 3215 1182 3276 ease,
1207 3207 1295 3281 atquo

132 3297 165 3362 iu
183 3306 268 3360 utero
286 3296 409 3381 virginis
426 3315 545 3360 caruem
563 3297 683 3374 lactum,
701 3296 921 3382 perlectumque
935 3297 1061 3362 bominis
1078 3309 1211 3364 naturam
1228 3321 1294 3364 sus-

134 3399 270 3484 cepisse,
294 3407 490 3476 moustraretq
523 3409 555 3464 ut
578 3416 616 3460 oo
635 3397 795 3481 perlectam
819 3399 954 3484 corporis
976 3410 1109 3464 naturam
1132 3403 1295 3488 aperlecta

134 3500 289 3565 divinitate
307 3510 490 3564 secerneret.
537 3497 638 3582 Quare
660 3497 784 3562 subinde
809 3500 878 3563 illud
902 3501 1007 3566 adiecit
1033 3503 1186 3588 eidemque
1206 3505 1293 3584 dixit,

133 3605 257 3684 Ideoque
277 3615 308 3665 et
321 3606 398 3684 quud
417 3613 551 3663 uurcetm
571 3613 699 3664 murmur
720 3603 867 3664 occulitur
887 3605 980 3665 Fr'lr'us
1001 3609 1065 3682 der}
1089 3605 1212 3687 deiude,
1236 3613 1295 3671 ba-

135 3705 180 3765 dr't
199 3710 229 3766 ai
247 3708 315 3766 deur
342 3709 435 3766 sedeur
457 3707 551 3766 Buurid
571 3709 763 3784 parntem,
797 3717 827 3766 et
846 3707 982 3786 reguabit
1006 3711 1035 3768 iu
1057 3712 1137 3770 domu
1158 3711 1243 3771 Iacob
1265 3716 1295 3772 rir

134 3817 296 3880 aeteruum,
322 3819 351 3868 et
365 3811 525 3887 regnr'er'ue
540 3829 596 3868 uon
617 3811 674 3867 err't
685 3809 771 3886 flue.
819 3804 1019 3890 Quamobrem
1037 3831 1102 3875 curu
1121 3811 1193 3875 baec
1209 3811 1295 3876 ambo

135 3905 194 3972 ribi
216 3906 343 3971 ioricam
366 3908 500 3993 opposita
522 3927 591 3972 esse
612 3907 785 3987 rideantur,
809 3909 963 3990 videlicet,
1001 3915 1119 3992 Oportet
1138 3918 1228 3994 ipsum
1249 3935 1296 3976 re·

133 4030 231 4091 gruere
248 4013 336 4072 donee
358 4019 432 4089 eto,
456 4020 497 4088 et,
522 4011 663 4091 Regnabat
683 4013 713 4071 r'u
734 4014 922 4075 demulceri
944 4018 973 4074 r'u
994 4017 1091 4076 secudu
1113 4015 1176 4100 (ott
1193 4014 1296 4081 obser-

171 4231 196 4286 7.
213 4235 270 4285 rou
283 4248 334 4286 ooo.
351 4230 452 4296 δοξάσω
470 4237 700 4298 Peteu.turepttno-
769 4236 828 4286 Car.
843 4235 965 4286 LXXlll.
983 4265 1017 4276 -
1056 4238 1078 4288 l.
1097 4235 1210 4306 burlpon
1227 4239 1295 4291 codd.

135 4315 194 4354 uetur
209 4307 295 4364 copul,
312 4303 457 4365 dirttupuaur
475 4295 535 4354 Ἵνα
552 4301 596 4356 recl
612 4301 659 4356 dur.
677 4321 698 4357 τ.
733 4317 788 4355 utta.
806 4309 908 4367 uterque.

136 4383 162 4422 σ.
180 4364 346 4437 descriptus,
354 4405 362 4430 ,
379 4369 437 4436 uepl
454 4359 490 4423 air
506 4375 556 4421 cttt.
766 4373 792 4424 2.
808 4373 964 4425 Smddeudrrru
979 4371 1038 4426 ruit.

171 4436 198 4489 8.
215 4431 229 4490 d
247 4449 293 4488 om.
310 4440 347 4488 ed.
364 4440 446 4490 Puer.
