3176 4930
400 231 538 284 niutau
554 231 662 284 uuir.
679 233 760 286 uon.
776 235 796 286 ι.
813 233 912 288 naun.
923 236 1016 290 extr.
1227 227 1285 291 ost

132 353 196 422 Sed
214 355 270 420 hoe
285 354 363 420 dietu
378 353 486 418 inlelix
500 352 760 438 detestandumque
777 355 920 434 dinamus,
939 356 1083 420 undenam
1097 355 1206 424 iuridia
1223 379 1290 445 pro·

133 459 211 522 ieota
235 459 275 522 sit
295 456 484 520 adversarius
502 456 627 540 quaerit.
672 453 751 520 Nam
776 462 802 520 si
828 479 845 521 ι
871 457 987 522 diabolo
1008 463 1204 545 respondeas,
1237 483 1290 526 our

132 561 253 626 omuino
279 559 411 626 diabolus
437 558 552 638 estitit,
576 559 601 623 si
623 561 781 644 productus
806 571 852 624 est
872 562 1048 646 aliqnando?
1090 563 1136 627 Ao
1158 565 1290 650 prolecto

132 665 182 750 qui
199 663 280 728 illum
297 661 426 726 eandidit
442 671 544 726 auctor
565 661 633 726 mali
657 661 744 724 debet
762 661 867 726 videri.
913 663 1006 748 Atqui
1023 664 1164 732 malorum
1184 687 1291 732 oaussa

132 769 206 832 dens
221 787 289 830 esse
306 787 365 830 non
385 774 499 850 potestq
524 785 614 848 quare
629 764 666 828 ab
686 763 765 828 nullo
784 765 944 850 produntur
959 777 1005 830 est
1021 767 1165 832 diabolus.
1200 767 1288 853 Quod

132 871 222 936 siite
241 881 306 948 est,
337 888 432 952 neque
457 867 515 952 pati
539 867 692 951 quiequam
716 877 831 952 potest,
862 879 892 930 et
915 867 1000 932 exitii
1023 871 1221 955 penuriaeque
1243 883 1290 938 est

132 972 230 1038 omnis
245 991 366 1058 expers.
401 967 478 1034 Nam
497 971 573 1054 quod
590 991 736 1054 nunquam
752 971 921 1056 productum
939 983 996 1050 est,
1021 972 1088 1036 huie
1103 974 1202 1038 inesse
1218 974 1290 1038 liaeo

132 1076 231 1140 omnia
247 1094 371 1138 neeesse
389 1083 452 1152 est,
475 1082 506 1136 at
522 1071 627 1136 diaboli
644 1083 767 1138 uenatus
785 1073 814 1136 io
835 1073 956 1138 nihilum
971 1075 1133 1160 redigitur,
1156 1077 1290 1160 idemque

131 1179 263 1264 punitur.
305 1173 391 1260 Quod
408 1187 504 1240 antem
522 1175 653 1260 punitur,
678 1185 806 1240 mutatur
821 1197 856 1240 aa
872 1177 990 1262 patitur.
1034 1177 1124 1262 Atqui
1140 1180 1198 1265 pati
1218 1179 1290 1243 nilnil

132 1291 231 1367 potest
248 1280 323 1364 qood
342 1277 532 1364 productione
549 1287 641 1342 earet.
685 1276 757 1342 Non
775 1279 862 1364 igitur
877 1279 1077 1364 productionis
1093 1300 1213 1367 expers,
1236 1283 1289 1345 sed

131 1383 292 1470 productus
313 1381 470 1466 aliquando
491 1381 635 1446 diabolus.
682 1378 743 1444 lam
760 1402 832 1446 vero
851 1403 916 1446 euru
939 1394 970 1446 et
987 1385 1145 1468 productus
1166 1384 1215 1448 ille
1237 1384 1288 1462 sit,

131 1501 163 1551 et
180 1485 317 1571 quioquid
342 1485 513 1569 productum
531 1494 595 1562 est,
619 1483 656 1546 ab
674 1483 773 1568 aliquo
790 1483 932 1570 prinoipio
950 1487 1120 1570 productum
1138 1487 1194 1565 sit,
1219 1507 1290 1550 oon-

129 1610 260 1674 sequens
277 1599 323 1654 est
339 1587 464 1672 aliquem
482 1606 562 1665 esse,
586 1609 603 1651 ι
619 1607 676 1671 quo
692 1586 732 1648 sit
747 1598 917 1671 procreatus
936 1587 1079 1654 diabulus.
1113 1586 1289 1654 Utrumnam

130 1693 223 1777 igitur
242 1691 329 1754 etiam
345 1689 504 1775 productus
521 1690 570 1752 ille
588 1690 652 1767 luit,
677 1709 713 1754 au
730 1689 848 1774 produci
868 1711 924 1754 uon
941 1691 1052 1774 potuit?
1086 1689 1196 1755 Verum
1213 1693 1290 1776 quod

130 1793 334 1880 productionis
352 1803 398 1856 est
417 1813 538 1878 expers,
563 1812 616 1877 par
634 1802 784 1854 estunam
802 1793 945 1856 duntaxat
958 1793 1080 1878 intelligi
1097 1794 1194 1859 deum.
1227 1792 1291 1858 Ne·

129 1918 187 1982 que
203 1897 281 1960 enim
300 1895 376 1959 ullus
392 1915 460 1958 esse
480 1905 577 1979 potest
595 1895 715 1958 omnino
729 1905 846 1981 praeter
863 1895 941 1958 illum
962 1898 1054 1980 ipsum
1073 1897 1187 1982 opilex.
1224 1902 1289 1978 Ego
1302 1911 1399 1964 tutat,
1411 1913 1430 1954 e.

125 2006 256 2082 promus,
281 1997 390 2082 inquit,
418 2011 515 2078 elego
534 2001 749 2058 reremaneret
769 2009 885 2078 praeter
906 2020 949 2060 nne
970 2022 1025 2060 non
1048 2011 1093 2062 ert
1111 2003 1186 2060 aleius
1207 2003 1285 2062 deus.

130 2101 194 2168 Sed
218 2121 315 2184 neque
339 2099 511 2164 commutari
536 2097 697 2184 quiopiarn,
728 2119 762 2162 ae
788 2110 907 2184 praeter
931 2101 995 2166 eius
1018 2102 1198 2166 voluntatem
1222 2123 1288 2186 pro·

129 2203 226 2268 areeri
247 2214 354 2288 potest.
399 2200 519 2266 Etenim
539 2201 614 2264 filius
633 2199 704 2264 nihil
724 2221 776 2285 per
798 2223 865 2268 sese
890 2205 988 2268 faeere
1009 2225 1095 2289 posse
1120 2205 1287 2282 confitetur,

127 2312 190 2370 nr'ra'
203 2311 235 2368 iat
247 2318 358 2387 patrem
368 2307 523 2388 foetentem
541 2307 660 2367 utilem't:
684 2325 756 2384 quae
772 2310 862 2380 enam,
889 2306 992 2390 inquit,
1013 2311 1195 2389 perurserit,
1220 2311 1441 2376 decernerentur.

128 2411 255 2490 etfid'ua
268 2411 352 2490 feeit.
398 2405 505 2491 Neque
524 2425 596 2472 vero
615 2405 762 2470 inimicum
780 2407 913 2491 quiddam
932 2420 982 2472 aut
999 2430 1165 2494 repugnans
1183 2431 1217 2472 ao
1234 2413 1289 2476 deo

130 2511 311 2576 eontrarium
328 2521 390 2590 estq
415 2510 440 2577 si
458 2509 525 2594 quid
540 2507 618 2572 euim
635 2519 716 2572 esset
733 2511 808 2592 quod
826 2511 881 2574 deo
898 2512 1064 2590 resisteret,
1087 2533 1154 2575 esse
1170 2511 1289 2576 omnino

128 2615 299 2692 desineret,
325 2611 453 2697 eoquod
472 2611 570 2674 divina
588 2610 695 2675 virtute
715 2631 749 2674 ae
773 2611 879 2674 robore
902 2615 997 2678 omnis
1018 2613 1095 2678 illius
1118 2615 1289 2678 constitutio

128 2717 354 2781 dissolveretur.
399 2711 516 2800 Quippe
533 2715 614 2778 solus
632 2712 680 2776 ille
697 2713 745 2776 vel
763 2733 797 2776 ea
814 2734 887 2800 quae
906 2727 974 2779 suut
992 2716 1166 2782 immortalia
1184 2717 1289 2782 dissol-

128 2839 203 2883 vere
227 2829 323 2905 potest
347 2819 395 2904 qui
418 2817 557 2882 condidit.
1011 2869 1013 2872 .
1338 2866 1399 2930 cap.

219 2919 367 3006 Quidnam
392 2921 483 3006 igitur
500 2919 615 2982 tandem
636 2916 782 2982 diabolum
800 2939 867 2984 esse
885 2921 1036 2986 dicemus?
1081 2919 1223 3010 Spiritum
1245 2923 1290 2986 vi·
1306 2933 1428 2985 xxvttt.

127 3025 255 3102 delicet,
281 3026 329 3110 qui
346 3025 426 3088 eirea
449 3022 600 3086 materiam
619 3030 774 3099 versatur,
797 3024 1036 3105 quemadmodum
1060 3025 1167 3090 dietum
1184 3036 1247 3105 est,
1271 3047 1289 3089 o
1317 3003 1416 3072 (m)

127 3129 342 3210 Athenagora,
366 3147 383 3188 ι
400 3127 455 3190 deu
473 3133 677 3209 procreatum,
702 3123 823 3207 perinde
842 3145 876 3188 ao
896 3125 999 3211 reliqui
1017 3127 1052 3191 ab
1072 3129 1174 3192 eodem
1190 3129 1289 3212 angeli

128 3231 187 3294 sati
206 3239 292 3308 sunt,
316 3229 421 3313 quibus
444 3239 501 3292 tam
524 3226 646 3290 materia
669 3247 755 3310 quam
782 3228 959 3309 formarum,
989 3230 1093 3314 quibus
1114 3241 1161 3294 est
1182 3231 1289 3294 alleota

128 3331 271 3407 materia,
301 3331 469 3417 procuratio
495 3328 767 3412 administratioque
791 3331 946 3396 commissa
972 3343 1029 3396 est.
1077 3329 1227 3420 Siquidem
1251 3353 1287 3397 ee

128 3435 403 3500 constituendorum
423 3433 594 3518 angelorum
615 3453 720 3494 caussa
739 3433 810 3510 luit,
836 3445 869 3498 ut
886 3435 914 3498 in
938 3435 975 3500 iis
998 3457 1073 3520 quae
1093 3457 1110 3499 o
1129 3438 1184 3500 deo
1206 3436 1286 3498 ordi·

128 3547 199 3602 nata
223 3547 309 3601 eraut
334 3557 369 3600 ae
396 3535 536 3621 disposito
558 3535 741 3620 prouidentia
763 3537 948 3601 moderandis
973 3539 1113 3602 vicariam
1138 3540 1194 3602 deo
1216 3558 1285 3623 ope·

127 3661 191 3706 ram
209 3649 366 3706 nauarent.
412 3637 461 3704 Uti
480 3637 616 3702 nimirum
640 3659 877 3702 commonemur
899 3641 1066 3724 generalem
1085 3641 1213 3704 omnium
1237 3661 1287 3704 au·

127 3765 193 3807 ram
210 3743 375 3828 susciperet
392 3741 481 3822 deus,
505 3740 552 3824 qui
571 3741 599 3802 in
617 3741 715 3803 omnia
733 3740 910 3806 dominatum
934 3753 1022 3827 atque
1037 3741 1189 3828 imperinm
1213 3743 1287 3806 obti-

127 3857 233 3921 neret,
257 3865 293 3908 ao
316 3844 405 3908 veluti
431 3841 580 3928 navigium
602 3843 763 3926 quoddam,
787 3844 830 3907 sie
852 3855 940 3908 totam
964 3845 1041 3908 illam
1065 3845 1287 3908 universitatem

127 3957 303 4010 constanter
318 3967 388 4010 suae
406 3945 606 4030 gubernaculo
628 3945 789 4030 sapientiae
809 3958 945 4030 regeret,
970 3969 1034 4010 oum
1054 3947 1170 4010 interim
1188 3947 1288 4034 singu-

126 4053 222 4116 larem
249 4051 426 4113 lunetionem
446 4060 533 4132 atque
556 4068 655 4110 euram
680 4049 837 4132 praepositi
861 4050 897 4110 ad
922 4051 949 4110 id
974 4049 1069 4134 angeli
1092 4049 1284 4114 sustinerent.

161 4269 187 4323 4.
206 4267 324 4337 andreaea
339 4261 374 4340 pi,
391 4267 421 4325 nd
436 4271 513 4336 κῦρος
530 4271 631 4321 romoalt
646 4271 692 4320 Pe·
726 4263 805 4329 αὐτὸς
819 4264 991 4337 ἀνηρτημένος
1005 4275 1096 4322 volebat
1111 4269 1188 4324 eadred
1199 4266 1285 4338 αἰηρτ.

125 4345 221 4400 torius,
248 4343 356 4402 mouerit
374 4342 505 4390 oetatem
529 4343 543 4388 t.
558 4341 574 4388 l.
618 4340 692 4401 Vulpo
759 4340 782 4388 ai.
804 4343 877 4389 Verba
893 4339 917 4392 el
933 4337 974 4392 ent
991 4337 1073 4408 τούτῳ
1089 4341 1225 4408 ταχθέντες
1241 4337 1287 4408 ἅγ-

124 4405 253 4474 erpa'aoeen,
271 4400 291 4474 ἧ
308 4406 337 4462 ad
355 4411 440 4473 κῦρος.
475 4409 625 4469 commanus
645 4407 693 4458 dis·
727 4409 802 4472 γιλοι.
836 4403 903 4460 Ἀλλ’
919 4412 943 4458 in
957 4411 1114 4460 editPetoen'n'
1128 4423 1202 4473 praue
1217 4416 1287 4461 omis-

124 4481 198 4532 unxit
211 4473 346 4543 πρόνοιαν,
363 4465 385 4546 p'
400 4473 428 4530 ed
445 4477 521 4542 κῦρος
536 4480 597 4538 ortt,
614 4479 635 4524 et
647 4489 693 4538 pro
726 4490 754 4524 ro
771 4483 832 4526 aunt.
