3128 4930
365 249 502 303 ransnn
520 250 584 302 ntn.
596 251 628 302 ιι.
644 249 727 302 ron.
740 251 759 302 ι.
775 249 877 302 naen.
890 249 955 301 nte.
1175 235 1234 303 tna

86 391 148 434 oeae
177 370 307 456 aceepit,
337 379 371 434 at
392 381 422 434 et
439 368 653 447 Theodotiani,
678 389 800 453 quornm
821 369 870 434 illa
893 381 996 434 auctor
1020 367 1130 434 extitit.
1175 366 1235 452 Qui

85 474 188 538 andana
214 474 360 538 homiuem
382 493 449 537 esse
468 468 617 537 Christum
638 473 780 550 anenno,
810 483 896 556 atque
915 491 955 534 ex
975 472 1102 538 humano
1123 472 1236 536 semina

84 577 224 658 genitum.
270 575 386 640 Deinde
400 595 477 660 quae
492 575 528 638 ad
549 574 661 640 erroris
678 574 723 638 sui
740 574 930 659 patrocinium
949 576 1167 640 accommodata
1190 595 1237 638 re·

86 679 172 763 perit,
197 699 257 742 noo
274 689 357 742 casto
378 699 414 742 oo
439 678 557 742 siucero
581 675 686 740 mentis
712 676 836 755 iudicio,
860 677 910 741 sed
935 689 965 740 ut
984 677 1142 761 impietatis
1164 697 1236 741 snae

85 781 210 864 speciem
229 781 356 865 aliquam
381 790 411 844 et
432 779 561 844 colorem
588 789 761 864 quaereret,
789 779 915 862 nardique
940 780 1084 844 arcessita
1105 779 1235 864 collegit.

86 881 181 948 Veluti
199 884 276 966 quod
295 904 311 946 a
330 881 447 946 domino
470 882 576 946 diotu'm
602 893 664 946 este
693 885 778 944 Naar
798 893 889 950 autem
910 887 1047 964 quaeratis
1068 904 1111 944 are
1126 883 1389 962 accept-umam

84 1008 153 1061 aere,
179 989 328 1060 homnem
352 989 562 1066 qoioerr‘tatem
577 986 655 1048 ooth
676 987 871 1050 locutorium.
919 981 1024 1063 Vides,
1048 984 1159 1068 iuquit,
1184 984 1236 1048 ho·

49 1107 51 1111 ’
84 1089 187 1152 niuem
210 1089 292 1152 illum
314 1108 395 1152 esse.

166 1188 278 1254 Verum
295 1191 370 1274 quod
389 1190 420 1264 in
436 1191 539 1254 eodem
556 1189 621 1253 loco
638 1185 775 1254 Christus
793 1189 955 1275 usurpavit,
978 1188 1084 1254 infelix
1099 1187 1233 1274 ignorate
1256 1194 1315 1262 Gop-
1336 1195 1368 1244 ¹¹·

85 1297 233 1356 Veritatem
252 1313 335 1374 quom
357 1297 455 1356 nobba·
473 1315 492 1354 a
512 1303 598 1373 patre
619 1314 688 1354 meo.
737 1286 851 1373 Quibus
873 1302 983 1377 patrem
1005 1312 1089 1355 snum
1111 1290 1238 1378 appellat

83 1395 179 1472 deum,
205 1415 264 1458 noo
284 1395 429 1464 homiuem
447 1395 559 1478 utique.
599 1393 677 1458 Nam
696 1393 774 1458 siah
792 1394 990 1460 homiueillud
1009 1391 1161 1471 audiisset,
1186 1413 1238 1457 nc·

84 1518 224 1581 quaqaam
243 1498 378 1562 venatis
395 1499 562 1562 testimonio
578 1497 776 1580 gloriaretur,
795 1507 826 1560 ιιι
845 1497 881 1562 ab
900 1495 1064 1560 homiuibus
1083 1495 1237 1560 veritatem

83 1620 112 1664 se
129 1600 267 1684 accipere
285 1600 407 1662 diceret.
447 1596 508 1664 Sed
525 1601 590 1664 ideo
605 1600 661 1664 ista
679 1599 764 1676 dixit,
789 1609 821 1662 ιιι
836 1619 903 1662 osse
918 1619 951 1664 se
969 1600 1053 1662 deum
1069 1599 1240 1662 ostenderet

83 1712 200 1786 epatre
223 1701 481 1784 iniungendum,
506 1702 710 1786 hominemque
729 1712 828 1766 raostra
848 1721 951 1766 caussa
976 1704 1100 1779 lactum,
1125 1702 1236 1785 itaque,

82 1807 157 1889 qnod
174 1806 210 1868 ad
228 1825 347 1871 monem
365 1804 480 1882 attinet,
505 1803 705 1883 interiectum,
730 1816 761 1868 ιιι
778 1804 929 1870 divinitate
950 1815 1090 1890 perpetue
1109 1804 1235 1868 viveret.

80 1907 218 1971 Addebat
235 1907 344 1971 trullam
361 1927 395 1970 se
412 1909 441 1972 io
458 1927 495 1970 eo
513 1919 663 1993 peceatum
682 1907 849 1986 admisisse,
873 1908 947 1992 qnod
964 1903 1114 1972 Christum
1133 1927 1238 1990 negas-

80 2019 143 2085 set,
169 2009 403 2092 quandoquidem
423 2009 464 2073 ita
483 2006 621 2075 Cltristos
644 2010 707 2096 ipse
726 2009 840 2074 locutos
860 2019 922 2087 ost,
948 2015 1047 2072 timaeo
1068 2012 1238 2091 blasphemia

80 2115 242 2174 remittetur
258 2114 433 2186 domaira'bna,
458 2125 488 2176 et
506 2118 559 2194 qai
571 2117 679 2177 deluerit
693 2115 806 2174 uerbum
823 2117 852 2176 iu
864 2115 964 2193 filium
981 2116 1116 2187 dominae,
1141 2116 1237 2174 remit·
1250 2118 1340 2228 ¹}th

83 2225 159 2284 tetur
175 2219 213 2276 ai.
262 2217 320 2292 (lai
337 2227 429 2278 autem
447 2216 681 2296 blasphemaverit
698 2221 727 2277 in
744 2219 875 2295 spiritum
896 2228 1040 2289 aaronem,
1065 2237 1120 2278 noa
1142 2221 1238 2278 remit·
1302 2225 1305 2232 ⁴

81 2329 159 2380 tetra·
173 2321 209 2378 ei.
258 2315 320 2382 Set
337 2316 472 2382 nimirum
489 2319 672 2383 miserrimas
687 2317 773 2381 homa
791 2337 848 2382 nou
868 2315 1004 2402 iutelligit
1020 2314 1170 2383 Christum
1188 2319 1239 2380 do·

82 2418 212 2497 ιιιὶιιιιιιι,
236 2441 302 2482 aum
321 2440 422 2484 eornm
441 2421 490 2505 qui
506 2422 535 2483 in
551 2441 584 2484 se
601 2420 670 2484 olim
687 2417 890 2488 contumeliosi
908 2421 1023 2483 luerent
1041 2431 1071 2484 et
1083 2420 1240 2505 adpoeni·

84 2523 205 2586 tentiam
233 2541 302 2586 sese
332 2525 543 2600 traduxerant,
576 2523 750 2588 corrlirmore
778 2522 901 2585 salutem
925 2534 1064 2607 cuperet,
1093 2543 1131 2586 ne
1153 2523 1239 2588 ullam

82 2628 225 2690 aduersos
241 2644 295 2688 eos
310 2645 434 2709 poenam
451 2625 662 2702 constitueret,
687 2646 740 2710 pro
757 2645 810 2688 soa
828 2625 990 2688 incredibili
1007 2625 1185 2690 humanitate
1204 2645 1239 2690 ac

83 2725 239 2790 elementia
258 2726 409 2792 oraculum
432 2727 501 2790 illutl
519 2727 657 2791 edidisse.
704 2725 790 2811 Quod
811 2737 907 2790 atatem
931 2729 1086 2794 nonnullas
1109 2730 1173 2794 lore
1186 2749 1240 2792 co·

82 2840 241 2910 posceret
259 2831 307 2914 qni
327 2830 356 2892 in
376 2829 508 2914 spiritum
527 2839 660 2894 sanctum
676 2828 865 2914 insurgerent
887 2851 921 2892 ao
944 2831 1130 2916 blasphemiis
1152 2849 1241 2916 appe·

83 2940 199 3010 mosot,
223 2932 330 3015 quique
354 2943 385 2996 et
406 2934 442 2996 ad
463 2932 602 2996 servilem
629 2932 825 2996 conditionem
849 2935 1034 3017 redigerent,
1059 2945 1089 2998 et
1110 2945 1241 3005 creatum

83 3043 169 3116 atque
183 3055 201 3096 a
216 3033 262 3097 dei
282 3045 386 3096 natura
403 3035 530 3098 olisatum
548 3055 616 3098 esse
636 3035 784 3112 dicerent,
809 3057 866 3119 quo
888 3036 963 3099 hurso
984 3057 1115 3100 errorem
1139 3037 1240 3102 exalu-

84 3135 183 3212 deret,
208 3135 331 3200 adiecit:
364 3141 422 3216 Qui
441 3147 533 3201 autem
556 3139 789 3219 blasphemaverit
810 3143 839 3200 ric
863 3144 993 3219 spria'tam
1016 3152 1160 3214 sonatum,
1184 3161 1240 3202 aaa

84 3243 244 3300 mutuetur
264 3243 307 3314 ei,
338 3261 428 3321 aeque
445 3243 507 3313 bair,
537 3261 626 3320 nepae
646 3245 675 3302 ia
690 3243 797 3323 sonoro
817 3243 922 3303 secroto.
971 3238 1002 3304 ln
1025 3263 1082 3325 quo
1105 3263 1163 3306 nott
1187 3261 1240 3305 eus

83 3341 131 3423 qni
145 3361 179 3402 se
198 3341 434 3425 blasphemarent
450 3341 570 3406 laudare
588 3343 695 3420 voluit,
719 3345 771 3408 sed
792 3343 1013 3426 praescientiam
1035 3365 1117 3410 snam
1140 3345 1240 3409 hutno-

84 3443 265 3526 nitatemqne
282 3445 474 3519 ntortstravit,
499 3464 574 3527 qnae
593 3465 692 3508 eorunm
713 3448 761 3530 qni
781 3456 843 3532 post
864 3446 1072 3533 blasphemiam
1090 3448 1240 3530 poeniten-

84 3545 152 3608 tiam
168 3547 388 3631 suscepissent,
412 3545 604 3611 stabiliendae
623 3548 708 3610 saluti
728 3549 907 3613 aorrsnleret.
955 3549 1070 3614 Etenim
1089 3552 1163 3614 idam
1181 3549 1239 3612 alio

83 3647 149 3709 loeo
163 3648 256 3725 dixit,
281 3651 338 3726 (lai
350 3654 499 3728 negaverit
513 3671 556 3711 me
572 3671 666 3712 eoram
685 3654 858 3726 damt'aibns,
883 3655 1034 3733 negabitur
1049 3673 1143 3714 eoram
1155 3662 1379 3732 pertranseant.

84 3771 160 3812 areo:
184 3751 273 3830 item,
296 3753 414 3831 negate
433 3755 524 3814 illum.
572 3749 701 3832 Ceratae,
726 3758 784 3833 pn·
801 3777 844 3818 me
861 3758 1006 3838 consuescas
1020 3759 1126 3839 fuerit,
1150 3756 1239 3834 coafi-
1252 3772 1337 3870 ¹apsiscp.

84 3854 163 3914 tebor
183 3857 274 3933 ipsum
296 3875 390 3915 coram
407 3867 493 3936 patre
514 3877 583 3918 meo.
1279 3857 1286 3881 ’
1325 3856 1330 3869 '

169 3951 282 4019 0hiiuit
292 3967 445 4040 praeterea
456 3956 646 4021 Theodotus:
671 3955 739 4022 Lex
753 3959 793 4023 ita
807 3960 842 4022 de
855 3957 976 4025 Christo
989 3971 1100 4038 narrat,
1116 3965 1239 4043 Prophe·
1258 3963 1317 4032 cap.
1330 3967 1373 4015 ¹¹¹·
1390 3997 1393 4004 ⁴

84 4069 142 4119 tane
157 4060 328 4141 esrotrdbus
342 4065 443 4121 vestris
455 4063 605 4122 suscitabit
623 4065 751 4123 domebus
766 4075 896 4143 tanquam
915 4086 975 4126 rae:
999 4068 1088 4144 msam
1102 4068 1233 4128 aade'etie.
1246 4047 1352 4106 ⁰⁰⁰²‘¹⁸'
1361 4047 1394 4093 ¹⁵¹

85 4159 288 4244 Atquibloses
300 4161 385 4224 bomo
398 4173 472 4226 erat.
498 4161 599 4247 Quaere
611 4163 658 4247 qui
671 4184 687 4225 a
700 4163 754 4226 deo
770 4163 929 4229 suscitatus
941 4175 999 4243 est,
1019 4161 1155 4230 Christus
1170 4167 1237 4246 iste,

84 4283 146 4325 non
157 4263 228 4328 dens
239 4275 316 4344 erat,
335 4265 386 4328 scd
399 4265 503 4345 homo;
528 4265 759 4351 quarrdoquidam
772 4287 789 4329 a
800 4264 916 4332 ludaeis
927 4267 997 4353 ipsis
1011 4268 1151 4334 oriorsdus
1162 4279 1238 4349 erat,

84 4409 186 4475 abrade.
220 4419 288 4468 flecte
305 4419 442 4482 Carnarius,
458 4426 564 4471 umen:
583 4435 646 4538 opusc
680 4419 779 4490 phemie
796 4420 848 4472 eios
863 4423 1043 4490 poenitentiam
1057 4433 1140 4492 egunt.

84 4492 167 4534 certos
183 4485 248 4536 lecit
266 4484 299 4536 de
315 4485 395 4538 aelate
411 4503 454 4538 ecs
475 4487 518 4558 qui
539 4505 554 4540 a
576 4487 645 4540 has·
