3186 4928
363 251 499 304 rnnnnn
517 251 580 303 nra.
595 251 626 302 n.
645 247 726 303 ron.
740 249 759 299 r.
777 244 981 300 nasnnxn.
1194 229 1256 298 353
1334 221 1339 234 ‘

98 369 197 434 anima
216 367 350 435 absurdis
370 381 457 456 atque
475 370 704 436 abhorrentibus
721 369 751 432 in
768 367 856 432 rebus
872 369 1045 434 servitutem
1062 365 1205 452 patimur,
1228 367 1259 429 id

98 474 176 556 quod
194 483 225 538 et
241 484 271 536 tu
289 473 386 558 aliqua
403 495 442 538 ex
458 485 544 560 parte
558 473 671 538 dixisti.
717 467 793 536 Cum
809 482 907 535 antem
923 470 1063 534 advitam
1081 471 1256 548 excitamur,

100 574 199 638 anima
215 576 360 641 servitute
375 575 424 640 illa
441 577 601 656 liberatur,
625 597 659 640 ao
677 575 796 660 spiritus
819 573 957 638 continua
974 573 1114 659 deinceps
1136 573 1259 637 admini-

99 677 208 742 stratio
223 677 372 759 succedit,
396 700 472 764 quoe
492 677 559 743 bino
576 679 658 744 velut
676 677 793 742 arrham
811 697 846 741 ao
863 677 966 761 pignus
984 675 1113 756 obtinet,
1135 676 1260 762 perinde

99 803 135 845 ac
153 782 295 867 scriptum
319 793 382 846 eote
413 783 569 864 Stupebant
587 786 720 857 vabrbaur,
743 785 847 862 spiritu
862 791 895 842 et
907 781 1097 855 ambulaturum
1120 783 1150 840 εἰ
1166 790 1260 842 autern
1273 790 1400 846 urtam

99 889 207 966 mairiu
218 887 409 959 ammanus,
436 890 562 948 cotronae
576 889 705 966 corpora
719 887 797 946 uelut
808 895 956 946 enecantes
970 887 1104 944 uiuamus.
1152 879 1262 944 Nullae

100 987 201 1072 itaque
222 987 345 1074 amplius
368 988 505 1073 nuptiae,
530 987 704 1074 cupiditates
723 987 837 1065 nullae,
861 985 939 1050 nulla
962 984 1171 1050 continentiam
1194 1003 1263 1070 pro·

100 1091 189 1154 fessis
205 1090 380 1169 certamina,
398 1090 470 1154 nulli
484 1089 613 1155 castitati
628 1089 729 1176 lapsus
745 1089 898 1168 contrarii,
919 1085 1015 1154 nullae
1030 1088 1155 1172 deniqne
1170 1087 1263 1150 actio-
1378 1133 1382 1142 .

100 1213 155 1256 nes
172 1192 316 1258 emsmodi
330 1205 501 1279 supersunt,
526 1213 601 1278 quaa
616 1193 647 1257 io
665 1195 719 1258 bac
733 1193 794 1258 vita
812 1202 966 1277 geruntur.
1013 1187 1086 1271 Sed,
1111 1191 1187 1276 quod
1204 1190 1263 1254 sal·
1272 1201 1415 1256 tinette·

100 1305 189 1358 vator
211 1297 335 1375 asserit,
360 1297 408 1381 qui
427 1297 648 1362 resurrectione
673 1296 722 1359 illa
745 1295 855 1380 dignati
882 1295 1006 1374 luerint,
1036 1313 1131 1378 nsque
1155 1293 1264 1358 ducunt

101 1417 232 1477 uoces,
258 1419 353 1483 neque
375 1400 505 1478 nubunt,
530 1401 582 1464 sed
605 1409 674 1464 sunt
695 1398 771 1464 sicut
794 1398 904 1482 angeli.

188 1499 441 1584 Quemadmodum
461 1503 621 1566 translatus
643 1508 689 1566 est
706 1497 828 1580 Enoch,
851 1511 884 1564 ut
906 1521 965 1564 oon
988 1499 1103 1563 videret
1124 1509 1261 1578 mortam,
1300 1495 1360 1562 ⁶³1³·

101 1613 133 1668 et
150 1625 208 1666 non
233 1604 371 1669 iuventus
391 1615 448 1668 cst.
495 1603 602 1689 Neque
621 1589 693 1668 velo
711 1603 752 1668 ita
768 1603 928 1667 translatus
951 1613 1046 1668 estut
1067 1621 1175 1688 corpus
1197 1614 1264 1666 car·
1276 1565 1417 1685 <iiim

102 1706 222 1792 porisne
252 1717 363 1793 partem
388 1707 580 1793 relinqueret.
626 1704 705 1772 Nam
730 1705 756 1770 si
780 1727 888 1792 corpus
909 1705 1108 1790 relinqueret,
1140 1715 1263 1768 mortem

103 1809 204 1893 utique
221 1808 348 1873 videret.
394 1807 495 1892 Quare
515 1829 570 1874 uua
596 1831 660 1874 cum
680 1828 804 1894 corpore
821 1810 982 1873 translatus
1001 1818 1125 1872 mortem
1145 1807 1264 1872 omnino

102 1931 164 1976 nou
185 1912 269 1976 vidit.
316 1907 468 1997 Siquidem
487 1913 557 1977 vivo
578 1911 671 1978 adbuc
688 1933 723 1976 oc
740 1913 870 1998 spirante
888 1931 1012 1997 conpone
1034 1909 1184 1996 praeditus
1206 1910 1265 1995 spi-

103 2013 185 2078 ritali
202 2035 303 2094 more,
328 2036 388 2079 non
405 2015 540 2093 animali,
565 2025 684 2101 propter
702 2015 923 2080 translationem
940 2015 1017 2078 illam
1033 2013 1129 2099 degit,
1154 2033 1220 2077 oum
1235 2013 1266 2076 iu
1309 2007 1311 2012 ’

104 2137 234 2202 corpora
252 2137 398 2202 paramus
417 2117 542 2203 spiritali
560 2117 646 2182 modo
661 2129 809 2182 versetur.
856 2115 935 2181 ldem
951 2138 1024 2182 roro
1041 2127 1072 2180 et
1089 2117 1124 2179 de
1140 2113 1206 2180 Elia
1223 2117 1267 2179 la·
1279 2127 1419 2184 abes-²2¹¹·

104 2219 162 2282 teri
180 2239 307 2283 neemse
321 2230 379 2298 ast,
404 2219 452 2304 qni
470 2220 558 2304 igneo
578 2240 667 2284 curru
682 2221 712 2286 in
729 2221 852 2286 sublime
869 2231 915 2284 est
931 2229 1065 2298 evectus,
1087 2237 1157 2282 esse
1172 2218 1267 2282 adbuc

104 2321 135 2386 in
154 2343 244 2386 carne
262 2320 417 2400 nimirum,
440 2323 493 2387 sed
512 2321 635 2407 spiritaii
654 2343 760 2402 carne,
785 2333 860 2407 quae
881 2343 939 2388 uon
964 2321 1009 2386 bis
1032 2321 1120 2386 rebus
1144 2322 1267 2408 amplius

106 2445 181 2508 opus
206 2423 329 2504 babeat,
352 2425 478 2510 quibus,
503 2443 568 2489 oum
587 2424 618 2488 io
641 2426 748 2489 mundo
768 2425 861 2491 adbuc
879 2435 976 2504 emet,
1000 2421 1170 2508 indigebat.»
1206 2417 1268 2488 Cu-

104 2525 232 2590 imnodi
252 2537 314 2606 cst,
343 2528 381 2591 uli
400 2549 556 2592 corvorum
583 2527 766 2608 ministerio,
795 2549 836 2592 cx
854 2524 977 2596 choran
996 2536 1127 2592 torrente
1152 2526 1266 2607 bibere,

107 2641 197 2714 utque
221 2630 309 2693 ovilla
329 2629 405 2715 pelle
428 2631 575 2715 contegi,
603 2627 666 2694 Sed
687 2630 745 2694 alio
769 2631 891 2716 quodam
914 2629 1053 2716 spiritalis
1076 2629 1134 2694 eibi
1156 2649 1268 2714 genere

107 2731 234 2810 nutriri,
252 2753 339 2816 quem
353 2733 577 2798 ciuccultornm
593 2734 729 2819 cognitor
743 2752 903 2818 corumque
919 2749 994 2818 quae
1010 2733 1107 2798 rideri
1120 2741 1273 2820 nequeunt

108 2834 246 2899 condssor
262 2834 336 2898 deus
351 2836 644 2922 suppeditatpenos
662 2855 747 2922 quern
765 2835 930 2900 ambrosiae
949 2845 979 2899 et
991 2834 1155 2921 incorrupti
1171 2835 1270 2900 cuius·
1360 2821 1370 2836 ⁴

109 2937 176 3003 daur
196 2933 292 3021 pabuli
315 2939 399 3024 copia
422 2947 480 3002 est.
526 2936 748 3004 Animadvertis
772 2937 870 3022 itaque
892 2938 968 3001 idern
993 2957 1061 3002 esse
1085 2939 1212 3003 animale
1234 2958 1269 3002 ac

111 3039 244 3125 spiritale
260 3059 384 3126 corpusq
409 3041 648 3124 quamadmodum
665 3052 698 3106 et
713 3041 847 3106 dominus
864 3052 998 3106 oostera
1015 3051 1108 3106 morte
1125 3042 1270 3122 surrexit,

111 3163 171 3206 non
190 3153 224 3206 ut
240 3143 319 3206 aliud
335 3155 492 3207 revocaret
516 3143 665 3208 advitam
688 3163 813 3228 corpus,
837 3144 889 3207 sed
913 3143 981 3208 illud
1002 3145 1113 3230 ipsum,
1145 3145 1220 3230 qnod
1244 3143 1271 3208 ci

111 3247 227 3323 inerat,
250 3265 346 3330 neque
364 3255 484 3331 praeter
498 3245 592 3330 ipsum
607 3245 703 3324 aliud,
727 3247 778 3310 sed
795 3245 836 3310 ita
852 3257 951 3310 tamen
969 3257 1000 3310 ut
1017 3247 1085 3311 illud
1103 3247 1197 3334 ipsum
1213 3247 1273 3332 spi·

110 3348 187 3412 ritus
205 3347 234 3410 io
249 3346 397 3433 propriam
414 3349 585 3413 tenuitatem
601 3369 635 3412 ao
651 3349 842 3414 subtilitatem
858 3359 1066 3431 converteret,
1090 3371 1125 3414 ac
1140 3348 1271 3435 spiritale

111 3449 234 3514 omniuo
256 3451 409 3516 conflaret.
454 3449 557 3536 Quare
575 3461 606 3516 ot
623 3455 744 3514 maturis
766 3456 861 3514 ι’ωιιαὶς
883 3457 1030 3533 iragrerrur
1053 3465 1111 3529 ret,
1142 3453 1219 3538 quod
1240 3451 1425 3514 iurandaque.

111 3553 169 3616 bac
186 3550 301 3638 quidem
320 3552 382 3618 vita
400 3554 573 3642 corporibus
589 3554 699 3620 nostris
717 3555 890 3639 contingere
915 3575 974 3618 non
995 3565 1107 3640 potest,
1138 3575 1173 3618 eo
1197 3551 1274 3638 quod

112 3666 255 3720 concreta
271 3667 340 3720 suut
357 3677 391 3721 ac
406 3676 521 3736 crassa,
544 3677 600 3722 neo
616 3657 682 3722 dum
698 3656 728 3721 in
745 3655 905 3742 spiritalem
920 3655 997 3720 illam
1016 3657 1186 3721 tenuitatem
1205 3675 1273 3718 coa·

110 3757 235 3824 luerint.
282 3755 437 3840 Quodnam
455 3759 547 3846 igitur
563 3779 670 3845 eorpus
686 3770 732 3824 est
749 3759 826 3844 quod
849 3758 958 3824 clausis
977 3758 1072 3824 ianuis
1092 3769 1137 3822 est
1158 3757 1274 3842 ingres·

111 3866 200 3927 sumt
243 3859 370 3926 Aliudue
391 3881 477 3948 qnam
494 3863 570 3947 quod
588 3862 618 3926 in
638 3882 726 3926 cruce
744 3863 880 3926 suffixum
898 3873 961 3942 est,
984 3881 1021 3925 au
1037 3861 1107 3926 illud
1125 3861 1220 3946 ipsum
1242 3860 1274 3924 in

112 3983 234 4028 erucem
253 3963 418 4030 sublatum?
460 3963 654 4050 Quocumque
671 3974 827 4043 revertas,
852 3960 1012 4049 Origenes,
1038 3977 1096 4027 non
1113 3973 1197 4048 putes
1214 3983 1273 4026 noo

111 4065 186 4132 illud
202 4065 296 4151 ipsum
313 4087 381 4131 esse
401 4068 534 4132 coo-literi
550 4068 626 4153 quod
645 4067 725 4130 eruci
746 4077 793 4130 est
808 4067 939 4130 affixum.
983 4063 1063 4130 Nam
1083 4065 1147 4151 ipse
1170 4076 1198 4128 te
1222 4083 1276 4150 per

112 4180 285 4235 accuratam
302 4168 437 4234 Thomae
452 4169 672 4254 inquisitionem
687 4168 856 4252 redarguit,
880 4190 944 4233 cum
963 4169 991 4232 ei
1009 4167 1101 4248 dixit,
1129 4171 1202 4232 Noli
1213 4177 1426 4234 erratoannttnt·

113 4275 298 4348 amoenus,
322 4277 374 4336 red
383 4275 494 4352 fidrd'r.
542 4270 620 4338 Tum
637 4271 715 4338 euim
733 4271 882 4336 alanorum
905 4271 1031 4356 vestigia
1047 4269 1227 4336 monstravit
1240 4291 1275 4336 ac

114 4377 259 4456 lunone,
283 4375 426 4460 adeoque
438 4375 593 4441 cicatrices
612 4376 693 4462 ipsas
711 4375 829 4460 reliquit
842 4373 872 4438 in
890 4388 1031 4460 corpore,
1055 4371 1188 4460 quamvis
1205 4373 1274 4437 illud

115 4479 280 4566 spiritalem
305 4477 335 4542 in
359 4477 500 4544 unitatem
528 4479 697 4544 coollasset.
742 4475 865 4543 Poterat
884 4477 999 4563 quidem
1022 4476 1174 4542 cicatrices
1196 4473 1275 4561 ipsas

169 4577 261 4636 corpu
274 4577 411 4624 Buram
425 4577 454 4624 ll.
466 4579 487 4626 Ι.
1030 4584 1070 4647 23
