3128 4930
315 195 374 260 154
735 207 1044 264 ειιιοτιεειειιιαιι

313 321 499 406 καλούμενον
522 322 589 401 vide
612 321 719 394 ἐανιδν
744 322 799 392 οῦκ
822 327 989 412 ἐγέννήσεν,
1017 323 1087 394 άλλῦ
1109 329 1142 394 ἐτι
1163 325 1275 414 πατρός
1296 327 1473 414 μεμίανται

316 428 377 492 Καὶ
399 419 424 494 ολ
443 434 496 510 τῆς
519 433 579 494 τῶν
601 423 775 514 άνθροόιταν
794 437 904 512 πολλῆς
925 433 1159 514 φρενοβλαβείας
1182 433 1231 498 καί
1254 429 1473 517 άκατορθοότοο
1550 445 1551 450 ’

314 535 464 613 λογισμοῦ.
500 527 590 595 Ἔστι
609 529 665 616 γάρ
682 529 715 598 τό
733 528 855 616 εὔλογον
872 529 926 616 οὐχ
945 529 985 608 οἷς
1001 525 1084 598 οὗτοι
1099 531 1287 614 δοξάζουσιν,
1308 531 1368 598 άλλ’
1390 531 1433 611 άς
1453 529 1474 616 ή

316 628 444 713 άλήθεια
458 630 507 698 διά
523 639 576 717 τῆς
589 639 677 710 θείας
692 639 812 720 μραφής
828 630 900 726 ήμζν
914 632 1131 702 ότιοδελκνυσιν.
1166 634 1277 713 Εόθῦς
1291 633 1347 722 γάρ
1364 634 1475 717 φάσκει

314 731 465 818 όκόριος,
486 737 592 820 λέγων,
617 733 718 815 Ἰδοό,
740 734 858 818 σννήσει
875 734 975 814 όνίός
992 763 1051 820 μου
1069 736 1266 824 όάγαιτήτός,
1289 737 1326 804 δν
1340 735 1474 828 ήρέτισα,

315 835 351 902 δν
366 834 519 924 ήμάτησεν
539 836 657 922 ήψυχή
674 864 748 921 μον·
776 837 912 922 θήσομαι
934 837 967 906 τό
990 839 1107 924 πνεῦμά
1130 867 1189 924 μου
1210 838 1254 908 ἐτ’
1276 839 1366 928 αῦτῷ.
1412 843 1475 906 Καί

221 1005 223 1010 .
313 935 386 1028 δρᾷς
409 947 474 1016 ιιολς
497 941 551 1024 μὲν
572 940 661 1025 φιονή
685 941 797 1026 πατρός
820 941 999 1010 δεικνύουσα
1022 942 1110 1024 φόσει
1131 942 1216 1024 νίόν,
1246 942 1293 1026 ἐφ’
1315 935 1341 1032 ᾦ
1361 947 1415 1010 καί
1438 942 1473 1010 τό

314 1049 430 1125 πνεῦμα
452 1041 547 1109 αότοῦ
570 1048 706 1126 τίθησινς
738 1040 816 1110 Είτα
836 1046 869 1112 δέ
886 1042 977 1122 αάτός
999 1042 1017 1111 ό
1036 1045 1197 1132 μονογενής
1221 1066 1311 1129 φησι,
1333 1043 1475 1124 Δόξασότ

314 1169 365 1228 με,
387 1143 495 1230 ιιάιερ,
524 1147 556 1212 ἐν
573 1139 594 1236 ή
611 1145 684 1237 δόξῃ
703 1143 781 1231 είχον
798 1146 880 1233 ιιαρά
901 1149 949 1214 σοί
965 1146 1025 1234 πρό
1048 1155 1102 1214 τοῦ
1119 1146 1172 1214 τόν
1193 1147 1307 1232 κόσμον
1322 1150 1473 1235 μενέσθαι.

313 1245 348 1314 ‘0
364 1248 397 1314 δέ
417 1250 524 1334 λέγων,
548 1248 667 1334 Πάτερ,
690 1248 817 1328 δόξασόν
833 1276 884 1334 με,
907 1248 960 1334 οόχ
981 1248 1089 1317 ἔαυτόν
1110 1251 1223 1334 τιατέρα
1242 1259 1336 1331 καλεῖ,
1358 1252 1476 1336 ττατέρα

313 1351 345 1416 δέ
366 1349 420 1417 τόν
442 1349 536 1418 αῦιοῦ
558 1350 703 1437 μινοόσκει.
748 1353 845 1420 Πάλιν
867 1354 899 1419 δέ
920 1355 953 1420 ἐν
972 1351 1049 1442 άλλφ
1070 1351 1170 1442 τόιιφ,
1194 1345 1288 1418 Ἦλθε
1310 1353 1399 1436 φωνή
1422 1353 1474 1419 τίετ’

314 1451 462 1539 οὐρανοῦ,
485 1453 546 1535 ότι,
573 1447 670 1531 Οὗτός
687 1457 765 1522 ἐστιν
779 1454 798 1524 ό
811 1455 880 1533 νίός
895 1482 969 1540 μου,
991 1453 1086 1522 αὐτοῦ
1102 1453 1234 1522 άκοόετε.
1279 1457 1339 1522 Καὶ
1358 1453 1417 1522 οῦκ
1435 1453 1475 1521 τί-

314 1581 385 1636 ιιεν,
405 1553 481 1644 Ἐμοί
497 1559 556 1640 ελμι
571 1554 589 1623 ό
603 1556 670 1635 υίός
685 1584 754 1640 μου,
775 1561 850 1642 ἐμοῦ
868 1557 1031 1638 άκοόσατε,
1054 1557 1124 1624 οῦδὲ
1140 1555 1245 1639 πάλιν,
1268 1561 1381 1646 Γέγονα
1395 1557 1474 1637 οἶός,
1550 1573 1551 1576 ’

314 1656 401 1738 άλλά,
427 1651 523 1738 Οότος
540 1655 557 1725 ό
574 1659 641 1736 νίός
656 1686 729 1742 μου,
751 1659 844 1728 αὐτοῦ
860 1659 1013 1728 άκοόσατε.
1058 1663 1120 1726 Καί
1135 1659 1168 1727 τό
1187 1663 1295 1742 είιιεῖν,
1324 1657 1400 1745 Ἐμοί
1420 1663 1475 1726 καλ

315 1759 444 1848 όιτατήρ
462 1787 520 1844 μου
534 1764 567 1828 ἐν
584 1765 686 1845 ἐσμεν,
708 1761 764 1830 οῦκ
780 1761 862 1831 είιιεν
878 1763 939 1843 ότι,
961 1762 1036 1850 Ἐμοί
1050 1765 1102 1829 καί
1118 1760 1136 1830 ό
1151 1763 1249 1850 ιιατήρ
1266 1789 1324 1847 μου
1342 1761 1387 1840 είς
1401 1767 1474 1846 είμι,

236 1905 238 1910 ·
314 1861 403 1944 όλλά,
430 1862 505 1950 Ἐγιδ
526 1867 578 1931 καί
601 1862 619 1931 ό
639 1865 736 1952 πατήρ
756 1893 815 1949 μον
838 1869 870 1934 ἕν
894 1869 988 1950 ἐσμεν.
1037 1863 1076 1932 Τό
1094 1867 1142 1946 δέ,
1167 1863 1242 1953 Ἐμοί
1262 1868 1313 1934 καί
1328 1863 1347 1932 ό
1362 1865 1475 1950 πατὴρ,

314 1965 400 2042 ὄντος
416 1974 471 2032 τοῦ
484 1965 604 2054 άρθρον
619 1975 672 2034 τοῦ
684 1966 718 2033 '0
734 1971 855 2036 καὶτοῦ
870 1973 932 2034 Καί
949 1967 1107 2052 άναμέσον,
1129 1973 1263 2053 σημαίνει
1280 1971 1396 2056 πατέρα
1414 1967 1473 2049 φό-

315 2090 358 2136 σει
380 2071 509 2156 πατέρα,
531 2073 582 2136 καί
602 2068 671 2137 οίδν
692 2069 782 2152 φύσει
802 2070 877 2138 νλόν.

186 2179 253 2250 Κεφ.
267 2181 300 2237 δ’.
403 2175 465 2238 Καὶ
482 2171 572 2238 πάλιν
589 2175 657 2259 ιτερί
675 2181 728 2239 τοῦ
744 2171 831 2259 άγίον
847 2172 1030 2257 ιτνεόματος,
1050 2170 1121 2240 Ἐάν
1140 2171 1277 2252 άιιέλθοι,
1299 2176 1414 2251 ἐκεῖνος
1426 2177 1475 2260 ἐρ·
1550 2171 1551 2188 λ

315 2301 411 2358 xum,
432 2274 466 2342 τό
482 2283 600 2359 πνεῦμα
619 2283 673 2360 τῆς
688 2273 839 2360 άλήθείας.
885 2273 971 2341 Πολῦ
988 2277 1021 2342 δέ
1036 2274 1219 2358 σαφέστατόν
1235 2278 1296 2344 ἐστι
1316 2283 1407 2342 τοῦτο
1427 2277 1474 2356 τό,

313 2375 386 2465 Ἐμά
401 2376 517 2464 όιιάγοι,
539 2380 589 2446 καλ
605 2381 718 2456 ἐκεῖνος
733 2381 856 2464 ἐρχεται.
894 2375 958 2444 Οόιι
971 2374 1063 2457 εἶπεν,
1082 2375 1157 2464 Ὲγεέ
1173 2375 1290 2464 διιάγοι,
1313 2381 1375 2458 καλ,
1396 2377 1474 2464 Ἐμολ
1550 2387 1551 2396 ’

313 2483 450 2565 ἔρχομαι,
473 2479 545 2548 άλλά
565 2479 625 2548 άιιδ
646 2489 701 2548 τοῦ
719 2480 793 2568 Ἐμοί
815 2483 868 2548 καί
885 2477 1013 2556 Ἐκεῖνος
1036 2478 1180 2563 ἐσήμανεν
1201 2479 1400 2548 ἐννιιόστατον
1421 2481 1475 2548 τόν

315 2582 391 2662 υἱόν,
414 2586 613 2650 ἐννπόστατον
626 2583 659 2651 τό
677 2585 762 2670 άμιον
776 2591 902 2666 πνεῦμα.
947 2585 1009 2648 Καί
1022 2581 1125 2663 πάλιν,
1152 2580 1191 2649 Τό
1207 2591 1323 2668 πνεῦμα
1335 2591 1391 2667 τῆς
1405 2583 1474 2668 άλη-

193 2709 296 2768 mm
315 2689 402 2762 θείας
415 2684 448 2753 τό
465 2689 498 2752 ἐκ
514 2693 567 2770 τοῦ
581 2685 693 2774 πατρός
708 2683 942 2772 ἐκπορευόμενον
958 2687 992 2752 ἐκ
1006 2692 1060 2752 τοῦ
1076 2687 1151 2768 ἐμοῦ
1163 2683 1301 2768 λήψεται·
1325 2688 1377 2751 ἵνα
1391 2689 1474 2777 δείξῃ

314 2786 514 2855 ἐναιτόστατον
528 2787 581 2854 τόν
593 2791 715 2872 τιοτίρα,
738 2787 939 2855 ἐννιιόστατον
952 2787 1005 2853 τόν
1019 2786 1097 2866 υίδν,
1119 2786 1320 2855 ἐνοπόστατον
1336 2786 1371 2852 τό
1386 2786 1475 2874 άμιον

315 2897 440 2973 πνεῦμα.
486 2890 584 2956 Πάλιν
608 2891 640 2956 δέ
659 2893 709 2957 ἐπὶ
729 2898 784 2960 τοῦ
799 2888 957 2976 Ἰορδάνου
980 2887 1101 2957 άνοιθεν
1122 2888 1141 2956 ό
1159 2888 1255 2976 πατήρ
1277 2888 1384 2970 ἐλάλει,
1407 2890 1476 2968 υἱός

316 2992 349 3058 δδ
363 2994 397 3057 ἐν
410 2989 545 3082 ’ίορδάνή
562 2992 731 3078 κατήρχετο,
754 2991 787 3060 τό
802 2992 836 3057 δέ
851 2998 968 3075 πνεῦμα
985 2997 1157 3076 μεσαίτατον
1170 2995 1203 3060 ἐν
1218 2997 1287 3060 εἴδει
1299 3001 1476 3080 περιστερᾶς

316 3098 451 3175 ἐφαίνετο
467 3098 518 3160 καί
533 3088 625 3179 ήλθεν
641 3092 685 3162 ἐπ’
700 3092 803 3174 αὐτόν,
825 3099 921 3161 καιτοί
936 3103 1035 3182 γετοῦ
1049 3094 1217 3179 πνεύματος
1233 3095 1274 3178 μή
1291 3097 1475 3181 φορίσαντος

316 3195 427 3283 σάρκα,
450 3197 491 3281 μή
510 3200 709 3280 ἐνδυσαμένου
731 3203 825 3280 σῶμα.
870 3195 930 3263 Διά
949 3198 981 3264 δέ
999 3195 1033 3264 τό
1055 3195 1097 3280 μή
1113 3203 1284 3281 νομίζεσθαι
1305 3197 1475 3282 συναλιφήν

316 3297 391 3366 εἶναι
406 3299 482 3385 τορός
494 3298 547 3366 τόν
562 3297 630 3368 υἱόν
646 3298 679 3366 τό
695 3298 780 3384 ῦμιον
794 3305 921 3383 πνεῦμα,
943 3305 1144 3384 σχήματλζεται
1157 3302 1189 3366 ἐν
1204 3303 1274 3366 είδει
1289 3308 1475 3387 περιστερᾶς,
1550 3359 1551 3366 ,

316 3402 367 3469 διά
381 3401 414 3469 τό
431 3400 612 3470 όκτάνεσθαι
632 3401 721 3483 φάσει
742 3400 941 3468 ἐνυτιόστατον
956 3401 989 3468 τό
1008 3408 1133 3485 πνεῦμα.
1180 3401 1287 3470 Πόθεν
1303 3403 1335 3468 δέ
1351 3399 1473 3488 άλλαχό-

315 3517 371 3572 θεν
394 3502 451 3571 οάιι
470 3507 571 3587 ἐχομεν
592 3509 687 3583 δεῖξαι
708 3503 785 3570 κατά
805 3503 921 3572 τούτων
943 3511 1001 3570 νῦν
1023 3503 1077 3587 τήν
1100 3503 1334 3590 φρενοβλάβειαν
1355 3507 1476 3583 ἐαντοῖς

316 3605 566 3694 ἐμκισσήσάντανς
597 3609 641 3672 Εἰ
656 3607 709 3690 μέν
725 3605 780 3693 γάρ
798 3603 974 3692 άλήθεόειή
993 3605 1093 3674 αὐτῶν
1113 3605 1232 3675 διάνοια
1247 3609 1299 3674 καί
1315 3604 1335 3674 ό
1348 3606 1442 3695 λόγος
1459 3607 1476 3675 α’

316 3711 405 3788 ἐνιλος
421 3712 472 3778 καί
490 3707 531 3792 μή
549 3712 624 3792 ἔχων
641 3708 797 3788 σύστασιν,
819 3707 891 3791 μήτε
912 3707 1057 3794 δύναμιν,
1079 3709 1151 3793 μήτε
1169 3711 1312 3786 σννέσεοις
1330 3709 1476 3796 λογισμόν

314 3811 499 3897 ήέμφασιν,
521 3809 579 3899 άρα
601 3803 656 3878 σόν
674 3813 823 3894 ἐκβληιέαι
840 3813 913 3877 είσλν
930 3815 964 3877 αἱ
984 3814 1113 3898 γραφαί,
1135 3817 1169 3878 αἱ
1183 3815 1295 3898 γραφαί
1318 3815 1352 3878 αδ
1373 3813 1475 3896 πάντα

316 3915 368 3996 μὲν
392 3919 505 4002 ιταιέρα
527 3917 640 4000 πατέρα
661 3917 874 4002 γινοίσιιονσαι,
904 3917 956 3980 καλ
977 3913 1046 3980 υίδν
1066 3913 1150 3996 νίόν,
1177 3917 1228 3981 καλ
1250 3914 1335 4000 δι’γιον
1355 3924 1476 4000 πνεῦμα

315 4015 401 4101 ἅγιον
421 4027 546 4103 πνεῦμα.

399 4320 490 4388 Ἀλλά
506 4329 534 4390 τί
548 4329 686 4408 φάσκεις,
710 4315 853 4404 άοῦτοςς
886 4323 945 4410 Μή
961 4329 1125 4392 πολοθεΐαν
1140 4322 1298 4411 ἡγήσοιντο
1321 4327 1353 4391 οί
1372 4323 1408 4392 τό
1428 4327 1473 4392 σέ-

285 4461 289 4468 ·
316 4431 374 4512 βας
387 4423 538 4510 άληθινῦς
558 4455 594 4518 τφ
608 4428 706 4516 τριάδι
722 4429 949 4516 πρσςφέροντες,
972 4429 1078 4506 οῗτινές
1093 4430 1168 4494 είσιν
1181 4429 1245 4494 αίολ
1261 4435 1314 4512 τῆς
1331 4425 1474 4512 άληθείας
