3168 4942
375 176 512 256 raanan
531 203 596 256 uta.
611 207 642 256 tt.
654 205 739 256 rou.
753 207 782 254 u.
802 205 900 256 uasa.
915 205 1010 254 cxtx.
1207 193 1267 254 727

102 337 152 386 tre
169 305 245 388 lilius
264 325 400 408 accipere
416 321 532 398 debuit,
557 323 607 384 scd
626 343 685 386 non
703 332 733 385 ut
747 322 811 407 ipso
829 334 909 385 esset
924 322 1060 386 interior.
1100 319 1186 404 Quod
1204 326 1267 406 qui-

101 425 173 488 dem
194 424 307 488 duobus
331 425 424 488 modis
452 423 617 506 intelligere
642 445 809 508 possumus.
856 421 985 487 Primum
1014 435 1044 487 ut
1062 435 1190 488 mentem
1214 444 1268 488 uo·

102 539 199 590 stram
218 527 252 590 ad
272 545 357 590 ιιιιιιιιι
378 535 409 588 et
430 525 609 608 singularem
635 525 743 608 patris,
770 525 837 601 lilii,
863 535 893 588 ct
910 526 1031 610 spiritus
1048 526 1141 588 sattcti
1163 525 1268 589 divini·

103 639 197 692 tatem
222 628 383 704 evelleret,
414 647 489 690 neve
505 625 540 688 ad
565 626 706 709 quaedam
726 627 846 689 deorum
872 627 952 690 velut
971 627 1095 722 divortia
1120 625 1266 690 hominum

104 728 304 815 cogitationes
319 727 429 792 demitti
448 738 610 812 pateretur,
635 729 686 790 scd
703 728 738 792 ad
755 749 843 792 unum
862 736 891 791 el
907 729 1055 813 singulare
1072 728 1206 812 quiddam
1224 740 1268 792 at-

104 833 240 894 tolleret.
286 828 425 896 Secundo
440 839 472 892 ut
489 831 523 892 ad
541 841 718 913 assumptam
736 827 862 894 hominis
880 839 1031 908 naturum,
1056 849 1129 913 quae
1153 831 1267 913 gloriae

104 931 341 996 vicissitudinem
363 930 611 1014 mutationemque
627 943 758 1018 caperet,
778 943 867 1016 atque
883 933 919 994 ad
935 930 1096 994 divinitatis
1113 951 1183 992 sune
1198 953 1269 994 con·

109 1035 291 1098 iunctionem
315 1032 533 1116 intelligendam
555 1035 747 1118 perducerem
780 1055 845 1096 curn
864 1032 942 1096 cuim
963 1034 997 1094 ad
1017 1033 1175 1118 discipulos
1198 1040 1268 1097 suos

107 1133 330 1220 pollicitationis
350 1133 514 1197 huiusmodi
540 1155 591 1220 spc
615 1134 823 1198 exhilarandos
844 1133 992 1212 venisset,
1024 1155 1108 1218 quam
1133 1134 1270 1200 ostende·

106 1246 174 1300 rate
199 1241 276 1298 Sunt
288 1240 322 1298 de
341 1238 388 1297 dic
403 1237 560 1309 ctunn'dus,
586 1240 638 1318 qui
649 1257 705 1298 non
720 1238 879 1317 gustabunt
894 1248 1020 1309 mortem,
1046 1239 1134 1297 macc
1149 1239 1270 1298 orarent
1283 1255 1368 1300 Μιιιιι.

94 1339 200 1417 fllium
220 1341 339 1399 dominic
362 1343 514 1399 warentem
542 1341 571 1398 iri
585 1341 683 1416 gloriis
706 1359 771 1400 cua.
818 1335 934 1400 Deinde
962 1347 1066 1400 octava
1089 1336 1154 1414 die,
1185 1347 1217 1400 ul
1239 1337 1269 1400 itt
1284 1307 1397 1403 allilia

105 1437 264 1522 evaugelio
282 1437 422 1524 scriptum
446 1449 510 1516 cst,
542 1439 589 1500 vel
613 1449 644 1501 ut
667 1438 743 1501 aliud
767 1438 951 1521 evangelium
976 1449 1093 1516 narrat,
1126 1449 1193 1522 post
1214 1459 1268 1502 sex
1284 1409 1422 1517 dicimus.

107 1541 176 1603 dies
202 1543 275 1622 (ιιοιι
300 1541 377 1624 quod
397 1539 542 1623 evattgelii
562 1539 722 1624 scriptores
743 1539 911 1604 hallucinati
928 1540 1003 1618 siat,
1035 1541 1086 1602 scd
1104 1541 1179 1624 quod
1203 1540 1272 1604 licet

107 1643 212 1704 eadem
235 1643 274 1704 sit
294 1643 422 1704 omnium
441 1641 602 1718 certitudo,
635 1642 736 1704 cadem
756 1652 854 1705 tamen
881 1641 1035 1704 munienda
1056 1642 1208 1719 videatur,
1233 1663 1269 1705 ne

108 1743 275 1806 huminibus
300 1743 335 1806 ad
356 1763 481 1826 eaquae
498 1742 654 1826 praecipua
681 1763 713 1804 ac
738 1742 907 1807 necessaria
930 1753 998 1805 suut
1022 1742 1189 1806 olleudendi
1212 1744 1268 1806 ulla

108 1843 287 1928 praebeatur
302 1845 436 1922 occasi03
470 1843 701 1928 quandoquidem
721 1857 875 1926 pronaeae
893 1849 1044 1924 ainpean‘cc
1060 1850 1089 1904 iu
1107 1847 1209 1906 motum
1231 1847 1267 1906 ab
1281 1861 1375 1914 oms,
1389 1861 1421 1906 u.

107 1947 299 2006 adolescentula
317 1947 437 2006 tomenti
455 1948 610 2024 cogitatio:
642 1956 797 2031 propterea
816 1955 920 2008 octava
940 1945 986 2008 die
1005 1945 1124 2029 scripsit
1142 1965 1270 2029 evange-

107 2045 243 2110 listarum
259 2047 351 2124 alter,
376 2047 472 2129 quod,
497 2065 562 2108 uum
581 2067 597 2108 a
615 2042 735 2110 Christo
752 2046 800 2110 illa
816 2046 1002 2130 pronuntiata
1022 2057 1107 2124 stunt,
1132 2048 1270 2111 nonnulla

108 2167 179 2232 pars
196 2147 253 2211 diei
269 2157 456 2232 superesset,
489 2169 506 2209 a
525 2148 645 2230 quadie
666 2157 696 2210 et
711 2147 782 2210 ltora
802 2148 972 2210 numerandi
992 2147 1104 2210 initium
1129 2148 1214 2225 lecit,
1239 2161 1270 2211 ut

107 2259 179 2333 puta
195 2269 260 2310 cum
279 2249 337 2312 iam
354 2247 383 2310 in
403 2269 509 2310 nuttam
531 2259 580 2310 aut
595 2247 736 2310 decimam
760 2249 860 2312 horam
884 2249 947 2312 dies
972 2247 1185 2328 incumberet)=
1218 2249 1269 2311 de·

109 2349 180 2412 inde
197 2361 304 2412 octavo
321 2350 368 2411 die
383 2347 454 2412 lucra
473 2348 592 2411 circiter
607 2349 706 2427 tertia,
720 2348 767 2412 cel
782 2361 885 2432 quarta
901 2368 949 2412 res
966 2349 1028 2435 ipsa
1046 2349 1180 2432 contigit,
1196 2370 1270 2433 quae

109 2450 176 2513 dies
195 2459 299 2513 octava
317 2457 487 2527 uulnerata,
513 2471 577 2512 cum
593 2449 669 2512 alius
688 2447 885 2532 cuattgelista,
910 2449 1030 2514 maioris
1045 2448 1189 2512 cautionis
1205 2471 1272 2532 gra·

110 2552 173 2628 tia,
196 2562 263 2635 post
279 2571 336 2614 sex
357 2550 419 2614 dies
437 2552 464 2614 id
482 2552 643 2634 contigisse
663 2561 779 2628 narret3
813 2551 948 2634 quoniam
977 2571 1071 2635 neque
1093 2549 1168 2614 diem
1192 2550 1271 2613 illum

109 2651 332 2736 comprehendit
352 2673 410 2735 quo
427 2651 562 2716 domiuus
580 2651 722 2735 apostolis
741 2651 798 2715 ista
824 2652 938 2716 loeutus
963 2663 1028 2730 cst,
1060 2673 1115 2714 nec
1139 2652 1218 2715 illam
1242 2653 1270 2716 in

112 2773 169 2836 qua
187 2773 261 2837 opus
279 2751 348 2816 illud
369 2753 512 2830 absolvit,
537 2753 589 2816 sed
606 2751 779 2816 interiectos
798 2772 832 2816 ac
852 2755 955 2838 plenos
979 2754 1179 2817 tantummodo
1202 2773 1270 2816 sea.

197 2853 279 2938 Ergo
304 2855 488 2938 evangelista
511 2875 577 2917 cum
601 2854 636 2916 ad
661 2853 804 2917 eiusmodi
829 2855 1028 2918 narrationem
1051 2853 1203 2933 venisset,
1232 2854 1273 2918 ita
1308 2859 1369 2926 Cap.

108 2975 176 3018 rem
192 2975 306 3018 omnem
325 2956 463 3041 exponit:
496 2951 748 3037 Quemadmodum
766 2959 880 3016 Petrum
900 2968 930 3018 et
945 2960 1076 3018 Ioannem
1096 2967 1126 3018 et
1139 2957 1271 3016 lacedem
1280 2927 1423 2980 Lxmss'

110 3057 251 3118 adhibeas
267 3061 366 3118 edum't
389 3059 457 3118 allos
476 3061 506 3118 in
528 3069 664 3130 montem,
689 3069 718 3118 et
733 3058 960 3137 configuratur
974 3069 1032 3130 eat,
1056 3070 1084 3118 et
1098 3059 1274 3136 resplenduit

107 3159 201 3238 sueth
215 3161 444 3232 ωιιιιιὶιιιωὶς
480 3178 514 3220 ea
542 3156 651 3236 iacies,
681 3157 819 3242 inquam,
850 3179 924 3240 quae
946 3168 1011 3220 erat
1032 3177 1096 3220 cum
1119 3157 1272 3222 divinitate

110 3258 287 3322 coniunctae
312 3264 474 3321 nocumenta
489 3271 581 3321 cutem
594 3265 656 3321 etus
668 3263 789 3322 condida
800 3263 880 3343 sueta
894 3271 963 3320 eunt
974 3263 1052 3321 n'em
1062 3263 1124 3321 aaa.
1160 3254 1271 3340 Quam·

113 3358 216 3422 otram
235 3360 283 3424 illa
303 3382 374 3425 caro
394 3379 469 3444 quac
489 3371 577 3424 etex
592 3357 688 3422 Maria
707 3360 823 3444 virgine
840 3370 972 3446 sumpta,
995 3370 1026 3423 et
1045 3379 1085 3424 ex
1101 3371 1204 3426 nostro
1221 3381 1273 3446 ge·

111 3479 185 3524 nere
205 3471 341 3546 suscepta
364 3463 477 3539 iuerat,
502 3462 531 3524 in
550 3459 674 3544 gloriam
692 3461 937 3546 splendoremque
953 3472 1130 3526 commutata
1152 3473 1217 3542 eat,
1242 3474 1273 3526 et

111 3561 228 3646 quidem
253 3562 414 3626 divinitatis
439 3562 581 3646 gloriam,
613 3563 696 3626 ouius
721 3563 755 3626 ad
776 3563 854 3626 illam
874 3573 921 3626 est
939 3563 1072 3626 accessio
1092 3565 1185 3641 lucta,
1217 3585 1272 3628 uec

112 3683 173 3727 uon
190 3674 220 3726 ct
237 3663 357 3727 lionoris
371 3685 405 3726 au
423 3662 614 3749 perfectionis
632 3663 839 3749 dignitatisque
859 3663 1010 3741 coelestis,
1034 3685 1120 3747 quam
1137 3685 1202 3728 cum
1222 3666 1272 3728 ha·

113 3774 218 3828 olenus
240 3786 313 3840 caro
336 3787 394 3828 uon
414 3765 582 3841 habuisset,
606 3765 673 3843 ltin,
699 3777 888 3850 posteaquem
914 3785 980 3828 cum
999 3764 1099 3831 divino
1115 3765 1207 3828 verbo
1223 3785 1274 3828 co·

113 3864 212 3951 palata
228 3877 293 3944 eat,
319 3867 456 3930 obtinuit.
502 3866 633 3930 Adeunt
657 3865 756 3951 itaque
779 3868 895 3930 modum
911 3887 985 3949 quae
1002 3877 1088 3930 antea
1111 3866 1274 3930 dictasunt

114 3965 259 4052 accipies,
286 3973 371 4030 Omne
385 3972 518 4030 audacium
539 3970 710 4049 dcdt'tfiie'o5
744 3966 879 4051 quoniam
897 3970 975 4028 dedit
994 3973 1215 4048 eipoteetutem,
1241 3980 1275 4029 ut

113 4089 194 4149 quem
217 4072 279 4130 uult
296 4073 428 4150 ciufficet.
477 4067 579 4150 Quare
599 4080 631 4132 ut
650 4079 679 4131 et
698 4069 820 4154 primum
845 4067 1018 4153 principium
1038 4069 1219 4149 declararet,
1241 4078 1273 4133 et

115 4188 202 4232 uuam
221 4170 402 4234 divinitatem
426 4189 461 4233 ae
483 4168 662 4254 singularem
686 4169 716 4232 iu
741 4167 871 4232 trinitate
893 4169 1074 4232 voluntatem
1099 4188 1167 4234 ease
1189 4190 1272 4234 mou-

115 4281 243 4351 atrarat,
266 4291 341 4356 quae
358 4272 393 4336 ad
411 4270 570 4336 leuitatem
587 4269 751 4356 pertinent,
776 4270 811 4333 ad
827 4281 938 4356 patrem
954 4269 1070 4354 ipsum,
1094 4270 1151 4334 hoc
1168 4282 1215 4336 est
1236 4270 1271 4337 ad
