3168 4926
352 258 490 311 rnuaau
506 259 570 310 ura.
582 261 614 312 u.
631 259 712 312 rou.
725 261 745 310 r.
764 259 863 312 asna.
875 259 993 312 xuvru.
1209 251 1269 329 23,

102 391 301 464 torporemque
318 378 489 444 resolvitur.
537 377 657 444 lnterim
682 379 796 444 animae
816 401 883 465 pars
903 379 952 443 illa
972 379 1127 466 praecipua
1144 381 1251 451 iutelli-

101 483 238 566 gaudiqoe
255 481 301 545 vis
320 479 463 544 eiusmodi
480 491 526 544 est
543 482 671 567 stuporis
689 503 810 567 expers.
856 480 953 566 Saepe
972 483 1047 545 enim
1063 485 1250 571 semetipsam

101 586 149 648 sibi
173 585 258 668 quasi
283 582 453 666 vigilantem
479 583 595 660 obiicit,
626 583 795 662 ambulans,
824 605 916 668 agens
940 585 1064 668 aliquid,
1095 589 1249 668 navigans,

102 697 178 770 atquc
198 687 227 749 iu
256 685 387 771 pluribus
411 697 440 748 et
457 686 618 750 maioribus
636 687 761 771 negotiis
780 687 892 753 versari
910 707 962 772 per
978 689 1122 752 somnium
1146 690 1250 754 existi·

101 801 163 852 mat.
209 785 396 871 Quamquam
417 789 504 871 louge
523 789 599 852 istud
617 789 675 852 alio
692 790 777 851 arado
801 809 884 872 quam
903 810 920 852 a
940 790 1051 852 lurioso
1069 811 1104 852 ac
1123 794 1250 856 lanatico

98 891 222 974 geritur,
249 890 298 975 qui
322 911 446 976 corpore
470 892 625 974 animoque
647 891 772 974 vigilans
793 891 904 954 atrocia
923 893 1063 974 quaedam
1089 905 1248 978 perpetrat,

98 1005 124 1056 et
146 1015 211 1056 eum
239 992 297 1056 sibi
322 1003 380 1056 tum
406 994 514 1057 ceteris
537 993 672 1056 omnibus
698 994 824 1056 infestus
849 1003 905 1055 est.
951 991 1058 1056 Nescit
1081 994 1159 1058 euim
1182 997 1249 1080 quitl

97 1097 168 1158 dicat
192 1106 246 1159 aut
269 1095 375 1174 faciat,
406 1096 542 1179 quoniam
570 1116 587 1158 a
612 1095 735 1158 rationis
759 1105 837 1158 statu
864 1095 994 1159 deiectus
1016 1106 1046 1158 et
1067 1096 1096 1160 in
1120 1099 1248 1161 lusorem

96 1219 197 1262 versus
221 1209 280 1260 est.

177 1298 262 1364 llaec
279 1319 334 1364 uos
352 1299 448 1362 omnia
464 1298 543 1362 illius
561 1298 718 1363 occasione
736 1298 810 1362 loci:
838 1302 960 1361 Immisit
974 1302 1042 1362 deas
1059 1313 1199 1382 stuporem
1215 1308 1245 1366 ia
1262 1306 1324 1374 cip.
1338 1305 1383 1358 vl.

95 1407 250 1476 Adustum,
275 1415 306 1463 et
320 1406 449 1476 dormiit,
475 1402 646 1464 necessario
664 1400 890 1486 disputavimus,
914 1421 950 1464 ac
968 1401 1102 1470 diversos
1119 1404 1248 1487 stuporis

96 1505 195 1566 modos
209 1489 435 1589 proposuimus,
459 1515 545 1587 atque
566 1503 635 1567 illud
654 1503 748 1588 ipsum
767 1503 997 1588 explicavimus,
1022 1505 1104 1568 cuius
1121 1505 1163 1569 rei
1179 1527 1247 1588 gra·

96 1607 131 1670 tia
148 1627 274 1670 somnus
292 1606 340 1669 illc
356 1607 481 1670 iniectus
504 1628 522 1668 a
544 1606 663 1668 duutiuo
688 1616 790 1690 stupor
805 1607 978 1689 appelletur.
1023 1603 1169 1670 Nimirum
1194 1610 1248 1672 bor.

94 1707 232 1791 singulari
254 1709 300 1772 dei
322 1709 458 1770 cautione
475 1729 509 1772 ac
526 1707 707 1791 benignitate
726 1709 902 1792 perlectum,
927 1729 1010 1792 quam
1030 1711 1131 1790 geueri
1155 1711 1246 1774 lromi·

94 1833 156 1874 uum
182 1809 342 1896 impertiit,
367 1832 424 1893 quo
442 1831 474 1874 se
496 1811 531 1874 ad
557 1811 652 1872 sourui
677 1809 808 1892 requiem
834 1805 1037 1894 aquotidinua
1061 1813 1246 1894 negotiorum

94 1935 160 1978 cura
184 1935 220 1976 ac
241 1913 438 1976 sollicitudine
463 1913 642 1975 traduceret.
689 1909 871 1996 Quamquam
893 1913 951 1976 illic
974 1915 1078 1999 potiori
1099 1913 1163 1978 iure
1185 1928 1248 1978 stu·

93 2019 171 2101 poris
186 2015 362 2079 vocabulum
386 2014 454 2077 illud
478 2013 661 2092 allucescit,
686 2035 722 2076 eo
745 2014 821 2098 quod
843 2014 992 2099 aliquanto
1011 2017 1090 2080 illum
1114 2029 1245 2103 tempore

93 2119 128 2182 ab
156 2119 235 2180 omui
263 2137 354 2180 sensu
370 2115 490 2198 ¹doloris
511 2117 640 2195 exemit,
672 2137 737 2178 cum
764 2115 792 2179 ei
820 2128 930 2180 eostam
955 2119 1138 2182 detracturus
1167 2131 1247 2184 esset

92 2243 174 2305 quam
191 2220 221 2284 iu
239 2220 391 2282 mulierem
409 2228 608 2282 contrectaret.
653 2216 723 2282 Non
747 2228 811 2282 erat
827 2219 875 2282 ille
892 2221 997 2284 mentis
1014 2233 1063 2286 aut
1079 2221 1166 2285 animi
1184 2234 1247 2287 stu·-

91 2345 154 2407 por.
201 2321 280 2386 Nam
294 2323 395 2386 'statim
412 2331 504 2411 atque
514 2321 740 2405 expergefactus
760 2332 823 2400 est,
848 2322 923 2405 quod
942 2334 1055 2405 gestum
1075 2335 1141 2386 erat
1155 2346 1246 2408 agno·

92 2427 132 2488 rit
148 2448 183 2488 ac
201 2425 294 2488 disits
318 2429 379 2486 Hoc
395 2446 471 2486 nunc
485 2445 517 2484 os
533 2446 571 2484 ea
588 2424 697 2484 ossibus
714 2428 782 2484 meris
798 2438 827 2486 et
840 2447 908 2486 earo
924 2429 959 2486 de
975 2426 1060 2488 corne
1074 2449 1151 2489 meo:
1176 2431 1244 2490 duee
1262 2443 1349 2500 uest.
1361 2441 1396 2493 u.

93 2530 239 2590 motum
256 2532 367 2606 uorago,
387 2530 453 2608 quoio
470 2549 508 2587 ese
523 2531 585 2588 orbe
598 2547 651 2588 suo
666 2538 776 2606 sarapta
789 2539 841 2588 est.
887 2524 991 2605 Vides,
1011 2529 1126 2613 opinor,
1145 2549 1245 2614 qneru-

92 2631 246 2694 admodum
269 2640 325 2692 latu
352 2631 448 2715 priora
466 2649 552 2711 quarn
571 2628 734 2713 posteriora
759 2629 891 2707 noverit,
916 2651 950 2691 ae
970 2631 1064 2694 lutura
1083 2633 1242 2715 praedicat.

90 2731 210 2796 Etenim
231 2733 329 2818 priora
348 2732 462 2816 quidem
487 2731 651 2808 intellexit,
677 2749 751 2816 quae
770 2731 937 2794 dormiente·
954 2753 987 2794 se
1009 2743 1092 2816 gesta
1117 2735 1243 2813 luerunt,

92 2846 122 2899 ot
138 2857 177 2900 ex
194 2836 232 2898 iis
248 2834 326 2897 illius
342 2833 442 2915 verbis
457 2833 622 2916 colligitur:
648 2837 734 2895 Oscor
748 2835 856 2895 ossibus
873 2839 949 2896 meos.
983 2832 1154 2899 Praesentia
1171 2857 1244 2900 vcro

91 2960 124 3004 ac
151 2937 287 3002 mulieris
307 2935 540 3022 procreationem
562 2936 718 2999 subsecuta
739 2937 894 3019 cognovit,
918 2937 1023 3022 quippe
1045 2938 1080 3000 de
1100 2959 1155 3000 suo
1177 2959 1244 3001 cor·

91 3063 161 3125 pore
177 3039 350 3104 translatam
368 3038 446 3103 illam
464 3039 681 3102 animadvertit.
727 3037 881 3102 Postremo
900 3040 993 3103 lutura
1010 3061 1123 3123 quoque
1141 3040 1245 3104 vatici-

90 3153 175 3206 natus
199 3153 265 3222 est,
289 3163 353 3206 cum
371 3142 412 3206 ila
430 3140 645 3227 pronuntiavit:
677 3146 797 3222 Propter
818 3143 870 3202 doc
885 3143 1025 3222 relinquet
1039 3145 1119 3204 domo
1131 3155 1242 3223 putrem
1341 3213 1343 3218 ,

88 3268 167 3308 marai
182 3257 215 3308 et
229 3256 347 3308 matrem
360 3265 451 3318 suom,
475 3255 504 3304 et
518 3246 684 3306 adhaerebit
697 3249 786 3306 acori
797 3265 875 3319 suae,
899 3256 929 3306 et
942 3256 1026 3306 eruat
1038 3246 1118 3306 orabo
1134 3250 1163 3308 ia
1178 3267 1243 3308 ear·

89 3371 150 3410 aaa
171 3369 269 3410 auom.
317 3345 400 3410 llaec
417 3345 506 3430 igitur
522 3367 580 3408 aon
602 3346 720 3408 lauatici
739 3346 863 3410 bominis
886 3357 972 3424 suut,
997 3368 1054 3408 uon
1077 3347 1144 3430 quid
1167 3347 1245 3410 dicat

90 3449 278 3534 ignorantis,
301 3449 352 3512 sed
375 3447 463 3511 animi
485 3447 594 3510 robore
616 3468 650 3511 ac
672 3448 808 3511 firmitate
831 3447 963 3533 praediti.

175 3549 238 3616 lam
257 3571 330 3614 vero
347 3561 379 3614 ut
395 3551 429 3614 tle
447 3550 512 3614 loco
529 3549 596 3614 illos
621 3555 685 3630 Ego
701 3555 766 3612 dimi
780 3557 809 3613 in
824 3573 941 3613 excessu
957 3575 1026 3628 meo,
1052 3557 1146 3615 Omnis
1162 3554 1242 3614 domo
1261 3560 1383 3628 rapvu.

87 3661 228 3728 mma,
256 3653 362 3736 aliquid
380 3652 527 3732 dicamus,
551 3653 609 3717 alia
632 3654 772 3738 quaedam
799 3651 882 3717 buius
898 3655 980 3718 verbi
998 3656 1078 3720 uotio
1096 3665 1158 3732 est,
1183 3674 1242 3718 uou
1256 3625 1349 3686 ml
1362 3629 1393 3675 ¹¹⁸

87 3779 123 3822 ea
144 3757 287 3822 videlicet
306 3776 378 3838 quae
402 3755 510 3819 amenti
532 3777 567 3820 ac
592 3756 702 3819 lurioso
726 3755 874 3820 tribuitur.
917 3757 1006 3820 Absit
1027 3768 1058 3820 ut
1080 3757 1107 3819 id
1128 3755 1157 3818 iu
1179 3755 1243 3818 aui·

87 3883 166 3926 mum
197 3860 383 3924 inducamus.
431 3855 490 3922 Sed
515 3857 659 3922 bominem
687 3858 886 3922 incredibilem
911 3859 941 3922 iu
966 3860 1079 3922 modum
1107 3857 1242 3943 obstupe·

88 3977 221 4028 arentem
240 3959 398 4044 significat,
422 3971 451 4025 et
465 3959 580 4024 usitatis
596 3981 630 4023 ac
647 3960 822 4045 quotidianis
838 3983 937 4032 eorum
955 3981 1027 4044 quae
1044 3959 1243 4026 videaturaut

87 4079 219 4154 aguntur
235 4063 461 4148 cogitationibus
483 4065 596 4148 majora
614 4073 793 4126 versantem.
839 4059 915 4126 Cum
934 4064 1009 4127 enirn
1028 4063 1165 4149 propbeta
1189 4065 1241 4127 mi-

86 4169 191 4233 raculo
210 4178 292 4230 esset
308 4166 461 4244 attonitus,
484 4187 554 4250 prae
572 4165 763 4230 admiratione
781 4165 820 4227 ita
835 4165 948 4229 locutus
971 4176 1027 4230 est.
1064 4165 1149 4251 Quod
1168 4187 1239 4232 vero

87 4271 251 4358 prophetae
275 4282 362 4334 entra
386 4289 418 4332 se
435 4269 511 4355 rapti
528 4270 685 4354 leguntur,
708 4289 767 4334 nou
788 4266 832 4332 sie
854 4268 1051 4353 accipiendum
1070 4280 1133 4349 est,
1157 4270 1241 4353 quasi

125 4493 186 4546 Car.
205 4495 261 4546 vlt.
277 4520 312 4532 -
348 4491 370 4541 l.
389 4487 450 4558 dulp
471 4489 500 4546 τὸ
522 4488 588 4546 κατὰ
604 4490 651 4560 τήν
669 4488 802 4560 συνήθειαν
819 4495 929 4544 raecum
943 4497 1043 4558 putabet
1056 4495 1209 4548 seribendum-
