3154 4930
350 249 485 304 ransart
502 249 566 304 ιιι.
580 251 610 302 ιι.
626 249 707 303 socr.
720 251 754 302 ιι.
771 249 870 302 suns.
884 249 977 301 uxvr.
1175 239 1236 304 ιιι

87 368 247 450 delectari,
272 370 348 454 quod
368 370 462 456 ipsun
484 369 650 455 depraedati
675 370 735 434 sint
750 366 920 454 Principes,
944 389 979 432 ac
1000 369 1161 434 molestiam
1185 391 1238 435 ex·

87 471 248 536 bibuerint.
292 469 457 558 Propterea
477 473 605 557 quotidie
629 493 682 557 per
704 472 802 536 sidera
824 471 899 547 ista,
929 471 1021 538 solem
1047 470 1184 536 videlieet
1205 491 1239 535 ιο

85 573 205 652 lonast,
228 574 354 638 enimam
373 595 455 640 suern
477 574 610 660 eripere,
634 573 738 658 quibos
759 573 795 636 ab
815 571 959 636 sideribus
976 573 1099 638 mundas
1119 574 1238 638 nniver-

85 695 160 754 sus,
184 697 218 739 ac
238 677 372 762 quicquid
391 687 437 740 est
459 689 607 756 ιιιιιιιι,
631 677 776 763 diripitur.
821 673 896 738 Eum
920 674 969 760 qui
992 696 1056 740 oum
1074 673 1182 761 Mopse
1204 697 1238 740 ιο

86 775 207 843 ludaeis
222 789 253 842 ιι
266 778 468 846 sacerdotibus
483 780 596 846 locutus
611 790 669 857 est,
693 779 879 843 tenebrarum
897 777 988 844 inisse
1003 775 1168 862 Principem
1185 797 1238 842 ex·

85 881 216 961 istimat3
240 901 277 946 es
294 901 352 965 quo
367 882 489 946 efficitur
504 878 690 946 Christianos
705 902 770 946 eum
785 878 902 946 ludaeis
918 901 954 944 ae
968 877 1135 944 Gentilibus
1151 901 1239 944 unum

85 996 118 1046 et
132 984 209 1046 ideur
226 1003 307 1060 esse,
330 995 430 1068 utpute
446 984 496 1068 qui
510 985 633 1048 eundem
647 985 732 1048 deum
748 993 937 1048 venerentur.
984 978 1042 1064 Qut
1060 1003 1111 1067 pro
1127 982 1189 1046 suis
1203 981 1239 1048 it·

85 1087 134 1148 los
152 1085 356 1170 cupiditatibus
378 1086 500 1171 decipit,
531 1107 595 1150 oum
616 1087 686 1149 nibil
710 1087 805 1153 unicus
828 1085 866 1150 sit
889 1104 974 1168 quarn
998 1084 1131 1150 veritatis
1152 1087 1235 1148 deus.

86 1186 191 1270 Quare
208 1188 257 1272 qui
273 1188 416 1252 eiusnodi
436 1189 491 1252 deo
514 1189 662 1253 confidunt
681 1187 729 1272 qui
755 1209 819 1253 curu
839 1184 945 1269 Moyse
969 1207 1004 1250 ao
1026 1186 1173 1272 prophetis
1195 1186 1239 1250 lo·

85 1300 251 1370 natusest,
275 1290 421 1354 uinciendi
442 1312 507 1355 onus
522 1291 572 1354 illo
586 1301 673 1368 sunt,
696 1289 831 1374 quoniam
849 1287 983 1354 veritatis
1000 1288 1030 1352 in
1048 1289 1104 1351 deo
1120 1287 1238 1354 mittiue

85 1390 247 1456 confidunt.
292 1389 371 1456 Nam
395 1393 443 1457 illc
462 1393 538 1456 alter
557 1413 609 1478 pro
631 1392 777 1476 ipsorum,
801 1391 942 1469 addixi,
966 1389 1084 1457 libidine
1106 1411 1170 1454 cnm
1193 1389 1238 1457 eis

84 1495 203 1560 locotus
219 1505 276 1560 est.
310 1491 384 1561 Post
401 1495 472 1560 baec
490 1495 586 1558 onnia
601 1505 750 1580 postremo
765 1493 814 1558 ille
828 1493 957 1579 scripsit,
979 1490 1032 1558 Ubi
1049 1489 1152 1558 Senex
1166 1493 1238 1560 ima·

83 1599 186 1683 gisem
201 1618 285 1662 suane
303 1597 477 1677 ostenderit,
502 1608 571 1664 tuuc
586 1595 708 1661 baiulus
724 1607 833 1661 terreor
851 1606 936 1662 extra
952 1617 986 1660 se
1005 1596 1133 1674 dimittit,
1156 1595 1238 1658 inde-

84 1722 142 1785 que
159 1699 318 1764 sebemoos
334 1699 411 1782 ignis
429 1719 584 1785 erumpens
604 1699 739 1763 mnodum
759 1699 905 1764 consumit
922 1699 1108 1765 universum:
1133 1697 1238 1762 deinde
1296 1758 1305 1773 ,

8 1837 9 1856 r
84 1803 200 1886 globum
219 1823 296 1866 novo
313 1822 379 1866 curn
392 1801 496 1866 Aeone
514 1802 613 1880 uritlit,
637 1811 669 1867 ut
686 1821 790 1866 onnes
807 1811 993 1886 peocntorout
1010 1801 1125 1864 animae
1140 1800 1171 1864 iu
1187 1819 1237 1864 se·

85 1915 202 1968 ternum
219 1903 344 1968 vinculis
358 1905 534 1970 constrictae
548 1913 720 1983 teneantur3
745 1922 818 1986 quae
832 1913 891 1968 tum
907 1903 1050 1982 accident,
1070 1923 1135 1966 euru
1147 1902 1237 1968 simn-

84 2007 197 2072 lacruoa
213 2006 377 2071 advenerit.
412 2003 557 2094 Quicquid
572 2027 644 2072 vero
658 2015 835 2091 propagatae
850 2005 961 2075 sobolis
977 2016 1035 2084 est,
1055 2015 1122 2091 puta
1137 2003 1235 2086 lesus,

84 2109 134 2193 qni
159 2108 272 2172 roioorc
297 2107 415 2192 navigio
435 2109 568 2188 vehitur,
597 2119 627 2178 et
645 2106 733 2174 Vitae
756 2118 850 2173 mater
873 2118 903 2175 el
920 2105 1140 2175 Gubernatores
1160 2105 1235 2190 ΧΙΙ,

83 2221 115 2274 ct
131 2211 205 2274 lucis
220 2208 326 2294 Virgo,
351 2221 381 2274 et
397 2199 501 2274 tertius
517 2207 632 2290 Senex,
655 2211 702 2296 qui
721 2209 752 2274 in
772 2210 881 2275 maiore
900 2209 1017 2293 navigio
1034 2211 1155 2290 residet,
1179 2233 1237 2277 una

83 2335 151 2378 cum
172 2313 242 2376 vivo
261 2309 390 2397 Spiritu,
414 2323 443 2376 et
468 2313 595 2396 ingentis
619 2313 697 2396 ignis
713 2309 820 2392 Mero,
844 2313 982 2396 ventique
1007 2313 1116 2398 pariter
1133 2312 1234 2393 Moru,
1339 2390 1348 2407 ι
1386 2397 1391 2407 ι

83 2427 115 2482 ct
139 2415 235 2494 edric,
263 2435 375 2498 aquae,
399 2414 518 2499 vivique
541 2425 570 2480 ιι
592 2414 752 2480 exterioris
773 2415 867 2500 ignis,
896 2417 971 2500 apud
994 2416 1133 2500 exignum
1155 2418 1236 2481 sidus
1313 2444 1317 2455 ¹

84 2518 234 2596 habitant,
266 2517 359 2582 donec
385 2517 549 2582 incendium
575 2518 743 2587 universum
768 2518 904 2584 mundana
927 2517 1079 2598 absumat3
1109 2519 1137 2582 id
1159 2521 1236 2602 quod

83 2629 168 2686 certo
185 2641 328 2684 annorum
349 2621 443 2704 spatio
461 2620 629 2704 continget,
653 2641 775 2706 quorum
795 2641 945 2691 numeram
963 2621 1075 2686 neseio.
1121 2617 1235 2704 Quibus

84 2723 224 2808 perlectis
249 2732 371 2788 naturas
399 2725 473 2788 done
500 2721 654 2806 pristinum
678 2721 708 2788 in
730 2733 837 2790 statum
863 2722 1063 2789 restituendae
1086 2733 1172 2802 suut,
1201 2745 1236 2788 ac

85 2821 241 2910 Principes
264 2823 404 2891 inferiora
426 2825 539 2890 sedium
560 2845 677 2892 socrum
700 2825 849 2905 iucoteut,
869 2826 1021 2910 superiora
1036 2822 1129 2892 Pater
1149 2845 1236 2890 oceu-

86 2927 177 3012 psbit,
201 2949 236 2989 ιι
251 2927 346 2993 locuto
363 2947 447 2993 suum
465 2927 599 3013 recipiet.
636 2925 720 2992 liano
735 2948 849 2992 omnem
865 2928 1024 2992 doctrinam
1042 2925 1235 2994 Manichacus

86 3028 181 3093 tribus
206 3029 357 3114 discipulis
385 3029 521 3108 tradidit,
553 3029 710 3116 vanasque
739 3029 770 3094 in
797 3028 934 3114 regiones
962 3031 1082 3094 dimisit.
1131 3030 1235 3096 Addae

86 3129 197 3196 Oricos
214 3129 335 3214 obtigit,
360 3131 494 3196 Τιιοιιιι
510 3129 615 3218 Syria,
641 3131 783 3198 llornreas
808 3132 883 3198 alius
905 3132 934 3196 in
952 3133 1118 3218 Aegyptum
1138 3135 1235 3218 prole·

84 3243 150 3298 ctus
173 3244 236 3312 est,
260 3231 364 3317 quibos
384 3235 414 3298 io
436 3234 509 3307 locis
528 3236 562 3299 nd
580 3235 750 3300 hodiernum
768 3257 860 3320 usque
876 3235 951 3300 diem
967 3247 1104 3316 manent,
1128 3236 1234 3320 ubique

84 3337 190 3419 dogma
212 3355 296 3403 suom
319 3357 354 3402 ao
376 3347 485 3402 ιιιιιιι
507 3335 638 3405 stabilire
660 3339 849 3404 contendunt.

170 3642 253 3708 llaec
277 3665 333 3728 ego
358 3663 397 3708 ex
414 3644 555 3711 Archelai
577 3644 651 3712 libro
674 3645 861 3730 proponenda
887 3645 997 3730 potavi.
1041 3643 1140 3731 Atque
1162 3646 1235 3715 buce
1249 3660 1355 3782 Repu

82 3799 336 3863 mpsiwbeeeuerbu,
348 3813 448 3862 unm
455 3801 589 3852 ιιιιιιιιίιιιιι
597 3800 645 3852 bc·
678 3798 799 3860 virentis,
825 3799 873 3850 hae
888 3797 987 3868 inquam
1003 3815 1089 3852 omncs
1106 3816 1231 3880 propage-

82 3873 147 3918 lirnss
163 3870 276 3932 interpres
298 3870 452 3920 obscuriorem
468 3869 585 3930 reddidit,
611 3871 644 3919 ila
678 3867 778 3930 tiones,
794 3885 837 3918 scu
854 3867 1020 3934 prolationes,
1038 3866 1105 3934 apud
1120 3885 1234 3936 exiguum

82 3939 250 3998 ιιιιφιοιαιιοι
265 3939 312 3986 est:
340 3933 450 3984 cunone
468 3952 528 3989 vero
551 3949 645 4002 propn-
678 3935 797 3987 luminare
813 3935 936 3998 habitant,
974 3952 1082 4003 nouaque
1097 3936 1160 4002 iguis
1175 3937 1233 3989 uui-

82 4003 215 4070 gatioues,
239 4017 283 4052 seu
299 4001 468 4070 prolationes,
492 4014 645 4070 potestatum
677 4021 776 4054 versum
808 4004 926 4058 mundum
951 4021 965 4054 s
996 4013 1079 4064 ornat,
1113 4001 1140 4056 id
1165 4005 1233 4073 qnod

83 4088 114 4122 ex
132 4071 201 4149 bono
215 4069 276 4150 pico,
294 4087 384 4138 nempe
402 4071 536 4190 lump-qui
553 4071 577 4122 iu
595 4069 645 4122 mi·
679 4083 749 4126 certo
763 4085 883 4126 annorum
896 4072 979 4141 spatio
997 4071 1139 4140 continget,
1167 4089 1232 4141 quo-

82 4156 141 4190 non
164 4153 264 4206 usrrgno
288 4147 388 4200 menet,
416 4149 442 4190 οι
481 4150 533 4192 ttae
555 4149 644 4198 muter,
678 4157 732 4190 rum
748 4157 875 4192 nnmerum
892 4141 984 4192 ιιιιιίο.

83 4217 110 4258 ιι
135 4207 322 4258 Gubernatores
343 4205 489 4269 duodecim,
516 4217 543 4258 et
566 4207 643 4274 Virgo
710 4207 735 4262 6·
753 4209 1048 4278 abundantium,
1066 4209 1150 4280 plagas
1166 4214 1234 4263 unilt

82 4274 162 4335 lucis,
181 4285 206 4324 et
222 4273 311 4326 Senior
326 4275 431 4340 testinis,
452 4276 493 4345 qui
510 4275 536 4326 iu
551 4276 644 4326 rosiurc
679 4279 725 4328 l'sl.
742 4280 863 4341 tutes-pres.

82 4342 186 4410 navigio
202 4341 308 4406 residet,
335 4353 361 4394 οι
376 4342 469 4398 Vivens
484 4343 600 4412 spiritus,
618 4353 644 4394 et
711 4344 735 4398 7.
752 4345 874 4413 dogmatis
889 4346 960 4400 huius
976 4347 1056 4417 gratia
1072 4347 1232 4419 praedicandi

81 4411 194 4480 ingentis
210 4411 273 4478 ignis
295 4429 394 4473 ιιιιιιι,
422 4423 446 4462 ct
467 4429 549 4463 annuns
566 4411 644 4473 venti,
677 4417 744 4470 uertit
762 4418 809 4470 Vct.
825 4417 946 4481 Interpm.

83 4491 110 4531 et
127 4479 207 4544 aeris,
233 4489 260 4530 ct
276 4497 368 4549 equae,
395 4489 420 4531 et
436 4480 561 4534 interioris
581 4479 644 4550 iguis
