3154 4930
332 269 468 326 canaan
486 267 549 323 ma
567 271 599 322 n.
617 271 697 324 nom.
714 273 745 322 n.
763 271 862 323 unna.
877 273 971 327 uxrn.
1162 263 1223 328 483

81 391 255 477 increpavit,
279 387 406 455 Materia
429 411 543 476 qunque
562 391 670 476 stirpes
692 391 747 455 sibi
768 393 924 456 universas
947 393 1095 477 produxit.
1141 393 1224 479 Quies

82 515 143 559 enm
167 494 332 580 depraedati
364 505 466 560 essent
490 491 662 579 Principes,
696 505 755 559 tum
789 515 911 578 magnus
936 491 1078 580 Princeps
1108 509 1224 564 ceteros

81 619 179 662 omnes
196 617 231 660 ac
250 596 404 682 primarios
419 617 587 660 convocans
608 597 715 660 viritim
734 597 864 681 singutas
881 599 917 660 ab
938 598 974 660 iis
993 597 1118 663 virtutes
1139 621 1224 665 acce·

81 703 136 785 pit3
159 700 263 763 deirinc
281 699 425 762 honrinem
440 700 476 762 ad
492 697 597 783 prioris
613 698 690 763 iliius
707 700 1001 782 exemptareffinxit,
1024 702 1109 785 eique
1130 701 1223 786 iitiga-

81 804 119 866 nit
137 804 280 880 animam3
313 811 399 886 atqne
426 822 460 864 ea
485 803 599 864 demum
625 812 671 866 est
689 801 905 866 commixtionis
923 817 1095 888 mutuaeque
1116 815 1225 890 tempe-

82 906 200 969 rationis
216 905 304 969 ratic.
351 902 462 968 Verum
477 925 542 968 cum
558 903 643 967 vintru
660 913 743 989 pater
756 904 889 970 afflictam
914 906 943 968 in
965 927 1089 991 corpore
1111 906 1226 970 videret

81 1007 215 1086 animam,
238 1029 292 1092 pro
309 1006 486 1069 immanitate
500 1007 711 1090 clementiaque
727 1027 781 1070 stra
799 1007 883 1072 turrice
900 1009 1034 1074 dilectum
1051 1031 1067 1072 n
1085 1029 1118 1072 se
1137 1009 1224 1072 iiiinm

80 1111 111 1172 ad
129 1111 208 1173 ittins
229 1109 351 1173 salntem
367 1108 486 1172 dimisit.
531 1104 579 1174 Ob
597 1109 672 1173 trano
695 1109 772 1185 enim
792 1131 926 1174 caussam
944 1123 1003 1176 tum
1022 1108 1114 1176 Bainii
1131 1113 1226 1194 pratia

81 1211 196 1277 missum
214 1212 294 1274 ittam
308 1211 469 1275 existimat.
513 1207 608 1275 Pcrrc
624 1208 718 1276 Fitins
736 1233 803 1275 mcx
825 1224 857 1275 ut
873 1214 1007 1291 advenit,
1038 1233 1105 1278 sese
1123 1217 1151 1278 in
1174 1215 1226 1278 irc-

81 1315 164 1378 minis
185 1301 312 1400 speciem
336 1315 515 1398 figuramque
531 1313 693 1393 convertit,
716 1315 790 1378 adeo
808 1327 840 1378 nt
858 1315 1021 1382 hominibus
1037 1316 1160 1381 hominis
1182 1318 1226 1381 in-

80 1427 138 1480 star
154 1427 324 1503 appareret,
349 1427 459 1478 etcum
475 1415 516 1480 itti
533 1427 630 1480 natum
654 1437 721 1480 esse
741 1417 796 1480 sint
813 1418 1032 1500 persuaderem.
1080 1416 1138 1502 Qnri
1161 1443 1226 1486 cum

80 1519 270 1597 accessisset,
302 1529 332 1582 et
356 1518 392 1581 ad
417 1517 564 1582 hominnm
589 1519 712 1583 salntem
732 1520 959 1606 recuperandam
979 1543 1062 1586 suurn
1082 1543 1156 1608 opus
1177 1523 1228 1587 de·

80 1621 240 1706 signasset,
263 1620 426 1686 machinam
442 1622 585 1706 quandam
603 1621 764 1700 exstruxit,
787 1623 819 1684 in
834 1643 889 1706 qua
905 1623 968 1688 endi
987 1623 1102 1689 inerant
1118 1625 1227 1688 dunde-

80 1724 151 1804 cim,
183 1745 257 1809 quac
274 1723 353 1808 globi
370 1723 514 1808 vertigine
528 1723 737 1788 circumvoluta
762 1733 942 1788 momuornm
964 1726 994 1788 in
1017 1727 1140 1790 subtime
1164 1728 1227 1791 aui·

81 1847 140 1890 mas
163 1826 278 1904 evehit,
309 1847 380 1910 quas
401 1825 448 1888 nbi
466 1826 511 1889 sci
526 1826 694 1911 exceperit,
717 1837 874 1911 repurgat,
906 1838 939 1891 et
960 1828 990 1890 in
1015 1829 1110 1892 tunam
1132 1840 1228 1893 trans·

80 1929 177 1993 mittit.
222 1925 266 1992 ita
289 1928 393 2006 tunae,
417 1947 502 2012 quem
525 1928 717 2014 appellamus,
741 1928 822 1994 critis
840 1927 989 2014 impietur.

150 2133 243 2198 Vides
259 2145 364 2218 quanta
378 2134 417 2197 sit
431 2133 599 2218 impostoris
614 2131 729 2198 sanitas
743 2133 908 2218 oblivioque
923 2143 1059 2219 tanquam
1077 2155 1117 2199 ex
1133 2135 1228 2200 ebrie·
1256 2149 1316 2218 cep.
1331 2149 1363 2204 t..

80 2246 137 2301 tate
161 2239 333 2301 eontracta?
376 2232 462 2318 Quae
483 2235 560 2300 enim
587 2245 674 2299 antea
700 2235 792 2314 dixit,
823 2257 880 2299 non
905 2239 1076 2300 recordatur
1091 2238 1227 2321 amplius,

80 2350 110 2402 et
127 2359 201 2424 qnae
217 2339 329 2404 dixisse
348 2338 480 2416 videtur,
504 2347 662 2401 commutat
676 2358 711 2401 se
728 2336 868 2416 destruit,
894 2349 925 2401 et
941 2350 1056 2402 suamet
1071 2339 1134 2424 ipse
1156 2341 1227 2424 dog·
1308 2332 1315 2349 '

80 2452 156 2503 mata
175 2439 331 2506 subuertit.
375 2437 455 2503 Nam
474 2440 549 2504 adias
571 2440 658 2503 aliter
677 2439 813 2517 disserit,
843 2450 875 2504 ut
898 2440 995 2525 priora
1016 2440 1228 2526 posterioribus

79 2555 211 2622 evenat,
236 2565 270 2610 ac
285 2562 360 2627 quae
375 2541 458 2606 initio
478 2551 627 2605 everterat
645 2563 749 2606 rursus
769 2542 924 2606 instauret.
970 2539 1011 2607 Ut
1028 2543 1096 2608 tttnt
1115 2543 1227 2628 perspi-

81 2665 134 2712 cue
154 2647 299 2724 declaret,
323 2665 380 2709 non
397 2645 444 2708 sui
460 2664 494 2707 se
512 2655 674 2729 compotem
689 2665 770 2723 esse,
793 2645 845 2708 scd
862 2644 898 2706 atr
915 2645 1028 2730 impuro
1041 2645 1144 2730 spiritu
1160 2667 1227 2711 cor·

80 2759 194 2835 reptnm
215 2749 272 2812 stia
295 2768 347 2832 pro
361 2747 427 2810 aliis
443 2746 677 2832 phreneticorum
698 2767 781 2810 more
797 2747 923 2832 garrire.
966 2743 1046 2811 Nam
1068 2748 1093 2812 si
1117 2748 1152 2812 dc
1176 2749 1228 2814 ad·

81 2861 170 2916 centn
190 2851 297 2914 domini
319 2850 411 2913 nostri
429 2850 501 2914 Jesu
519 2845 630 2912 Christi
653 2847 798 2933 loquitur,
828 2848 913 2914 annis
935 2847 984 2912 iile
1008 2851 1104 2914 multis
1126 2861 1228 2938 postea
1260 2913 1263 2920 ι

79 2954 203 3037 contigit
219 2973 303 3037 quam
322 2964 371 3016 aut
390 2951 486 3016 sidera
504 2952 644 3038 producta
666 2961 753 3028 sunt,
785 2961 835 3014 aut
857 2950 906 3014 itta
918 2942 1124 3018 ¹duodenorum
1141 2954 1229 3017 eada·

79 3075 142 3120 rum
160 3053 292 3120 maehina
316 3054 425 3117 extitit.
469 3051 521 3118 Ex
537 3075 594 3138 qno
617 3054 694 3118 enim
720 3064 800 3116 astra
821 3053 960 3136 producta
977 3066 1061 3134 snut,
1091 3054 1121 3118 in
1144 3056 1228 3120 coeio

79 3169 222 3243 perpetuo
238 3159 373 3234 iuernnt,
397 3155 461 3220 sire
478 3159 579 3220 eadem
597 3157 645 3220 itta
660 3156 762 3220 maiint
777 3155 938 3236 elementa,
962 3155 1026 3220 sinc
1044 3157 1118 3222 coeii
1134 3156 1229 3243 spatia

79 3279 283 3324 consensurus
300 3259 457 3345 appellare.
489 3256 651 3343 Utcumque
670 3259 720 3338 sit,
741 3280 780 3322 eu
799 3269 902 3343 quarta
917 3258 1074 3323 creationis
1092 3259 1139 3326 die
1155 3261 1229 3325 bene

80 3366 241 3427 constituta
258 3371 327 3425 srtnt
344 3362 452 3439 omnia,
472 3361 598 3444 nihilque
618 3363 653 3423 ad
668 3382 783 3440 corum,
802 3381 876 3445 quae
892 3361 946 3426 snb
962 3361 1008 3426 dei
1024 3362 1133 3428 ditione
1147 3373 1227 3442 suut,

79 3465 239 3550 perniciem
267 3475 312 3528 est
339 3465 458 3527 iactum.
505 3463 547 3527 At
567 3484 639 3527 nerc
656 3461 792 3528 Christus
821 3474 885 3546 pust
900 3485 983 3526 suum
1002 3465 1031 3527 in
1050 3465 1125 3528 hunc
1147 3485 1230 3528 mun-

79 3568 147 3630 dum
164 3569 321 3631 adventum
343 3565 552 3630 nonodecimo
575 3566 675 3649 quinto
694 3564 807 3630 Tiberii
823 3561 963 3628 Caesaris
986 3566 1230 3651 praedicationem

76 3689 209 3734 exorsus
227 3680 288 3748 est,
312 3679 379 3754 post
391 3689 498 3732 anuum
516 3689 533 3732 a
548 3667 700 3734 nativitate
718 3666 916 3750 trigesimum,
948 3669 996 3752 qui
1023 3669 1051 3732 in
1077 3667 1230 3752 quinquies

78 3773 266 3838 millesimum
282 3792 317 3835 ac
333 3771 595 3855 quingentesimum
619 3790 727 3834 nonum
749 3789 856 3838 annum
875 3769 983 3833 conditi
1000 3768 1079 3834 orbis
1095 3769 1229 3848 incurrit,

78 3885 186 3959 estque
209 3873 395 3958 trigesimus,
426 3873 468 3938 uti
492 3873 574 3952 dixi,
604 3873 709 3936 aetatis
732 3873 810 3936 iilius
833 3891 938 3936 annus.
980 3869 1060 3936 Nam
1082 3871 1231 3954 trigesimo

78 3977 171 4040 tertio
193 3975 224 4040 iu
249 3997 366 4040 erucem
385 3986 468 4040 aetus
487 3986 545 4042 est.
590 3972 717 4058 Quinam
740 3973 830 4059 igitur
854 3973 916 4037 fieri
935 3985 1031 4058 potest
1051 3985 1084 4038 nt
1106 3974 1179 4038 haec
1201 3973 1231 4038 iu

77 4080 166 4144 coeio
186 4078 328 4164 principio
344 4079 470 4158 turrim,
492 4077 603 4142 maiora
621 4076 757 4140 videlicet
773 4076 944 4160 minoraque
962 4076 1079 4140 siderat
1111 4071 1146 4140 si
1162 4085 1231 4138 unte

78 4181 135 4246 hcc
156 4193 272 4267 tempus
286 4181 405 4246 venisse
424 4173 511 4266 atque
530 4179 579 4244 itta
595 4179 772 4264 produxisse
786 4178 879 4256 diem,
910 4197 967 4241 con
986 4187 1083 4261 pateat
1097 4175 1177 4244 ttttus
1191 4179 1233 4241 ic-

110 4367 137 4422 4.
158 4365 233 4433 deins
247 4371 298 4420 aad
315 4369 411 4432 Μὴ.
675 4383 697 4419 n.
717 4358 800 4434 ἄστρα
830 4359 900 4432 (ἤτοι
922 4371 1034 4434 στοιχεῖα
1062 4357 1128 4420 cieri
1151 4384 1176 4420 ιι.
1199 4367 1233 4435 p,

110 4440 137 4490 o.
156 4441 266 4489 fortusse
283 4437 492 4519 tnterpunprradpnr
506 4441 528 4486 et
542 4437 642 4487 witen-
675 4427 910 4502 circumsedere
927 4432 1034 4502 pinpo),
1053 4430 1140 4503 ὁμῶς·
1157 4439 1207 4488 cett.

77 4509 138 4558 duae
153 4511 190 4557 est
207 4500 306 4571 Ειγὰρ
322 4501 347 4557 ir
363 4499 563 4572 superaddimus
585 4519 610 4570 γ.
624 4519 648 4556 τ.

954 4591 991 4656 31
1014 4589 1031 4628 *
