<?xml version="1.0" encoding="UTF-8"?>
<!DOCTYPE html PUBLIC "-//W3C//DTD XHTML 1.0 Transitional//EN"
    "http://www.w3.org/TR/xhtml1/DTD/xhtml1-transitional.dtd">
<html xmlns="http://www.w3.org/1999/xhtml" xml:lang="en" lang="en">
 <head>
  <title>
</title>
<meta http-equiv="Content-Type" content="text/html;charset=utf-8" />
  <meta name='ocr-system' content='tesseract 3.04.00' />
  <meta name='ocr-capabilities' content='ocr_page ocr_carea ocr_par ocr_line ocrx_word'/>
</head>
<body>
  <div class='ocr_page' id='page_1' title='image "./corporishaerese02oehlgoog_0248.png"; bbox 0 0 3116 4934; ppageno 0'>
   <div class='ocr_carea' id='block_1_1' title="bbox 318 269 1200 336">
    <p class='ocr_par' dir='ltr' id='par_1_1' title="bbox 318 269 1200 336">
     <span class='ocr_line' id='line_1_1' title="bbox 318 269 1200 336; baseline -0.002 0"><span class='ocrx_word' id='word_1_1' title='bbox 318 281 455 336; x_wconf 75' lang='lat' dir='ltr'><strong>renisu</strong></span> <span class='ocrx_word' id='word_1_2' title='bbox 471 281 535 334; x_wconf 81' lang='lat' dir='ltr'><strong>nnn.</strong></span> <span class='ocrx_word' id='word_1_3' title='bbox 547 283 579 336; x_wconf 87' lang='lat' dir='ltr'><strong>n.</strong></span> <span class='ocrx_word' id='word_1_4' title='bbox 595 281 678 336; x_wconf 80' lang='lat' dir='ltr'><strong>sont.</strong></span> <span class='ocrx_word' id='word_1_5' title='bbox 690 281 708 334; x_wconf 92' lang='grc' dir='ltr'><strong>ι.</strong></span> <span class='ocrx_word' id='word_1_6' title='bbox 726 279 825 334; x_wconf 84' lang='lat' dir='ltr'><strong>nans.</strong></span> <span class='ocrx_word' id='word_1_7' title='bbox 836 281 930 334; x_wconf 80' lang='lat' dir='ltr'><strong>nxrrr.</strong></span> <span class='ocrx_word' id='word_1_8' title='bbox 1139 269 1200 334; x_wconf 74' lang='lat'><strong>22⁷</strong></span> 
     </span>
    </p>
   </div>
   <div class='ocr_carea' id='block_1_2' title="bbox 50 401 1360 4184">
    <p class='ocr_par' dir='ltr' id='par_1_2' title="bbox 50 401 1207 1518">
     <span class='ocr_line' id='line_1_2' title="bbox 50 401 1201 491; baseline -0.002 -23"><span class='ocrx_word' id='word_1_9' title='bbox 50 427 86 472; x_wconf 85' lang='lat' dir='ltr'><strong>ue</strong></span> <span class='ocrx_word' id='word_1_10' title='bbox 101 405 419 491; x_wconf 70' lang='lat' dir='ltr'><strong>racemuspruiarret,</strong></span> <span class='ocrx_word' id='word_1_11' title='bbox 443 401 495 467; x_wconf 86' lang='lat' dir='ltr'><strong>sed</strong></span> <span class='ocrx_word' id='word_1_12' title='bbox 514 413 544 466; x_wconf 88' lang='lat' dir='ltr'><strong>et</strong></span> <span class='ocrx_word' id='word_1_13' title='bbox 565 401 723 488; x_wconf 84' lang='lat' dir='ltr'><strong>pianturit,</strong></span> <span class='ocrx_word' id='word_1_14' title='bbox 748 413 778 466; x_wconf 88' lang='lat' dir='ltr'><strong>et</strong></span> <span class='ocrx_word' id='word_1_15' title='bbox 793 403 828 466; x_wconf 91' lang='lat' dir='ltr'><strong>de</strong></span> <span class='ocrx_word' id='word_1_16' title='bbox 848 404 943 467; x_wconf 84' lang='lat' dir='ltr'><strong>iruetn</strong></span> <span class='ocrx_word' id='word_1_17' title='bbox 964 401 1042 467; x_wconf 88' lang='lat' dir='ltr'><strong>iiiios</strong></span> <span class='ocrx_word' id='word_1_18' title='bbox 1058 403 1148 484; x_wconf 86' lang='lat' dir='ltr'><strong>bibit,</strong></span> <span class='ocrx_word' id='word_1_19' title='bbox 1172 411 1201 468; x_wconf 89' lang='lat' dir='ltr'><strong>et</strong></span> 
     </span>
     <span class='ocr_line' id='line_1_3' title="bbox 51 501 1202 590; baseline -0.003 -16"><span class='ocrx_word' id='word_1_20' title='bbox 51 510 213 574; x_wconf 84' lang='lat' dir='ltr'><strong>inebriatus</strong></span> <span class='ocrx_word' id='word_1_21' title='bbox 228 518 289 586; x_wconf 89' lang='lat' dir='ltr'><strong>est,</strong></span> <span class='ocrx_word' id='word_1_22' title='bbox 314 518 346 570; x_wconf 89' lang='lat' dir='ltr'><strong>ut</strong></span> <span class='ocrx_word' id='word_1_23' title='bbox 362 527 398 571; x_wconf 92' lang='lat' dir='ltr'><strong>eo</strong></span> <span class='ocrx_word' id='word_1_24' title='bbox 415 506 480 571; x_wconf 86' lang='lat' dir='ltr'><strong>inco</strong></span> <span class='ocrx_word' id='word_1_25' title='bbox 498 503 615 590; x_wconf 79' lang='lat' dir='ltr'><strong>legitur.</strong></span> <span class='ocrx_word' id='word_1_26' title='bbox 661 501 694 568; x_wconf 92' lang='lat' dir='ltr'><strong>in</strong></span> <span class='ocrx_word' id='word_1_27' title='bbox 712 525 769 590; x_wconf 88' lang='lat' dir='ltr'><strong>quo</strong></span> <span class='ocrx_word' id='word_1_28' title='bbox 787 525 858 569; x_wconf 92' lang='lat' dir='ltr'><strong>sanc</strong></span> <span class='ocrx_word' id='word_1_29' title='bbox 875 506 962 570; x_wconf 86' lang='lat' dir='ltr'><strong>venio</strong></span> <span class='ocrx_word' id='word_1_30' title='bbox 979 506 1084 589; x_wconf 81' lang='lat' dir='ltr'><strong>diguus</strong></span> <span class='ocrx_word' id='word_1_31' title='bbox 1107 525 1202 571; x_wconf 81' lang='lat' dir='ltr'><strong>senex</strong></span> 
     </span>
     <span class='ocr_line' id='line_1_4' title="bbox 52 607 1200 694; baseline -0.003 -18"><span class='ocrx_word' id='word_1_32' title='bbox 52 613 97 678; x_wconf 80' lang='lat' dir='ltr'><strong>itta</strong></span> <span class='ocrx_word' id='word_1_33' title='bbox 115 612 181 678; x_wconf 83' lang='lat' dir='ltr'><strong>tutu.</strong></span> <span class='ocrx_word' id='word_1_34' title='bbox 225 607 283 694; x_wconf 80' lang='lat' dir='ltr'><strong>Qui</strong></span> <span class='ocrx_word' id='word_1_35' title='bbox 302 627 367 674; x_wconf 86' lang='lat' dir='ltr'><strong>cnm</strong></span> <span class='ocrx_word' id='word_1_36' title='bbox 386 609 443 672; x_wconf 89' lang='lat' dir='ltr'><strong>deu</strong></span> <span class='ocrx_word' id='word_1_37' title='bbox 457 616 559 693; x_wconf 79' lang='lat' dir='ltr'><strong>gratum</strong></span> <span class='ocrx_word' id='word_1_38' title='bbox 575 618 673 688; x_wconf 89' lang='lat' dir='ltr'><strong>esset,</strong></span> <span class='ocrx_word' id='word_1_39' title='bbox 697 629 755 672; x_wconf 91' lang='lat' dir='ltr'><strong>non</strong></span> <span class='ocrx_word' id='word_1_40' title='bbox 772 627 811 671; x_wconf 88' lang='lat' dir='ltr'><strong>es</strong></span> <span class='ocrx_word' id='word_1_41' title='bbox 829 609 1054 693; x_wconf 89' lang='lat' dir='ltr'><strong>intemperantia</strong></span> <span class='ocrx_word' id='word_1_42' title='bbox 1072 609 1102 672; x_wconf 89' lang='lat' dir='ltr'><strong>io</strong></span> <span class='ocrx_word' id='word_1_43' title='bbox 1123 610 1200 674; x_wconf 88' lang='lat' dir='ltr'><strong>iiiam</strong></span> 
     </span>
     <span class='ocr_line' id='line_1_5' title="bbox 52 708 1202 796; baseline -0.005 -16"><span class='ocrx_word' id='word_1_44' title='bbox 52 715 223 780; x_wconf 87' lang='lat' dir='ltr'><strong>ebrietatem</strong></span> <span class='ocrx_word' id='word_1_45' title='bbox 241 712 358 792; x_wconf 87' lang='lat' dir='ltr'><strong>incidit,</strong></span> <span class='ocrx_word' id='word_1_46' title='bbox 381 711 451 790; x_wconf 91' lang='lat' dir='ltr'><strong>sed,</strong></span> <span class='ocrx_word' id='word_1_47' title='bbox 475 721 508 774; x_wconf 90' lang='lat' dir='ltr'><strong>ut</strong></span> <span class='ocrx_word' id='word_1_48' title='bbox 525 708 647 795; x_wconf 80' lang='lat' dir='ltr'><strong>opinor,</strong></span> <span class='ocrx_word' id='word_1_49' title='bbox 672 729 712 774; x_wconf 84' lang='lat' dir='ltr'><strong>ex</strong></span> <span class='ocrx_word' id='word_1_50' title='bbox 732 711 850 774; x_wconf 88' lang='lat' dir='ltr'><strong>tristitia</strong></span> <span class='ocrx_word' id='word_1_51' title='bbox 872 732 906 774; x_wconf 90' lang='lat' dir='ltr'><strong>uc</strong></span> <span class='ocrx_word' id='word_1_52' title='bbox 929 731 1064 775; x_wconf 89' lang='lat' dir='ltr'><strong>moerore</strong></span> <span class='ocrx_word' id='word_1_53' title='bbox 1087 711 1202 796; x_wconf 87' lang='lat' dir='ltr'><strong>quidum</strong></span> 
     </span>
     <span class='ocr_line' id='line_1_6' title="bbox 54 809 1203 900; baseline -0.004 -17"><span class='ocrx_word' id='word_1_54' title='bbox 54 819 77 882; x_wconf 90' lang='lat' dir='ltr'><strong>ei</strong></span> <span class='ocrx_word' id='word_1_55' title='bbox 99 816 197 882; x_wconf 74' lang='lat' dir='ltr'><strong>sonui</strong></span> <span class='ocrx_word' id='word_1_56' title='bbox 216 827 318 900; x_wconf 91' lang='lat' dir='ltr'><strong>torpor</strong></span> <span class='ocrx_word' id='word_1_57' title='bbox 340 814 481 900; x_wconf 75' lang='lat' dir='ltr'><strong>obrepsit.</strong></span> <span class='ocrx_word' id='word_1_58' title='bbox 527 809 603 878; x_wconf 89' lang='lat' dir='ltr'><strong>Cum</strong></span> <span class='ocrx_word' id='word_1_59' title='bbox 625 823 722 878; x_wconf 91' lang='lat' dir='ltr'><strong>autem</strong></span> <span class='ocrx_word' id='word_1_60' title='bbox 745 811 897 898; x_wconf 88' lang='lat' dir='ltr'><strong>utriusque</strong></span> <span class='ocrx_word' id='word_1_61' title='bbox 916 813 974 878; x_wconf 87' lang='lat' dir='ltr'><strong>rim</strong></span> <span class='ocrx_word' id='word_1_62' title='bbox 997 813 1143 878; x_wconf 86' lang='lat' dir='ltr'><strong>sustinere</strong></span> <span class='ocrx_word' id='word_1_63' title='bbox 1166 813 1203 878; x_wconf 94' lang='lat' dir='ltr'><strong>ob</strong></span> 
     </span>
     <span class='ocr_line' id='line_1_7' title="bbox 54 915 1205 1004; baseline -0.003 -20"><span class='ocrx_word' id='word_1_64' title='bbox 54 919 280 984; x_wconf 69' lang='lat' dir='ltr'>imbecillitatem</span> <span class='ocrx_word' id='word_1_65' title='bbox 300 929 331 982; x_wconf 88' lang='lat' dir='ltr'><strong>et</strong></span> <span class='ocrx_word' id='word_1_66' title='bbox 349 927 474 982; x_wconf 87' lang='lat' dir='ltr'><strong>aetatem</strong></span> <span class='ocrx_word' id='word_1_67' title='bbox 489 935 548 980; x_wconf 91' lang='lat' dir='ltr'><strong>nou</strong></span> <span class='ocrx_word' id='word_1_68' title='bbox 564 927 683 1002; x_wconf 87' lang='lat' dir='ltr'><strong>posset,</strong></span> <span class='ocrx_word' id='word_1_69' title='bbox 703 917 736 979; x_wconf 87' lang='lat' dir='ltr'><strong>in</strong></span> <span class='ocrx_word' id='word_1_70' title='bbox 755 936 819 980; x_wconf 88' lang='lat' dir='ltr'><strong>eam</strong></span> <span class='ocrx_word' id='word_1_71' title='bbox 835 915 1032 982; x_wconf 78' lang='lat' dir='ltr'><strong>infirmitatem</strong></span> <span class='ocrx_word' id='word_1_72' title='bbox 1051 917 1205 1004; x_wconf 81' lang='lat' dir='ltr'><strong>prolapsus</strong></span> 
     </span>
     <span class='ocr_line' id='line_1_8' title="bbox 55 1015 1206 1104; baseline -0.003 -17"><span class='ocrx_word' id='word_1_73' title='bbox 55 1033 113 1103; x_wconf 79' lang='lat' dir='ltr'><strong>est3</strong></span> <span class='ocrx_word' id='word_1_74' title='bbox 138 1043 195 1086; x_wconf 87' lang='lat' dir='ltr'><strong>uec</strong></span> <span class='ocrx_word' id='word_1_75' title='bbox 212 1021 279 1086; x_wconf 92' lang='lat' dir='ltr'><strong>ideo</strong></span> <span class='ocrx_word' id='word_1_76' title='bbox 296 1031 393 1085; x_wconf 90' lang='lat' dir='ltr'><strong>tamen</strong></span> <span class='ocrx_word' id='word_1_77' title='bbox 416 1020 521 1104; x_wconf 82' lang='lat' dir='ltr'><strong>diguus</strong></span> <span class='ocrx_word' id='word_1_78' title='bbox 545 1031 626 1099; x_wconf 87' lang='lat' dir='ltr'><strong>erat,</strong></span> <span class='ocrx_word' id='word_1_79' title='bbox 656 1029 689 1083; x_wconf 89' lang='lat' dir='ltr'><strong>ut</strong></span> <span class='ocrx_word' id='word_1_80' title='bbox 707 1017 734 1082; x_wconf 93' lang='lat' dir='ltr'><strong>ei</strong></span> <span class='ocrx_word' id='word_1_81' title='bbox 750 1019 824 1083; x_wconf 84' lang='lat' dir='ltr'><strong>iiiios</strong></span> <span class='ocrx_word' id='word_1_82' title='bbox 842 1019 987 1084; x_wconf 88' lang='lat' dir='ltr'><strong>iiinderet.</strong></span> <span class='ocrx_word' id='word_1_83' title='bbox 1035 1015 1135 1102; x_wconf 84' lang='lat' dir='ltr'><strong>Quare</strong></span> <span class='ocrx_word' id='word_1_84' title='bbox 1157 1017 1206 1104; x_wconf 87' lang='lat' dir='ltr'><strong>qui</strong></span> 
     </span>
     <span class='ocr_line' id='line_1_9' title="bbox 54 1121 1205 1208; baseline -0.003 -18"><span class='ocrx_word' id='word_1_85' title='bbox 54 1126 129 1190; x_wconf 81' lang='lat' dir='ltr'><strong>iinon</strong></span> <span class='ocrx_word' id='word_1_86' title='bbox 153 1123 276 1202; x_wconf 89' lang='lat' dir='ltr'><strong>derisit,</strong></span> <span class='ocrx_word' id='word_1_87' title='bbox 298 1123 330 1186; x_wconf 87' lang='lat' dir='ltr'><strong>in</strong></span> <span class='ocrx_word' id='word_1_88' title='bbox 347 1124 534 1208; x_wconf 86' lang='lat' dir='ltr'><strong>semetipsum</strong></span> <span class='ocrx_word' id='word_1_89' title='bbox 556 1121 794 1207; x_wconf 88' lang='lat' dir='ltr'><strong>imprecationem</strong></span> <span class='ocrx_word' id='word_1_90' title='bbox 814 1121 977 1203; x_wconf 85' lang='lat' dir='ltr'><strong>convertit,</strong></span> <span class='ocrx_word' id='word_1_91' title='bbox 1008 1133 1039 1186; x_wconf 88' lang='lat' dir='ltr'><strong>ut</strong></span> <span class='ocrx_word' id='word_1_92' title='bbox 1061 1123 1080 1187; x_wconf 91' lang='lat' dir='ltr'><strong>ii</strong></span> <span class='ocrx_word' id='word_1_93' title='bbox 1103 1121 1205 1208; x_wconf 88' lang='lat' dir='ltr'><strong>poenis</strong></span> 
     </span>
     <span class='ocr_line' id='line_1_10' title="bbox 56 1223 1207 1312; baseline -0.003 -20"><span class='ocrx_word' id='word_1_94' title='bbox 56 1227 215 1292; x_wconf 82' lang='lat' dir='ltr'><strong>afficiantur</strong></span> <span class='ocrx_word' id='word_1_95' title='bbox 230 1227 278 1311; x_wconf 84' lang='lat' dir='ltr'><strong>qni</strong></span> <span class='ocrx_word' id='word_1_96' title='bbox 297 1225 466 1312; x_wconf 88' lang='lat' dir='ltr'><strong>parentibus</strong></span> <span class='ocrx_word' id='word_1_97' title='bbox 484 1223 546 1289; x_wconf 87' lang='lat' dir='ltr'><strong>suis</strong></span> <span class='ocrx_word' id='word_1_98' title='bbox 563 1223 767 1288; x_wconf 81' lang='lat' dir='ltr'><strong>contumeliam</strong></span> <span class='ocrx_word' id='word_1_99' title='bbox 784 1225 953 1310; x_wconf 88' lang='lat' dir='ltr'><strong>imponunt,</strong></span> <span class='ocrx_word' id='word_1_100' title='bbox 977 1225 1108 1309; x_wconf 88' lang='lat' dir='ltr'><strong>adeoque</strong></span> <span class='ocrx_word' id='word_1_101' title='bbox 1126 1225 1207 1309; x_wconf 78' lang='lat' dir='ltr'><strong>cogi·</strong></span> 
     </span>
     <span class='ocr_line' id='line_1_11' title="bbox 57 1327 1204 1414; baseline -0.003 -19"><span class='ocrx_word' id='word_1_102' title='bbox 57 1331 180 1396; x_wconf 86' lang='lat' dir='ltr'><strong>tationes</strong></span> <span class='ocrx_word' id='word_1_103' title='bbox 205 1330 290 1410; x_wconf 81' lang='lat' dir='ltr'><strong>iliae,</strong></span> <span class='ocrx_word' id='word_1_104' title='bbox 315 1327 396 1414; x_wconf 72' lang='lat' dir='ltr'><strong>quue‘</strong></span> <span class='ocrx_word' id='word_1_105' title='bbox 412 1327 554 1393; x_wconf 85' lang='lat' dir='ltr'><strong>aduersus</strong></span> <span class='ocrx_word' id='word_1_106' title='bbox 573 1327 619 1392; x_wconf 89' lang='lat' dir='ltr'><strong>dei</strong></span> <span class='ocrx_word' id='word_1_107' title='bbox 642 1327 838 1413; x_wconf 82' lang='lat' dir='ltr'><strong>cognitionem</strong></span> <span class='ocrx_word' id='word_1_108' title='bbox 863 1339 894 1392; x_wconf 91' lang='lat' dir='ltr'><strong>et</strong></span> <span class='ocrx_word' id='word_1_109' title='bbox 914 1339 995 1392; x_wconf 90' lang='lat' dir='ltr'><strong>reete</strong></span> <span class='ocrx_word' id='word_1_110' title='bbox 1018 1328 1204 1393; x_wconf 86' lang='lat' dir='ltr'><strong>constitutum</strong></span> 
     </span>
     <span class='ocr_line' id='line_1_12' title="bbox 58 1431 377 1518; baseline -0.016 -20"><span class='ocrx_word' id='word_1_111' title='bbox 58 1435 186 1498; x_wconf 85' lang='lat' dir='ltr'><strong>ordinem</strong></span> <span class='ocrx_word' id='word_1_112' title='bbox 209 1431 377 1518; x_wconf 81' lang='lat' dir='ltr'><strong>insurgunt.</strong></span> 
     </span>
    </p>

    <p class='ocr_par' dir='ltr' id='par_1_3' title="bbox 58 1527 1360 3960">
     <span class='ocr_line' id='line_1_13' title="bbox 138 1527 1340 1618; baseline -0.001 -19"><span class='ocrx_word' id='word_1_113' title='bbox 138 1533 302 1599; x_wconf 81' lang='lat' dir='ltr'><strong>Enimvero</strong></span> <span class='ocrx_word' id='word_1_114' title='bbox 334 1534 403 1598; x_wconf 88' lang='lat' dir='ltr'><strong>iicet</strong></span> <span class='ocrx_word' id='word_1_115' title='bbox 430 1545 527 1598; x_wconf 86' lang='lat' dir='ltr'><strong>tantus</strong></span> <span class='ocrx_word' id='word_1_116' title='bbox 551 1532 659 1618; x_wconf 87' lang='lat' dir='ltr'><strong>nuptiis</strong></span> <span class='ocrx_word' id='word_1_117' title='bbox 688 1532 783 1597; x_wconf 92' lang='lat' dir='ltr'><strong>bonor</strong></span> <span class='ocrx_word' id='word_1_118' title='bbox 810 1544 935 1618; x_wconf 85' lang='lat' dir='ltr'><strong>quantus</strong></span> <span class='ocrx_word' id='word_1_119' title='bbox 964 1532 1126 1618; x_wconf 85' lang='lat' dir='ltr'><strong>virginitati</strong></span> <span class='ocrx_word' id='word_1_120' title='bbox 1153 1533 1207 1598; x_wconf 89' lang='lat' dir='ltr'><strong>mi·</strong></span> <span class='ocrx_word' id='word_1_121' title='bbox 1225 1527 1340 1598; x_wconf 74' lang='lat' dir='ltr'><strong>⁰⁸1²·1V·</strong></span> 
     </span>
     <span class='ocr_line' id='line_1_14' title="bbox 59 1635 1208 1722; baseline 0.001 -20"><span class='ocrx_word' id='word_1_122' title='bbox 59 1637 130 1702; x_wconf 75' lang='lat' dir='ltr'><strong>nme</strong></span> <span class='ocrx_word' id='word_1_123' title='bbox 145 1639 187 1702; x_wconf 91' lang='lat' dir='ltr'><strong>sit</strong></span> <span class='ocrx_word' id='word_1_124' title='bbox 201 1637 363 1716; x_wconf 85' lang='lat' dir='ltr'><strong>bubendas,</strong></span> <span class='ocrx_word' id='word_1_125' title='bbox 386 1645 417 1700; x_wconf 92' lang='lat' dir='ltr'><strong>et</strong></span> <span class='ocrx_word' id='word_1_126' title='bbox 432 1636 505 1701; x_wconf 89' lang='lat' dir='ltr'><strong>baec</strong></span> <span class='ocrx_word' id='word_1_127' title='bbox 519 1635 577 1700; x_wconf 89' lang='lat' dir='ltr'><strong>iiiis</strong></span> <span class='ocrx_word' id='word_1_128' title='bbox 594 1636 797 1722; x_wconf 86' lang='lat' dir='ltr'><strong>anteponenda</strong></span> <span class='ocrx_word' id='word_1_129' title='bbox 813 1637 863 1716; x_wconf 89' lang='lat' dir='ltr'><strong>sit,</strong></span> <span class='ocrx_word' id='word_1_130' title='bbox 888 1657 953 1700; x_wconf 85' lang='lat' dir='ltr'><strong>cnut</strong></span> <span class='ocrx_word' id='word_1_131' title='bbox 972 1657 1006 1701; x_wconf 89' lang='lat' dir='ltr'><strong>ea</strong></span> <span class='ocrx_word' id='word_1_132' title='bbox 1024 1648 1120 1702; x_wconf 88' lang='lat' dir='ltr'><strong>tamen</strong></span> <span class='ocrx_word' id='word_1_133' title='bbox 1137 1659 1208 1703; x_wconf 89' lang='lat' dir='ltr'><strong>vera</strong></span> 
     </span>
     <span class='ocr_line' id='line_1_15' title="bbox 58 1738 1205 1827; baseline 0 -23"><span class='ocrx_word' id='word_1_134' title='bbox 58 1741 211 1827; x_wconf 80' lang='lat' dir='ltr'><strong>uirginitas</strong></span> <span class='ocrx_word' id='word_1_135' title='bbox 235 1739 396 1826; x_wconf 90' lang='lat' dir='ltr'><strong>appeiiutur</strong></span> <span class='ocrx_word' id='word_1_136' title='bbox 416 1760 492 1823; x_wconf 84' lang='lat' dir='ltr'><strong>quae</strong></span> <span class='ocrx_word' id='word_1_137' title='bbox 516 1760 581 1802; x_wconf 92' lang='lat' dir='ltr'><strong>cnm</strong></span> <span class='ocrx_word' id='word_1_138' title='bbox 605 1738 757 1802; x_wconf 89' lang='lat' dir='ltr'><strong>honestate</strong></span> <span class='ocrx_word' id='word_1_139' title='bbox 782 1749 828 1803; x_wconf 88' lang='lat' dir='ltr'><strong>est</strong></span> <span class='ocrx_word' id='word_1_140' title='bbox 852 1749 883 1802; x_wconf 90' lang='lat' dir='ltr'><strong>et</strong></span> <span class='ocrx_word' id='word_1_141' title='bbox 904 1739 1012 1804; x_wconf 88' lang='lat' dir='ltr'><strong>virtute</strong></span> <span class='ocrx_word' id='word_1_142' title='bbox 1039 1742 1205 1822; x_wconf 86' lang='lat' dir='ltr'><strong>coniuncta,</strong></span> 
     </span>
     <span class='ocr_line' id='line_1_16' title="bbox 59 1841 1358 1926; baseline 0.001 -20"><span class='ocrx_word' id='word_1_143' title='bbox 59 1854 112 1907; x_wconf 93' lang='lat' dir='ltr'><strong>tum</strong></span> <span class='ocrx_word' id='word_1_144' title='bbox 133 1841 322 1906; x_wconf 77' lang='lat' dir='ltr'><strong>honorabiles</strong></span> <span class='ocrx_word' id='word_1_145' title='bbox 338 1841 454 1926; x_wconf 75' lang='lat' dir='ltr'>nuptiae</span> <span class='ocrx_word' id='word_1_146' title='bbox 470 1860 486 1904; x_wconf 90' lang='lat' dir='ltr'><strong>a</strong></span> <span class='ocrx_word' id='word_1_147' title='bbox 501 1841 658 1905; x_wconf 86' lang='lat' dir='ltr'><strong>liberorum</strong></span> <span class='ocrx_word' id='word_1_148' title='bbox 675 1841 880 1926; x_wconf 78' lang='lat' dir='ltr'><strong>procreatione</strong></span> <span class='ocrx_word' id='word_1_149' title='bbox 899 1863 957 1906; x_wconf 91' lang='lat' dir='ltr'><strong>non</strong></span> <span class='ocrx_word' id='word_1_150' title='bbox 974 1841 1134 1908; x_wconf 87' lang='lat' dir='ltr'><strong>abhorrent</strong></span> <span class='ocrx_word' id='word_1_151' title='bbox 1155 1864 1206 1907; x_wconf 91' lang='lat' dir='ltr'><strong>ne·</strong></span> <span class='ocrx_word' id='word_1_152' title='bbox 1219 1841 1358 1900; x_wconf 63' lang='lat' dir='ltr'><strong>fflifflbb</strong></span> 
     </span>
     <span class='ocr_line' id='line_1_17' title="bbox 59 1943 1206 2031; baseline 0.002 -21"><span class='ocrx_word' id='word_1_153' title='bbox 59 1967 109 2030; x_wconf 84' lang='lat' dir='ltr'><strong>que</strong></span> <span class='ocrx_word' id='word_1_154' title='bbox 128 1947 166 2009; x_wconf 90' lang='lat' dir='ltr'><strong>ud</strong></span> <span class='ocrx_word' id='word_1_155' title='bbox 187 1944 376 2029; x_wconf 76' lang='lat' dir='ltr'><strong>ignominiam</strong></span> <span class='ocrx_word' id='word_1_156' title='bbox 397 1964 432 2007; x_wconf 92' lang='lat' dir='ltr'><strong>ea</strong></span> <span class='ocrx_word' id='word_1_157' title='bbox 456 1943 574 2007; x_wconf 88' lang='lat' dir='ltr'><strong>trabunt</strong></span> <span class='ocrx_word' id='word_1_158' title='bbox 598 1963 671 2028; x_wconf 89' lang='lat' dir='ltr'><strong>qnae</strong></span> <span class='ocrx_word' id='word_1_159' title='bbox 695 1963 712 2006; x_wconf 87' lang='lat' dir='ltr'><strong>a</strong></span> <span class='ocrx_word' id='word_1_160' title='bbox 734 1943 790 2007; x_wconf 89' lang='lat' dir='ltr'><strong>deo</strong></span> <span class='ocrx_word' id='word_1_161' title='bbox 815 1944 965 2031; x_wconf 83' lang='lat' dir='ltr'><strong>praeclare</strong></span> <span class='ocrx_word' id='word_1_162' title='bbox 987 1946 1103 2010; x_wconf 91' lang='lat' dir='ltr'><strong>condita</strong></span> <span class='ocrx_word' id='word_1_163' title='bbox 1127 1959 1206 2028; x_wconf 89' lang='lat' dir='ltr'><strong>sunt,</strong></span> 
     </span>
     <span class='ocr_line' id='line_1_18' title="bbox 59 2045 1311 2134; baseline 0.002 -22"><span class='ocrx_word' id='word_1_164' title='bbox 59 2049 111 2112; x_wconf 89' lang='lat' dir='ltr'><strong>imo</strong></span> <span class='ocrx_word' id='word_1_165' title='bbox 135 2069 213 2112; x_wconf 85' lang='lat' dir='ltr'><strong>vero</strong></span> <span class='ocrx_word' id='word_1_166' title='bbox 240 2057 298 2112; x_wconf 81' lang='lat' dir='ltr'><strong>non</strong></span> <span class='ocrx_word' id='word_1_167' title='bbox 327 2047 414 2110; x_wconf 89' lang='lat' dir='ltr'><strong>uiiter</strong></span> <span class='ocrx_word' id='word_1_168' title='bbox 436 2047 646 2132; x_wconf 88' lang='lat' dir='ltr'><strong>praescriptum</strong></span> <span class='ocrx_word' id='word_1_169' title='bbox 671 2045 810 2110; x_wconf 86' lang='lat' dir='ltr'><strong>divinitus</strong></span> <span class='ocrx_word' id='word_1_170' title='bbox 833 2048 969 2134; x_wconf 82' lang='lat' dir='ltr'><strong>nuptialis</strong></span> <span class='ocrx_word' id='word_1_171' title='bbox 996 2048 1209 2114; x_wconf 91' lang='lat' dir='ltr'><strong>coniunctionis</strong></span> <span class='ocrx_word' id='word_1_172' title='bbox 1304 2064 1311 2084; x_wconf 68' lang='lat'>⁸</span> 
     </span>
     <span class='ocr_line' id='line_1_19' title="bbox 58 2146 1211 2235; baseline 0.003 -21"><span class='ocrx_word' id='word_1_173' title='bbox 58 2151 173 2216; x_wconf 87' lang='lat' dir='ltr'><strong>modum</strong></span> <span class='ocrx_word' id='word_1_174' title='bbox 191 2171 228 2214; x_wconf 92' lang='lat' dir='ltr'><strong>ac</strong></span> <span class='ocrx_word' id='word_1_175' title='bbox 244 2148 388 2212; x_wconf 88' lang='lat' dir='ltr'><strong>rationem</strong></span> <span class='ocrx_word' id='word_1_176' title='bbox 406 2157 559 2235; x_wconf 88' lang='lat' dir='ltr'><strong>usurpant.</strong></span> <span class='ocrx_word' id='word_1_177' title='bbox 605 2146 719 2234; x_wconf 79' lang='lat' dir='ltr'><strong>Quippe</strong></span> <span class='ocrx_word' id='word_1_178' title='bbox 736 2149 890 2233; x_wconf 78' lang='lat' dir='ltr'><strong>virginitas</strong></span> <span class='ocrx_word' id='word_1_179' title='bbox 905 2171 1011 2216; x_wconf 85' lang='lat' dir='ltr'><strong>revera</strong></span> <span class='ocrx_word' id='word_1_180' title='bbox 1034 2153 1097 2216; x_wconf 90' lang='lat' dir='ltr'><strong>eins</strong></span> <span class='ocrx_word' id='word_1_181' title='bbox 1116 2153 1211 2218; x_wconf 89' lang='lat' dir='ltr'><strong>instar</strong></span> 
     </span>
     <span class='ocr_line' id='line_1_20' title="bbox 59 2250 1360 2344; baseline -0.001 -26"><span class='ocrx_word' id='word_1_182' title='bbox 59 2265 99 2317; x_wconf 88' lang='lat' dir='ltr'><strong>eat</strong></span> <span class='ocrx_word' id='word_1_183' title='bbox 112 2275 202 2339; x_wconf 84' lang='lat' dir='ltr'><strong>qnam</strong></span> <span class='ocrx_word' id='word_1_184' title='bbox 218 2253 369 2338; x_wconf 82' lang='lat' dir='ltr'><strong>apostolus</strong></span> <span class='ocrx_word' id='word_1_185' title='bbox 386 2251 430 2315; x_wconf 89' lang='lat' dir='ltr'><strong>bis</strong></span> <span class='ocrx_word' id='word_1_186' title='bbox 446 2250 546 2315; x_wconf 86' lang='lat' dir='ltr'><strong>verbis</strong></span> <span class='ocrx_word' id='word_1_187' title='bbox 562 2250 725 2336; x_wconf 77' lang='lat' dir='ltr'><strong>praedicate</strong></span> <span class='ocrx_word' id='word_1_188' title='bbox 752 2257 839 2334; x_wconf 74' lang='lat' dir='ltr'><strong>Vrbgo</strong></span> <span class='ocrx_word' id='word_1_189' title='bbox 854 2265 883 2315; x_wconf 84' lang='lat' dir='ltr'><strong>et</strong></span> <span class='ocrx_word' id='word_1_190' title='bbox 897 2259 1014 2335; x_wconf 66' lang='lat' dir='ltr'><strong>sumto</strong></span> <span class='ocrx_word' id='word_1_191' title='bbox 1028 2258 1151 2317; x_wconf 72' lang='lat' dir='ltr'><strong>solir&#39;eito</strong></span> <span class='ocrx_word' id='word_1_192' title='bbox 1165 2266 1209 2317; x_wconf 84' lang='lat' dir='ltr'><strong>est</strong></span> <span class='ocrx_word' id='word_1_193' title='bbox 1220 2254 1360 2344; x_wconf 55' lang='lat' dir='ltr'><strong>¹·⁰⁰²·²g⁸4</strong></span> 
     </span>
     <span class='ocr_line' id='line_1_21' title="bbox 58 2355 1210 2440; baseline 0.002 -21"><span class='ocrx_word' id='word_1_194' title='bbox 58 2359 89 2418; x_wconf 76' lang='lat' dir='ltr'><strong>do</strong></span> <span class='ocrx_word' id='word_1_195' title='bbox 101 2363 138 2419; x_wconf 83' lang='lat' dir='ltr'><strong>a&#39;r&#39;a</strong></span> <span class='ocrx_word' id='word_1_196' title='bbox 152 2377 228 2439; x_wconf 80' lang='lat' dir='ltr'><strong>quoe</strong></span> <span class='ocrx_word' id='word_1_197' title='bbox 239 2367 307 2417; x_wconf 81' lang='lat' dir='ltr'><strong>eant</strong></span> <span class='ocrx_word' id='word_1_198' title='bbox 318 2357 433 2428; x_wconf 57' lang='lat' dir='ltr'><strong>donaba</strong></span> <span class='ocrx_word' id='word_1_199' title='bbox 458 2358 593 2436; x_wconf 69' lang='lat' dir='ltr'><strong>panorm</strong></span> <span class='ocrx_word' id='word_1_200' title='bbox 605 2355 722 2434; x_wconf 85' lang='lat' dir='ltr'><strong>placent</strong></span> <span class='ocrx_word' id='word_1_201' title='bbox 735 2359 855 2430; x_wconf 70' lang='lat' dir='ltr'><strong>mano,</strong></span> <span class='ocrx_word' id='word_1_202' title='bbox 881 2361 964 2418; x_wconf 78' lang='lat' dir='ltr'><strong>arsit</strong></span> <span class='ocrx_word' id='word_1_203' title='bbox 977 2369 1076 2420; x_wconf 83' lang='lat' dir='ltr'><strong>snooto</strong></span> <span class='ocrx_word' id='word_1_204' title='bbox 1091 2377 1210 2440; x_wconf 81' lang='lat' dir='ltr'><strong>corpore</strong></span> 
     </span>
     <span class='ocr_line' id='line_1_22' title="bbox 59 2453 1210 2545; baseline 0.003 -26"><span class='ocrx_word' id='word_1_205' title='bbox 59 2471 86 2520; x_wconf 84' lang='lat' dir='ltr'><strong>et</strong></span> <span class='ocrx_word' id='word_1_206' title='bbox 96 2463 203 2522; x_wconf 72' lang='lat' dir='ltr'><strong>maban.</strong></span> <span class='ocrx_word' id='word_1_207' title='bbox 249 2453 291 2522; x_wconf 90' lang='lat' dir='ltr'><strong>Ut</strong></span> <span class='ocrx_word' id='word_1_208' title='bbox 305 2457 476 2522; x_wconf 76' lang='lat' dir='ltr'><strong>ostenderet</strong></span> <span class='ocrx_word' id='word_1_209' title='bbox 491 2456 616 2535; x_wconf 84' lang='lat' dir='ltr'><strong>nuliam,</strong></span> <span class='ocrx_word' id='word_1_210' title='bbox 640 2477 678 2519; x_wconf 91' lang='lat' dir='ltr'><strong>ne</strong></span> <span class='ocrx_word' id='word_1_211' title='bbox 695 2457 841 2521; x_wconf 88' lang='lat' dir='ltr'><strong>minimam</strong></span> <span class='ocrx_word' id='word_1_212' title='bbox 856 2456 989 2542; x_wconf 89' lang='lat' dir='ltr'><strong>quidem,</strong></span> <span class='ocrx_word' id='word_1_213' title='bbox 1013 2459 1210 2545; x_wconf 81' lang='lat' dir='ltr'><strong>suspicionem</strong></span> 
     </span>
     <span class='ocr_line' id='line_1_23' title="bbox 58 2556 1211 2644; baseline 0.001 -20"><span class='ocrx_word' id='word_1_214' title='bbox 58 2561 220 2626; x_wconf 86' lang='lat' dir='ltr'><strong>suiitarinm</strong></span> <span class='ocrx_word' id='word_1_215' title='bbox 239 2561 318 2624; x_wconf 88' lang='lat' dir='ltr'><strong>ritae</strong></span> <span class='ocrx_word' id='word_1_216' title='bbox 338 2579 431 2644; x_wconf 71' lang='lat' dir='ltr'><strong>genus</strong></span> <span class='ocrx_word' id='word_1_217' title='bbox 448 2559 614 2624; x_wconf 89' lang='lat' dir='ltr'><strong>admittere.</strong></span> <span class='ocrx_word' id='word_1_218' title='bbox 659 2556 772 2623; x_wconf 90' lang='lat' dir='ltr'><strong>Verum</strong></span> <span class='ocrx_word' id='word_1_219' title='bbox 794 2571 825 2622; x_wconf 89' lang='lat' dir='ltr'><strong>et</strong></span> <span class='ocrx_word' id='word_1_220' title='bbox 842 2560 1019 2625; x_wconf 76' lang='lat' dir='ltr'><strong>Abrasmnm</strong></span> <span class='ocrx_word' id='word_1_221' title='bbox 1045 2562 1154 2625; x_wconf 90' lang='lat' dir='ltr'><strong>scimus</strong></span> <span class='ocrx_word' id='word_1_222' title='bbox 1176 2562 1211 2625; x_wconf 93' lang='lat' dir='ltr'><strong>ii·</strong></span> 
     </span>
     <span class='ocr_line' id='line_1_24' title="bbox 60 2659 1210 2750; baseline 0.001 -23"><span class='ocrx_word' id='word_1_223' title='bbox 60 2663 135 2728; x_wconf 86' lang='lat' dir='ltr'><strong>beris</strong></span> <span class='ocrx_word' id='word_1_224' title='bbox 149 2683 271 2750; x_wconf 86' lang='lat' dir='ltr'><strong>opernm</strong></span> <span class='ocrx_word' id='word_1_225' title='bbox 294 2661 427 2741; x_wconf 86' lang='lat' dir='ltr'><strong>dedisse,</strong></span> <span class='ocrx_word' id='word_1_226' title='bbox 450 2671 481 2725; x_wconf 92' lang='lat' dir='ltr'><strong>et</strong></span> <span class='ocrx_word' id='word_1_227' title='bbox 499 2660 623 2724; x_wconf 89' lang='lat' dir='ltr'><strong>amicum</strong></span> <span class='ocrx_word' id='word_1_228' title='bbox 643 2659 759 2725; x_wconf 90' lang='lat' dir='ltr'><strong>interim</strong></span> <span class='ocrx_word' id='word_1_229' title='bbox 779 2660 825 2726; x_wconf 88' lang='lat' dir='ltr'><strong>dei</strong></span> <span class='ocrx_word' id='word_1_230' title='bbox 843 2663 952 2744; x_wconf 80' lang='lat' dir='ltr'><strong>inisse3</strong></span> <span class='ocrx_word' id='word_1_231' title='bbox 982 2663 1103 2749; x_wconf 86' lang='lat' dir='ltr'><strong>perinde</strong></span> <span class='ocrx_word' id='word_1_232' title='bbox 1124 2675 1210 2749; x_wconf 89' lang='lat' dir='ltr'><strong>atque</strong></span> 
     </span>
     <span class='ocr_line' id='line_1_25' title="bbox 59 2761 1210 2852; baseline 0 -22"><span class='ocrx_word' id='word_1_233' title='bbox 59 2762 192 2832; x_wconf 67' lang='lat' dir='ltr'><strong>iuncum</strong></span> <span class='ocrx_word' id='word_1_234' title='bbox 210 2777 242 2830; x_wconf 91' lang='lat' dir='ltr'><strong>et</strong></span> <span class='ocrx_word' id='word_1_235' title='bbox 260 2761 414 2842; x_wconf 85' lang='lat' dir='ltr'><strong>iacobum,</strong></span> <span class='ocrx_word' id='word_1_236' title='bbox 445 2785 480 2828; x_wconf 90' lang='lat' dir='ltr'><strong>ao</strong></span> <span class='ocrx_word' id='word_1_237' title='bbox 503 2763 640 2848; x_wconf 80' lang='lat' dir='ltr'><strong>deinceps</strong></span> <span class='ocrx_word' id='word_1_238' title='bbox 663 2774 790 2828; x_wconf 88' lang='lat' dir='ltr'><strong>ceteros.</strong></span> <span class='ocrx_word' id='word_1_239' title='bbox 836 2761 895 2848; x_wconf 80' lang='lat' dir='ltr'><strong>Qui</strong></span> <span class='ocrx_word' id='word_1_240' title='bbox 920 2785 1014 2850; x_wconf 79' lang='lat' dir='ltr'><strong>neque</strong></span> <span class='ocrx_word' id='word_1_241' title='bbox 1035 2766 1210 2852; x_wconf 89' lang='lat' dir='ltr'><strong>semetipsos</strong></span> 
     </span>
     <span class='ocr_line' id='line_1_26' title="bbox 61 2865 1211 2954; baseline 0.002 -22"><span class='ocrx_word' id='word_1_242' title='bbox 61 2868 237 2934; x_wconf 77' lang='lat' dir='ltr'><strong>execrandis</strong></span> <span class='ocrx_word' id='word_1_243' title='bbox 252 2865 371 2952; x_wconf 75' lang='lat' dir='ltr'><strong>flagitiis</strong></span> <span class='ocrx_word' id='word_1_244' title='bbox 388 2887 422 2929; x_wconf 87' lang='lat' dir='ltr'><strong>ao</strong></span> <span class='ocrx_word' id='word_1_245' title='bbox 441 2866 617 2930; x_wconf 77' lang='lat' dir='ltr'><strong>foedissimis</strong></span> <span class='ocrx_word' id='word_1_246' title='bbox 634 2867 809 2952; x_wconf 85' lang='lat' dir='ltr'><strong>usurpandis</strong></span> <span class='ocrx_word' id='word_1_247' title='bbox 828 2867 916 2931; x_wconf 91' lang='lat' dir='ltr'><strong>rebus</strong></span> <span class='ocrx_word' id='word_1_248' title='bbox 934 2869 1134 2954; x_wconf 87' lang='lat' dir='ltr'><strong>inquinarunt,</strong></span> <span class='ocrx_word' id='word_1_249' title='bbox 1159 2890 1211 2934; x_wconf 91' lang='lat' dir='ltr'><strong>ne-</strong></span> 
     </span>
     <span class='ocr_line' id='line_1_27' title="bbox 61 2969 1213 3057; baseline -0.003 -19"><span class='ocrx_word' id='word_1_250' title='bbox 61 2991 112 3057; x_wconf 72' lang='lat' dir='ltr'><strong>que</strong></span> <span class='ocrx_word' id='word_1_251' title='bbox 127 2981 214 3036; x_wconf 88' lang='lat' dir='ltr'><strong>reote</strong></span> <span class='ocrx_word' id='word_1_252' title='bbox 230 2989 248 3032; x_wconf 91' lang='lat' dir='ltr'><strong>a</strong></span> <span class='ocrx_word' id='word_1_253' title='bbox 262 2970 318 3032; x_wconf 88' lang='lat' dir='ltr'><strong>deo</strong></span> <span class='ocrx_word' id='word_1_254' title='bbox 333 2969 510 3033; x_wconf 80' lang='lat' dir='ltr'><strong>constitutae</strong></span> <span class='ocrx_word' id='word_1_255' title='bbox 525 2969 683 3032; x_wconf 91' lang='lat' dir='ltr'><strong>iiberorum</strong></span> <span class='ocrx_word' id='word_1_256' title='bbox 702 2989 755 3055; x_wconf 88' lang='lat' dir='ltr'><strong>per</strong></span> <span class='ocrx_word' id='word_1_257' title='bbox 770 2969 884 3055; x_wconf 83' lang='lat' dir='ltr'><strong>nuptias</strong></span> <span class='ocrx_word' id='word_1_258' title='bbox 902 2971 1099 3056; x_wconf 87' lang='lat' dir='ltr'><strong>procreationi</strong></span> <span class='ocrx_word' id='word_1_259' title='bbox 1118 2973 1213 3036; x_wconf 88' lang='lat' dir='ltr'><strong>reira-</strong></span> 
     </span>
     <span class='ocr_line' id='line_1_28' title="bbox 60 3070 1211 3159; baseline 0 -21"><span class='ocrx_word' id='word_1_260' title='bbox 60 3078 115 3159; x_wconf 76' lang='lat' dir='ltr'><strong>pati</strong></span> <span class='ocrx_word' id='word_1_261' title='bbox 132 3085 215 3140; x_wconf 87' lang='lat' dir='ltr'><strong>suut.</strong></span> <span class='ocrx_word' id='word_1_262' title='bbox 261 3070 368 3157; x_wconf 80' lang='lat' dir='ltr'><strong>Neque</strong></span> <span class='ocrx_word' id='word_1_263' title='bbox 385 3087 473 3156; x_wconf 85' lang='lat' dir='ltr'><strong>porro</strong></span> <span class='ocrx_word' id='word_1_264' title='bbox 490 3072 537 3155; x_wconf 90' lang='lat' dir='ltr'><strong>qui</strong></span> <span class='ocrx_word' id='word_1_265' title='bbox 555 3070 634 3134; x_wconf 91' lang='lat' dir='ltr'><strong>inter</strong></span> <span class='ocrx_word' id='word_1_266' title='bbox 649 3071 728 3156; x_wconf 89' lang='lat' dir='ltr'><strong>ipsos</strong></span> <span class='ocrx_word' id='word_1_267' title='bbox 748 3071 948 3136; x_wconf 86' lang='lat' dir='ltr'><strong>castimoniam</strong></span> <span class='ocrx_word' id='word_1_268' title='bbox 964 3095 998 3138; x_wconf 88' lang='lat' dir='ltr'><strong>ao</strong></span> <span class='ocrx_word' id='word_1_269' title='bbox 1015 3074 1211 3158; x_wconf 76' lang='lat' dir='ltr'><strong>virginitatem</strong></span> 
     </span>
     <span class='ocr_line' id='line_1_29' title="bbox 61 3172 1212 3262; baseline 0.001 -22"><span class='ocrx_word' id='word_1_270' title='bbox 61 3177 261 3252; x_wconf 85' lang='lat' dir='ltr'><strong>instituerant,</strong></span> <span class='ocrx_word' id='word_1_271' title='bbox 284 3174 453 3239; x_wconf 86' lang='lat' dir='ltr'><strong>certaminis</strong></span> <span class='ocrx_word' id='word_1_272' title='bbox 470 3174 552 3258; x_wconf 78' lang='lat' dir='ltr'><strong>ieges</strong></span> <span class='ocrx_word' id='word_1_273' title='bbox 568 3172 732 3251; x_wconf 75' lang='lat' dir='ltr'><strong>viciarum,</strong></span> <span class='ocrx_word' id='word_1_274' title='bbox 755 3184 821 3253; x_wconf 86' lang='lat' dir='ltr'><strong>aut,</strong></span> <span class='ocrx_word' id='word_1_275' title='bbox 845 3175 926 3239; x_wconf 90' lang='lat' dir='ltr'><strong>velut</strong></span> <span class='ocrx_word' id='word_1_276' title='bbox 941 3176 1109 3260; x_wconf 89' lang='lat' dir='ltr'><strong>quibusdam</strong></span> <span class='ocrx_word' id='word_1_277' title='bbox 1128 3198 1212 3262; x_wconf 89' lang='lat' dir='ltr'><strong>prae·</strong></span> 
     </span>
     <span class='ocr_line' id='line_1_30' title="bbox 60 3273 1352 3364; baseline -0.005 -20"><span class='ocrx_word' id='word_1_278' title='bbox 60 3279 171 3364; x_wconf 63' lang='lat' dir='ltr'><strong>nupia,</strong></span> <span class='ocrx_word' id='word_1_279' title='bbox 197 3278 272 3341; x_wconf 92' lang='lat' dir='ltr'><strong>bano</strong></span> <span class='ocrx_word' id='word_1_280' title='bbox 294 3273 411 3341; x_wconf 76' lang='lat' dir='ltr'><strong>uinctis</strong></span> <span class='ocrx_word' id='word_1_281' title='bbox 429 3275 672 3340; x_wconf 82' lang='lat' dir='ltr'><strong>exercitationem</strong></span> <span class='ocrx_word' id='word_1_282' title='bbox 696 3275 755 3340; x_wconf 88' lang='lat' dir='ltr'><strong>aiio</strong></span> <span class='ocrx_word' id='word_1_283' title='bbox 778 3277 864 3340; x_wconf 90' lang='lat' dir='ltr'><strong>modo</strong></span> <span class='ocrx_word' id='word_1_284' title='bbox 886 3289 1111 3344; x_wconf 88' lang='lat' dir='ltr'><strong>commutarunt.</strong></span> <span class='ocrx_word' id='word_1_285' title='bbox 1156 3279 1212 3343; x_wconf 78' lang='lat' dir='ltr'><strong>At·</strong></span> <span class='ocrx_word' id='word_1_286' title='bbox 1349 3331 1352 3338; x_wconf 91' lang='lat'>.</span> 
     </span>
     <span class='ocr_line' id='line_1_31' title="bbox 61 3379 1209 3467; baseline 0 -23"><span class='ocrx_word' id='word_1_287' title='bbox 61 3403 114 3466; x_wconf 81' lang='lat' dir='ltr'><strong>que</strong></span> <span class='ocrx_word' id='word_1_288' title='bbox 133 3381 221 3446; x_wconf 82' lang='lat' dir='ltr'><strong>Eiius</strong></span> <span class='ocrx_word' id='word_1_289' title='bbox 244 3399 318 3443; x_wconf 89' lang='lat' dir='ltr'><strong>sone</strong></span> <span class='ocrx_word' id='word_1_290' title='bbox 340 3379 428 3442; x_wconf 89' lang='lat' dir='ltr'><strong>urbes</strong></span> <span class='ocrx_word' id='word_1_291' title='bbox 451 3379 530 3464; x_wconf 88' lang='lat' dir='ltr'><strong>ipsus</strong></span> <span class='ocrx_word' id='word_1_292' title='bbox 553 3379 759 3463; x_wconf 88' lang='lat' dir='ltr'><strong>propemodum</strong></span> <span class='ocrx_word' id='word_1_293' title='bbox 784 3399 821 3442; x_wconf 90' lang='lat' dir='ltr'><strong>ne</strong></span> <span class='ocrx_word' id='word_1_294' title='bbox 843 3379 1061 3464; x_wconf 81' lang='lat' dir='ltr'><strong>ingrediebatur</strong></span> <span class='ocrx_word' id='word_1_295' title='bbox 1083 3381 1209 3467; x_wconf 86' lang='lat' dir='ltr'><strong>quidem,</strong></span> 
     </span>
     <span class='ocr_line' id='line_1_32' title="bbox 60 3480 1210 3563; baseline -0.002 -15"><span class='ocrx_word' id='word_1_296' title='bbox 60 3505 112 3548; x_wconf 87' lang='lat' dir='ltr'><strong>uec</strong></span> <span class='ocrx_word' id='word_1_297' title='bbox 129 3485 211 3550; x_wconf 89' lang='lat' dir='ltr'><strong>inter</strong></span> <span class='ocrx_word' id='word_1_298' title='bbox 226 3483 366 3547; x_wconf 89' lang='lat' dir='ltr'><strong>muiieres</strong></span> <span class='ocrx_word' id='word_1_299' title='bbox 381 3481 572 3558; x_wconf 75' lang='lat' dir='ltr'><strong>venabatur,</strong></span> <span class='ocrx_word' id='word_1_300' title='bbox 595 3480 647 3544; x_wconf 87' lang='lat' dir='ltr'><strong>sed</strong></span> <span class='ocrx_word' id='word_1_301' title='bbox 666 3481 696 3545; x_wconf 93' lang='lat' dir='ltr'><strong>in</strong></span> <span class='ocrx_word' id='word_1_302' title='bbox 712 3481 837 3546; x_wconf 84' lang='lat' dir='ltr'><strong>desertis</strong></span> <span class='ocrx_word' id='word_1_303' title='bbox 856 3483 928 3546; x_wconf 89' lang='lat' dir='ltr'><strong>iocis</strong></span> <span class='ocrx_word' id='word_1_304' title='bbox 946 3485 1063 3549; x_wconf 89' lang='lat' dir='ltr'><strong>assidue</strong></span> <span class='ocrx_word' id='word_1_305' title='bbox 1080 3483 1210 3563; x_wconf 83' lang='lat' dir='ltr'><strong>vivebat,</strong></span> 
     </span>
     <span class='ocr_line' id='line_1_33' title="bbox 61 3579 1212 3672; baseline -0.002 -22"><span class='ocrx_word' id='word_1_306' title='bbox 61 3586 303 3670; x_wconf 87' lang='lat' dir='ltr'><strong>quemadmodum</strong></span> <span class='ocrx_word' id='word_1_307' title='bbox 321 3581 458 3648; x_wconf 85' lang='lat' dir='ltr'><strong>Eiisaaus</strong></span> <span class='ocrx_word' id='word_1_308' title='bbox 474 3593 506 3647; x_wconf 87' lang='lat' dir='ltr'><strong>et</strong></span> <span class='ocrx_word' id='word_1_309' title='bbox 521 3579 665 3661; x_wconf 89' lang='lat' dir='ltr'><strong>ioannes,</strong></span> <span class='ocrx_word' id='word_1_310' title='bbox 690 3603 725 3648; x_wconf 89' lang='lat' dir='ltr'><strong>ao</strong></span> <span class='ocrx_word' id='word_1_311' title='bbox 741 3585 832 3648; x_wconf 88' lang='lat' dir='ltr'><strong>ceteri</strong></span> <span class='ocrx_word' id='word_1_312' title='bbox 857 3605 975 3661; x_wconf 88' lang='lat' dir='ltr'><strong>omnes,</strong></span> <span class='ocrx_word' id='word_1_313' title='bbox 1001 3587 1048 3672; x_wconf 86' lang='lat' dir='ltr'><strong>qui</strong></span> <span class='ocrx_word' id='word_1_314' title='bbox 1074 3595 1106 3650; x_wconf 91' lang='lat' dir='ltr'><strong>ot</strong></span> <span class='ocrx_word' id='word_1_315' title='bbox 1128 3603 1212 3671; x_wconf 89' lang='lat' dir='ltr'><strong>prae·</strong></span> 
     </span>
     <span class='ocr_line' id='line_1_34' title="bbox 61 3683 1212 3772; baseline -0.003 -20"><span class='ocrx_word' id='word_1_316' title='bbox 61 3689 139 3754; x_wconf 88' lang='lat' dir='ltr'><strong>eiare</strong></span> <span class='ocrx_word' id='word_1_317' title='bbox 156 3709 199 3754; x_wconf 84' lang='lat' dir='ltr'><strong>ex</strong></span> <span class='ocrx_word' id='word_1_318' title='bbox 214 3687 387 3771; x_wconf 74' lang='lat' dir='ltr'><strong>evangelieo</strong></span> <span class='ocrx_word' id='word_1_319' title='bbox 403 3683 511 3749; x_wconf 90' lang='lat' dir='ltr'><strong>domiui</strong></span> <span class='ocrx_word' id='word_1_320' title='bbox 528 3685 663 3750; x_wconf 89' lang='lat' dir='ltr'><strong>mandato</strong></span> <span class='ocrx_word' id='word_1_321' title='bbox 679 3685 823 3772; x_wconf 75' lang='lat' dir='ltr'><strong>insignem</strong></span> <span class='ocrx_word' id='word_1_322' title='bbox 840 3687 918 3753; x_wconf 91' lang='lat' dir='ltr'><strong>iliam</strong></span> <span class='ocrx_word' id='word_1_323' title='bbox 934 3687 1105 3752; x_wconf 87' lang='lat' dir='ltr'><strong>imitationis</strong></span> <span class='ocrx_word' id='word_1_324' title='bbox 1123 3707 1212 3769; x_wconf 84' lang='lat' dir='ltr'><strong>angs-</strong></span> 
     </span>
     <span class='ocr_line' id='line_1_35' title="bbox 60 3783 1315 3895; baseline 0 -43"><span class='ocrx_word' id='word_1_325' title='bbox 60 3791 132 3856; x_wconf 87' lang='lat' dir='ltr'><strong>iieae</strong></span> <span class='ocrx_word' id='word_1_326' title='bbox 153 3801 255 3856; x_wconf 89' lang='lat' dir='ltr'><strong>nutam</strong></span> <span class='ocrx_word' id='word_1_327' title='bbox 275 3801 361 3874; x_wconf 79' lang='lat' dir='ltr'><strong>atquo</strong></span> <span class='ocrx_word' id='word_1_328' title='bbox 385 3789 507 3853; x_wconf 88' lang='lat' dir='ltr'><strong>iormam</strong></span> <span class='ocrx_word' id='word_1_329' title='bbox 524 3788 741 3874; x_wconf 83' lang='lat' dir='ltr'><strong>exprimerent,</strong></span> <span class='ocrx_word' id='word_1_330' title='bbox 765 3790 939 3876; x_wconf 91' lang='lat' dir='ltr'><strong>semetipsos</strong></span> <span class='ocrx_word' id='word_1_331' title='bbox 957 3801 1076 3878; x_wconf 90' lang='lat' dir='ltr'><strong>propter</strong></span> <span class='ocrx_word' id='word_1_332' title='bbox 1089 3807 1212 3875; x_wconf 82' lang='lat' dir='ltr'><strong>regnum</strong></span> <span class='ocrx_word' id='word_1_333' title='bbox 1230 3783 1315 3895; x_wconf 50' lang='lat' dir='ltr'><strong>iffi</strong></span> 
     </span>
     <span class='ocr_line' id='line_1_36' title="bbox 60 3895 431 3960; baseline -0.016 -1"><span class='ocrx_word' id='word_1_334' title='bbox 60 3895 192 3960; x_wconf 77' lang='lat' dir='ltr'><strong>melecta</strong></span> <span class='ocrx_word' id='word_1_335' title='bbox 214 3899 431 3956; x_wconf 75' lang='lat' dir='ltr'><strong>castraverunt.</strong></span> 
     </span>
    </p>

    <p class='ocr_par' dir='ltr' id='par_1_4' title="bbox 60 3990 1212 4184">
     <span class='ocr_line' id='line_1_37' title="bbox 143 3990 1212 4081; baseline -0.004 -21"><span class='ocrx_word' id='word_1_336' title='bbox 143 3993 304 4062; x_wconf 84' lang='lat' dir='ltr'><strong>Postremo</strong></span> <span class='ocrx_word' id='word_1_337' title='bbox 318 3993 386 4058; x_wconf 90' lang='lat' dir='ltr'><strong>iicet</strong></span> <span class='ocrx_word' id='word_1_338' title='bbox 405 3991 546 4056; x_wconf 84' lang='lat' dir='ltr'><strong>mnitude</strong></span> <span class='ocrx_word' id='word_1_339' title='bbox 562 3990 653 4056; x_wconf 89' lang='lat' dir='ltr'><strong>bisin</strong></span> <span class='ocrx_word' id='word_1_340' title='bbox 671 3991 796 4056; x_wconf 88' lang='lat' dir='ltr'><strong>medinm</strong></span> <span class='ocrx_word' id='word_1_341' title='bbox 813 3993 920 4058; x_wconf 79' lang='lat' dir='ltr'><strong>afferre</strong></span> <span class='ocrx_word' id='word_1_342' title='bbox 939 3993 1100 4081; x_wconf 88' lang='lat' dir='ltr'><strong>possimos,</strong></span> <span class='ocrx_word' id='word_1_343' title='bbox 1124 4003 1155 4056; x_wconf 87' lang='lat' dir='ltr'><strong>et</strong></span> <span class='ocrx_word' id='word_1_344' title='bbox 1168 3992 1212 4056; x_wconf 93' lang='lat' dir='ltr'><strong>iu·</strong></span> 
     </span>
     <span class='ocr_line' id='line_1_38' title="bbox 60 4093 1211 4184; baseline -0.001 -23"><span class='ocrx_word' id='word_1_345' title='bbox 60 4099 151 4164; x_wconf 87' lang='lat' dir='ltr'><strong>baitis</strong></span> <span class='ocrx_word' id='word_1_346' title='bbox 168 4097 332 4184; x_wconf 86' lang='lat' dir='ltr'><strong>scripturae</strong></span> <span class='ocrx_word' id='word_1_347' title='bbox 352 4093 528 4160; x_wconf 83' lang='lat' dir='ltr'><strong>testimoniis</strong></span> <span class='ocrx_word' id='word_1_348' title='bbox 545 4105 577 4159; x_wconf 93' lang='lat' dir='ltr'><strong>et</strong></span> <span class='ocrx_word' id='word_1_349' title='bbox 592 4093 814 4159; x_wconf 86' lang='lat' dir='ltr'><strong>auctoritatibus</strong></span> <span class='ocrx_word' id='word_1_350' title='bbox 829 4093 943 4159; x_wconf 88' lang='lat' dir='ltr'><strong>iiinsam</strong></span> <span class='ocrx_word' id='word_1_351' title='bbox 965 4093 1114 4160; x_wconf 86' lang='lat' dir='ltr'><strong>adiaboio</strong></span> <span class='ocrx_word' id='word_1_352' title='bbox 1130 4115 1211 4160; x_wconf 89' lang='lat' dir='ltr'><strong>meu-</strong></span> 
     </span>
    </p>
   </div>
   <div class='ocr_carea' id='block_1_3' title="bbox 61 4314 1214 4592">
    <p class='ocr_par' dir='ltr' id='par_1_5' title="bbox 61 4314 1213 4388">
     <span class='ocr_line' id='line_1_39' title="bbox 61 4314 1213 4388; baseline -0.001 -17"><span class='ocrx_word' id='word_1_353' title='bbox 61 4317 164 4371; x_wconf 80' lang='lat' dir='ltr'><strong>Domini</strong></span> <span class='ocrx_word' id='word_1_354' title='bbox 189 4315 373 4370; x_wconf 78' lang='lat' dir='ltr'><strong>mdimtioneru</strong></span> <span class='ocrx_word' id='word_1_355' title='bbox 398 4315 494 4387; x_wconf 86' lang='lat' dir='ltr'><strong>aeiproa</strong></span> <span class='ocrx_word' id='word_1_356' title='bbox 517 4327 624 4388; x_wconf 89' lang='lat' dir='ltr'><strong>propter</strong></span> <span class='ocrx_word' id='word_1_357' title='bbox 656 4319 709 4370; x_wconf 85' lang='lat' dir='ltr'><strong>beot</strong></span> <span class='ocrx_word' id='word_1_358' title='bbox 724 4314 807 4385; x_wconf 63' lang='lat' dir='ltr'><strong>duride</strong></span> <span class='ocrx_word' id='word_1_359' title='bbox 825 4333 906 4370; x_wconf 75' lang='grc' dir='ltr'><strong>ουσαν.</strong></span> <span class='ocrx_word' id='word_1_360' title='bbox 939 4319 968 4368; x_wconf 76' lang='lat' dir='ltr'><strong>st</strong></span> <span class='ocrx_word' id='word_1_361' title='bbox 984 4318 1111 4370; x_wconf 77' lang='lat' dir='ltr'><strong>comorius</strong></span> <span class='ocrx_word' id='word_1_362' title='bbox 1132 4322 1213 4370; x_wconf 73' lang='lat' dir='ltr'><strong>eamd:</strong></span> 
     </span>
    </p>

    <p class='ocr_par' dir='ltr' id='par_1_6' title="bbox 61 4335 1214 4524">
     <span class='ocr_line' id='line_1_40' title="bbox 61 4335 1212 4456; baseline 0 -18"><span class='ocrx_word' id='word_1_363' title='bbox 61 4403 165 4456; x_wconf 71' lang='lat' dir='ltr'><strong>reguum</strong></span> <span class='ocrx_word' id='word_1_364' title='bbox 184 4386 231 4438; x_wconf 86' lang='lat' dir='ltr'><strong>Dei</strong></span> <span class='ocrx_word' id='word_1_365' title='bbox 248 4395 394 4438; x_wconf 67' lang='lat' dir='ltr'><strong>mmet.</strong></span> <span class='ocrx_word' id='word_1_366' title='bbox 657 4403 687 4436; x_wconf 83' lang='lat' dir='ltr'><strong>ex</strong></span> <span class='ocrx_word' id='word_1_367' title='bbox 703 4385 787 4437; x_wconf 84' lang='lat' dir='ltr'><strong>mrdtia</strong></span> <span class='ocrx_word' id='word_1_368' title='bbox 808 4335 904 4438; x_wconf 79' lang='lat' dir='ltr'><strong>diuinae</strong></span> <span class='ocrx_word' id='word_1_369' title='bbox 925 4383 1063 4454; x_wconf 86' lang='lat' dir='ltr'><strong>scripturae</strong></span> <span class='ocrx_word' id='word_1_370' title='bbox 1080 4403 1212 4455; x_wconf 79' lang='lat' dir='ltr'><strong>argumen-</strong></span> 
     </span>
     <span class='ocr_line' id='line_1_41' title="bbox 91 4453 1214 4524; baseline -0.005 -14"><span class='ocrx_word' id='word_1_371' title='bbox 91 4459 116 4510; x_wconf 75' lang='lat' dir='ltr'><strong>d.</strong></span> <span class='ocrx_word' id='word_1_372' title='bbox 142 4453 330 4524; x_wconf 61' lang='lat' dir='ltr'><strong>&amp;timoratis</strong></span> <span class='ocrx_word' id='word_1_373' title='bbox 354 4465 409 4506; x_wconf 81' lang='lat' dir='ltr'><strong>mes</strong></span> <span class='ocrx_word' id='word_1_374' title='bbox 434 4459 467 4507; x_wconf 82' lang='lat' dir='ltr'><strong>est</strong></span> <span class='ocrx_word' id='word_1_375' title='bbox 489 4457 625 4507; x_wconf 83' lang='lat' dir='ltr'><strong>emendatio.</strong></span> <span class='ocrx_word' id='word_1_376' title='bbox 659 4454 706 4516; x_wconf 84' lang='lat' dir='ltr'><strong>tia,</strong></span> <span class='ocrx_word' id='word_1_377' title='bbox 732 4453 817 4522; x_wconf 81' lang='lat' dir='ltr'><strong>qnasi</strong></span> <span class='ocrx_word' id='word_1_378' title='bbox 836 4469 919 4506; x_wconf 86' lang='lat' dir='ltr'><strong>rorum</strong></span> <span class='ocrx_word' id='word_1_379' title='bbox 935 4464 1044 4506; x_wconf 84' lang='lat' dir='ltr'><strong>mentem</strong></span> <span class='ocrx_word' id='word_1_380' title='bbox 1063 4453 1214 4522; x_wconf 77' lang='lat' dir='ltr'><strong>redarguunt</strong></span> 
     </span>
    </p>

    <p class='ocr_par' dir='ltr' id='par_1_7' title="bbox 62 4521 1103 4592">
     <span class='ocr_line' id='line_1_42' title="bbox 62 4521 1103 4592; baseline -0.003 -16"><span class='ocrx_word' id='word_1_381' title='bbox 62 4527 175 4577; x_wconf 67' lang='lat' dir='ltr'><strong>mars</strong></span> <span class='ocrx_word' id='word_1_382' title='bbox 195 4527 287 4576; x_wconf 69' lang='lat' dir='ltr'><strong>sumu</strong></span> <span class='ocrx_word' id='word_1_383' title='bbox 305 4521 449 4592; x_wconf 71' lang='grc' dir='ltr'><strong>διιλὲγχιιν.</strong></span> <span class='ocrx_word' id='word_1_384' title='bbox 492 4527 559 4578; x_wconf 76' lang='lat' dir='ltr'><strong>ueri</strong></span> <span class='ocrx_word' id='word_1_385' title='bbox 582 4525 625 4576; x_wconf 82' lang='lat' dir='ltr'><strong>bo·</strong></span> <span class='ocrx_word' id='word_1_386' title='bbox 659 4521 816 4575; x_wconf 85' lang='lat' dir='ltr'><strong>adiaboio&#39;</strong></span> <span class='ocrx_word' id='word_1_387' title='bbox 838 4537 906 4573; x_wconf 73' lang='lat' dir='ltr'><strong>amm</strong></span> <span class='ocrx_word' id='word_1_388' title='bbox 922 4529 972 4574; x_wconf 87' lang='lat' dir='ltr'><strong>eett.</strong></span> <span class='ocrx_word' id='word_1_389' title='bbox 1099 4531 1103 4540; x_wconf 95' lang='grc'><strong>’</strong></span> 
     </span>
    </p>
   </div>
   <div class='ocr_carea' id='block_1_4' title="bbox 944 4607 1012 4676">
    <p class='ocr_par' dir='ltr' id='par_1_8' title="bbox 944 4607 1012 4676">
     <span class='ocr_line' id='line_1_43' title="bbox 944 4607 1012 4676; baseline 0 0"><span class='ocrx_word' id='word_1_390' title='bbox 944 4607 1012 4676; x_wconf 81' lang='lat'><strong>15*</strong></span> 
     </span>
    </p>
   </div>
   <div class='ocr_carea' id='block_1_5' title="bbox 0 0 1576 4934">
    <p class='ocr_par' dir='ltr' id='par_1_9' title="bbox 0 0 1576 4934">
     <span class='ocr_line' id='line_1_44' title="bbox 0 0 1576 4934; baseline 0 0"><span class='ocrx_word' id='word_1_391' title='bbox 0 0 1576 4934; x_wconf 95' lang='lat' dir='ltr'><strong> </strong></span> 
     </span>
    </p>
   </div>
  </div>
 </body>
</html>
