3176 4930
338 222 400 285 306
767 232 888 284 ελνοτι
906 229 1076 284 amman

338 349 469 436 άγγελον,
492 353 549 435 είγε
564 347 684 434 άγγελον
700 347 753 415 τδν
768 347 933 433 άνθρωπον
948 351 999 414 καί
1015 346 1072 414 οάκ
1089 345 1255 430 άνθρωπον
1269 349 1409 432 γενέσθαι
1423 347 1492 432 ήθί·

337 461 438 534 λησενς
479 450 532 528 Ὡς
548 448 781 534 οιίδυνάμενοςς
804 450 987 533 βλάσφημον.
1035 447 1142 516 mu&
1160 447 1332 532 ἀνεβάλλετο
1351 454 1422 534 περλ
1442 459 1491 518 τοῦ

336 559 502 638 κρείττονος
523 553 555 619 ιδ
579 563 677 638 χεῖρον
701 561 810 631 ποιεῖνς
832 556 882 618 καί
901 561 989 618 τοῦτο
1008 551 1130 618 άεοπον.
1178 550 1252 618 Οὕεε
1275 551 1331 636 γάρ
1345 553 1492 634 ,διασφάλὲ

335 664 412 722 λεται
436 659 504 742 περὶ
528 653 585 722 4τό
609 665 705 721 ποιεῖν
727 654 761 720 εδ
788 655 894 733 καλὸν,
923 653 992 721 οίίιε
1015 653 1226 738 οἷναβάλλεται,
1253 653 1322 721 σάτα
1342 653 1492 732 άδυνατεῖ,

322 755 408 824 ·άλλά
423 762 473 824 καί
493 755 535 834 νίς
550 761 630 825 θέλει
647 760 698 822 καλ
716 757 765 822 ὅτε
784 760 865 824 θίλει
883 756 917 823 ιδ
936 757 1086 822 δυ’νασθαι
1107 760 1165 840 λ’γει
1187 757 1321 838 δύναμις
1335 756 1386 824 ἄν.
1435 755 1490 822 Ου’·

336 869 411 928 κοῦν
435 858 512 927 εἰναι
533 861 586 928 εδν
609 860 774 945 άνθρωπον
796 858 959 946 άνθρωπον
982 861 1080 926 θέλων
1099 863 1129 937 ἐξ
1148 857 1239 944 άργής
1260 862 1384 925 ἔκτισεν·
1414 862 1443 924 εἰ
1461 861 1492 926 δλ
1573 899 1574 932 1

336 965 450 1042 θέλων,
471 966 552 1030 θέλει
568 965 600 1028 δὲ
615 961 648 1030 ιδ
665 960 770 1038 καλδν,
793 961 883 1028 καλδν
900 963 933 1028 δὲ
948 959 965 1027 ὁ
980 960 1162 1046 ἅνθρωπος,
1184 961 1346 1047 ἅνθρωπος
1361 963 1393 1028 δὲ
1412 961 1446 1028 ιδ
1460 964 1492 1028 ἐκ

335 1073 437 1148 ψυχῆς
450 1069 501 1132 καί
520 1065 656 1148 σώματος
671 1067 781 1150 λίγειαι
798 1065 957 1143 συντεθὲν,
978 1062 1035 1130 οάκ
1052 1067 1131 1131 ἔσται
1150 1061 1208 1148 άρα
1222 1063 1307 1140 ἰκτδς
1322 1062 1492 1146 σάματοςδ

335 1163 516 1254 άνθρωπος,
541 1166 638 1234 ῦάλλά
656 1166 729 1249 μετά
749 1167 901 1250 σώματος,
924 1163 1033 1249 ἵναμή
1051 1165 1135 1242 άλλος
1157 1167 1322 1250 άνθρωπος
1336 1163 1421 1251 παρά
1441 1165 1492 1232 τδν

307 1263 309 1268 ’
335 1271 501 1356 άνθρωπον
515 1279 658 1360 γεννηθῇ.
701 1277 758 1335 Δεῖ
779 1268 835 1355 γάρ
858 1277 899 1358 τῷ
916 1272 978 1356 θεῷ
995 1268 1031 1334 τά
1048 1266 1186 1336 α’θάναια
1207 1271 1276 1354 γένη
1294 1267 1391 1335 πάντα
1412 1267 1491 1334 6σά·

181 1894 317 2032 ειγέεγγ.

196 2833 247 2879 μσς.
259 2823 305 2870 λεί.

334 1381 445 1452 ζεσθαι.
471 1372 589 1440 ’Έκτισε
603 1371 670 1459 γάρ,
690 1374 765 1454 φησί
778 1370 799 1453 ή
810 1377 924 1454 Σοφία,
941 1370 994 1438 τάν
1006 1370 1171 1456 άνθρωπον
1185 1369 1204 1438 δ
1219 1369 1292 1448 θεάς
1304 1373 1356 1436 ἰπλ
1369 1369 1491 1454 άφθαρ-

335 1481 402 1566 σίμ,
432 1475 635 1542 7νιαλέἰκούα
660 1483 712 1558 τῆς
738 1478 816 1550 ἰδίας
840 1471 1009 1556 άϊδιόσητος
1033 1477 1172 1556 ἐποίησεν
1198 1472 1298 1540 αὐτόν.
1346 1471 1413 1546 ΟιίιιΙ
1434 1471 1491 1556 άρα

335 1578 494 1647 άπόλλυιαι
516 1578 550 1644 ιδ
574 1586 666 1662 σῶμα.
709 1575 743 1642 Ὁ
765 1576 820 1663 γάρ
843 1575 1005 1662 ι’ίνθρωπος
1026 1579 1059 1642 ἐκ
1080 1583 1180 1660 ψυχῆς
1201 1579 1252 1642 καλ
1273 1574 1419 1659 σώματος.

421 1886 478 1952 Διδ
500 1889 672 1968 ἐπίστησον,
696 1883 737 1961 ιδς
759 1883 777 1951 ὁ
801 1885 904 1972 κάρτος
924 1884 959 1951 τά
979 1882 1056 1953 αάιά
1077 1891 1194 1950 ισπεῖσαι.
1210 1883 1361 1952 διδάσκειν
1383 1887 1490 1962 θέλων,

335 1989 377 2072 μή
395 1986 595 2054 πιστευόντων
612 1991 828 2056 Σαδδουκαίων
847 1991 888 2063 εἰς
902 1987 957 2071 τήν
971 1985 1130 2052 άνάστασιν
1148 1993 1201 2070 τῆς
1221 1987 1338 2071 σαρκός,
1384 1987 1490 2072 Δόγμα

334 2091 493 2177 γάρτοῦτο
510 2094 735 2156 Σαδδουκαίων.
759 2089 856 2156 Ὅθεν
872 2087 1122 2172 συσκευασάμενοι
1138 2087 1192 2170 τήν
1207 2088 1281 2154 κατά
1294 2087 1349 2171 τήν
1362 2099 1490 2175 γυναῖκα

333 2195 384 2258 καί
399 2191 470 2269 τούς
484 2191 557 2258 ίπτά
572 2191 718 2275 άδελφοιλς
731 2191 916 2278 παραβολήν,
937 2195 988 2258 ’ίνα
1002 2191 1054 2258 σιίν
1068 2195 1136 2276 περὶ
1149 2189 1337 2268 άνασιάσεως
1350 2199 1490 2277 ιήςσαρ-

331 2293 385 2372 κδς
400 2295 487 2382 λόγον
500 2291 691 2382 άπορήσωσι,
715 2302 896 2379 Προςήλθον
910 2293 1007 2382 αὐτῷ,
1030 2296 1120 2377 φησί,
1141 2295 1193 2359 καλ
1209 2297 1425 2374 Σαδδουκαῖοι,
1445 2299 1489 2360 λί-

331 2424 431 2486 γοντες
445 2395 606 2466 άνάστασιν
621 2397 662 2482 μή
678 2394 760 2464 εἰναι.
803 2395 836 2462 Ὁ
853 2389 908 2464 οὖν
925 2395 1069 2482 Χρισιδς,
1093 2399 1120 2462 εἰ
1135 2395 1175 2479 μή
1192 2387 1231 2479 ἦν
1246 2391 1407 2472 διάστασις
1421 2418 1490 2480 σαρ-

331 2501 400 2580 κδς,
423 2497 495 2568 άλλά
521 2500 614 2585 μόνον
637 2497 758 2578 λσοίζετο
778 2498 877 2582 ψυχή,
899 2502 1041 2566 συνέθετο
1062 2497 1099 2564 άν
1120 2495 1237 2576 αὐτοῖς,
1260 2495 1301 2574 τάς
1320 2506 1417 2573 καλῶς
1439 2501 1490 2564 καί

332 2601 435 2689 ὀρθαῖς
450 2611 611 2690 φρονοῦσι·
634 2605 702 2668 νυυί
716 2603 748 2668 δὲ
762 2600 962 2684 άποκρίνεται,
984 2604 1086 2687 λέγων,
1108 2598 1157 2667 Ἐν
1172 2605 1208 2688 τῇ
1222 2595 1407 2668 λάνοσιάσει
1422 2599 1489 2666 οὔτε

330 2713 492 2792 γαμοῦσιν,
516 2704 584 2772 οὔτε
605 2710 813 2792 γαμίσκονται,
836 2701 893 2768 ἄλλ’
912 2701 956 2779 (ε’ς,
968 2701 1083 2790 άγγελοι
1100 2706 1133 2768 ἰν
1149 2701 1269 2792 ου’ρανρῖ
1284 2705 1372 2770 είσιυ’
1395 2701 1434 2768 οὖ
1448 2709 1488 2790 τιγῖ

332 2806 427 2892 σάρκα
442 2806 483 2890 μή
499 2810 590 2891 ἔχειν,
613 2805 683 2872 άλλά
698 2815 746 2894 τῷ
757 2805 798 2890 μή
815 2815 918 2891 γαμεῖν
938 2808 989 2872 καὶ
1008 2815 1182 2892 γαμεῖσθαι,
1204 2801 1277 2872 άλλά
1292 2802 1367 2870 εἰναι
1384 2803 1488 2872 λοιπδι

330 2912 363 2975 ἐν
384 2907 548 2997 άφθαρσίᾳ.
593 2913 654 2974 Καί
669 2931 761 2992 φησιν
778 2907 910 2994 α’γγίλοις
926 2907 1001 2974 κατά
1022 2916 1109 2975 τοῦτο
1133 2910 1484 2994 8παραπλησιασθείιτας,

329 3011 368 3078 ἵν’
383 3011 478 3096 ὥςπερ
495 3016 527 3077 οἱ
539 3008 653 3098 ἄγγελοι
670 3014 702 3078 ἰν
717 3019 759 3100 τῷ
776 3009 903 3101 οὐρανῷ,
926 3011 1021 3088 οὕτως
1036 3014 1087 3077 καλ
1106 3009 1187 3095 ἡμεῖς
1203 3013 1235 3076 ἐν
1249 3017 1291 3098 τῷ
1309 3014 1485 3098 Παραδείσμ

331 3113 404 3198 μήτε
416 3112 525 3200 γάμοις
540 3111 561 3197 ή
579 3117 741 3189 εἰλαπίναις
757 3116 797 3180 ἔτι
814 3113 1010 3198 σχολάζοντες,
1032 3111 1103 3180 α’λλά
1121 3121 1200 3178 4τοῦ
1214 3115 1333 3196 βλέπειν
1346 3112 1400 3180 τάν
1413 3111 1487 3178 θεάν

330 3218 382 3281 καλ
399 3223 537 3304 γεωργεῖν
560 3215 615 3299 τήν
636 3215 729 3298 ζωήν,
758 3214 995 3304 πρυτανεύοντος
1010 3213 1082 3299 ήμῖν
1102 3223 1155 3282 τοῦ
1177 3222 1315 3301 Χριστοῦ.
1363 3213 1410 3282 Οιί
1431 3213 1484 3300 γάρ

307 3304 426 3400 ἐἰπεν,
448 3318 590 3386 Ἔσονται
607 3316 735 3404 άγγελοι,
758 3316 827 3398 ἄλλ’,
855 3316 907 3396 Ὡς
928 3318 1059 3404 ἰὶγγελοι,
1081 3316 1147 3386 οἰον
1168 3319 1241 3408 δόξη
1263 3320 1316 3400 μλν
1333 3320 1386 3384 καί
1408 3323 1485 3405 τιμῇ,

329 3420 405 3486 κατά
423 3419 457 3488 ἰδ
475 3423 691 3508 γεγραμμένον,
714 3423 965 3503 ἐστεφανωμένοι,
993 3419 1088 3508 βραγά
1111 3423 1144 3488 δέ
1160 3448 1188 3488 τι
1210 3419 1291 3506 παρά
1311 3419 1384 3497 τοάς
1406 3418 1483 3506 άγγλ·

330 3531 401 3600 λους
422 3522 654 3603 διαλλάσσοντες,
677 3526 726 3589 καί
746 3522 832 3608 ἰγγάς
853 3522 935 3599 ι’ίνιες
953 3531 1007 3588 τοῦ
1027 3521 1102 3589 εἰναι
1121 3521 1244 3610 άγγελοι
1289 3523 1440 3608 Καθάπερ
1461 3523 1487 3585 εἰ

328 3627 439 3712 ἔλεγεν,
461 3625 553 3709 οάσης
566 3624 699 3703 εὐταξίας
714 3623 790 3690 κατά
806 3623 857 3691 τὸν
881 3623 953 3710 άίρα
973 3628 1023 3692 καλ
1043 3625 1186 3712 γαλήνης,
1211 3627 1286 3692 θειαλ
1306 3625 1416 3702 νυκτδς
1435 3626 1481 3690 καλ

329 3727 450 3796 πάντων
467 3737 531 3817 θεῷ
547 3737 599 3814 τῆς
616 3727 738 3810 σελήνης
754 3731 878 3816 αἰθερίῳ
895 3729 974 3807 φοιτλ
989 3731 1225 3812 κεκοσμημένων,
1246 3725 1284 3792 Ἡ
1296 3727 1403 3811 σελήνη
1419 3731 1482 3810 φαί-

329 3856 374 3896 νει
389 3828 429 3906 οάς
446 3829 464 3897 o‘
479 3831 577 3915 ήλιος,
599 3833 648 3902 καί
667 3827 705 3894 οιί
722 3827 841 3904 πάντως
855 3827 893 3894 άν
911 3829 994 3913 ήλιον
1011 3827 1085 3896 εἶναι
1102 3829 1155 3914 τήν
1176 3828 1298 3913 σελήνην
1313 3827 1481 3916 άπομαρτν·

331 3942 392 4020 ρεῖν
408 3931 499 4000 αιίτάν
517 3935 654 4020 λέγομεν,
677 3929 736 3997 α’λλ’
755 3928 795 4008 νίς
811 3931 905 4014 ήλιον.
937 3931 1053 4016 ’Ώςπερ
1073 3935 1124 3999 καλ
1142 3932 1176 4000 εδ
1199 3932 1240 4016 μή
1262 3929 1399 4019 ὑπάρχον
1418 3959 1481 4018 γρυ-

363 4123 388 4176 3.
405 4119 459 4178 ἀλλ’
477 4127 587 4176 θολλοοά.
924 4121 1000 4190 θεὸς,
1026 4121 1105 4190 φησὶν
1125 4120 1262 4190 ήΣοφία,
1288 4119 1332 4176 τδν
1354 4115 1425 4190 άνθρ.
1440 4120 1479 4174 ἰπὶ

363 4188 387 4242 4.
405 4193 448 4244 τοῦ
463 4198 541 4246 ποιεῖν
559 4195 670 4244 Genaua.
922 4187 985 4260 α’φῖσ.

362 4259 386 4308 5.
405 4263 479 4310 verbu
495 4255 559 4314 άλλά
575 4258 638 4326 μεταλ
654 4257 772 4326 σώματος
786 4275 834 4312 κου
843 4263 886 4310 λο-
953 4260 979 4313 7.
995 4253 1051 4312 κατ’
1066 4256 1153 4314 εἰκόνα
1168 4263 1334 4323 suspicabatur
1348 4263 1459 4312 Ρτλοιῖυι.

329 4327 364 4378 δελ
381 4329 491 4378 (ίαίἰαιιιλ.
957 4328 1015 4378 Cn.
1032 4329 1116 4378 XLII.
1136 4357 1170 4370 -
1206 4334 1228 4384 λ.
1252 4328 1334 4382 ταῦτα
1358 4345 1402 4380 m
1423 4329 1478 4378 Gal·

362 4391 386 4445 6.
404 4397 499 4445 Plenius
515 4397 625 4448 σσλλααδ.
652 4389 796 4458 σώζεσθαι·
821 4389 886 4448 αἰθά-
920 4397 985 4447 λσοιλ

328 4479 398 4516 νατον
421 4459 451 4516 δὲ
473 4456 488 4514 α’
514 4456 652 4529 ἄνθρωπος,
687 4463 772 4518 ἔκτισε
797 4459 846 4532 γάρ
871 4457 886 4518 δ
954 4465 980 4518 2.
1000 4458 1140 4520 ἀναστάσει
1154 4465 1311 4532 τῶννεκροῖν
1330 4466 1435 4518 θαλίαισι
