3148 4938
359 233 1005 290 runnnums.1r.·ron.1r.usennxvn.
1209 221 1271 286 ιιι

109 359 218 424 itinere
239 378 293 445 per
310 357 475 445 periculosa
502 357 566 420 loca
584 357 739 433 conlecto,
770 375 860 440 aegre
877 353 1114 440 amphisbaenam
1136 353 1215 422 illam
1237 373 1272 418 ae

109 461 340 540 cenchritidem,
371 460 488 524 letalem
511 457 644 544 inprimis
671 457 795 522 bestiam
819 456 988 534 evasimus,
1017 478 1091 542 qnae
1115 459 1272 525 multarum

111 583 209 628 rernm
232 561 469 627 similitudinibus
485 560 637 644 variegata
653 568 829 622 contuentes
844 557 963 644 decipit.
994 556 1043 622 Eu
1061 559 1164 642 quibua
1179 561 1273 624 omni·

109 665 167 730 bns
193 665 275 729 velut
296 647 453 729 eonllatnm
477 671 508 726 ιι
531 661 678 726 occultum
701 659 846 724 mortileri
870 661 1006 725 inaenleo
1030 661 1138 726 veneni
1161 664 1274 727 iontem

111 768 255 831 eontinet.
300 761 497 830 Mauielraeus
513 765 591 829 enim
612 784 677 828 enm
698 762 857 848 gentilibus
874 761 993 847 gentilis
1011 773 1074 842 est,
1107 783 1143 827 ae
1164 764 1270 843 solem,

107 868 229 948 lunam,
252 869 368 947 sidera,
399 869 618 950 daemonesque
640 876 819 944 veneratur,
847 865 983 949 gentilis,
1007 867 1143 949 inquam,
1168 876 1273 944 est,o

108 971 274 1048 carissimi,
298 968 421 1053 eiusque
438 979 519 1033 secta
538 967 723 1034 Graecorum
743 966 971 1053 superstitiones
989 967 1096 1046 tradit3
1120 988 1273 1052 magorum

108 1092 228 1156 qnoque
250 1071 426 1158 praestigias
452 1071 672 1155 complectitur,
703 1070 733 1134 in
761 1071 856 1153 iisque
886 1069 1052 1147 volutatur,
1087 1079 1274 1136 aauouomos

107 1174 224 1254 laudat,
255 1196 378 1258 quornm
397 1174 530 1240 curiosas
552 1184 633 1236 artes
651 1171 855 1258 persequitur,
883 1191 917 1236 ae
939 1169 1032 1236 verbo
1054 1181 1140 1236 tenus
1160 1168 1273 1236 Christi

109 1274 231 1340 nomine
250 1275 405 1362 gloriatur.
452 1273 486 1340 ln
503 1296 561 1360 quo
581 1273 771 1340 eetvobritidis
788 1272 935 1338 simillima
954 1285 1012 1354 est,
1036 1293 1111 1358 quae
1125 1273 1271 1340 occultato

110 1398 230 1442 veneno
247 1379 393 1443 varietate
409 1399 463 1442 sna
481 1374 573 1456 lollit,
597 1387 685 1461 atque
697 1375 777 1440 inter
792 1375 876 1440 varia
893 1376 1001 1440 fruteta
1014 1395 1152 1456 versans,
1175 1397 1274 1442 rernm

106 1479 240 1545 omnium
267 1481 372 1566 quibas
393 1479 572 1544 circumdata
599 1489 644 1542 est
668 1478 889 1543 similitudinem
913 1477 1065 1562 exprimit.
1110 1476 1274 1544 Enimvero

106 1593 301 1669 posteaquam
320 1583 367 1648 dei
387 1601 443 1668 ope
460 1601 494 1644 ae
514 1581 650 1644 veritatis
671 1581 766 1659 fuste,
790 1599 845 1644 nec
864 1600 922 1644 ιιι
946 1589 976 1643 ιι
995 1575 1109 1644 Christi
1130 1581 1274 1666 sanquine

107 1705 147 1748 ac
164 1706 307 1772 corpore,
338 1685 413 1768 qnod
437 1704 477 1748 ex
492 1681 592 1748 Maria
616 1703 723 1748 revera
749 1693 848 1746 uatum
867 1692 931 1761 est,
963 1703 999 1746 ao
1021 1693 1203 1748 mortuorum
1226 1705 1275 1748 re·

106 1787 318 1866 surrectionis,
343 1797 373 1850 at
387 1785 475 1851 unius
497 1785 686 1868 eiusdemque
703 1785 750 1848 dei
767 1784 968 1860 confessione,
992 1789 1127 1848 dmoom's
1142 1789 1222 1848 illius
1238 1791 1268 1850 ιιι
1283 1800 1323 1846 ιι.
1334 1803 1414 1858 n,1a.

105 1895 193 1972 aqna's
213 1902 302 1971 capnt
316 1891 524 1972 confregimus,
551 1887 606 1950 boc
622 1897 686 1965 est,
719 1885 920 1970 multicipitem
940 1885 1021 1951 illam
1041 1886 1178 1952 baeresim
1202 1887 1275 1956 ellu-

107 1992 265 2076 gavimus,
289 2002 434 2077 caputque
449 1988 691 2068 comminuimus,
716 1998 876 2074 perpetuae
901 1990 1024 2074 primum
1044 1988 1196 2054 habendae
1218 1991 1274 2057 deo

106 2095 224 2177 gratiae
246 2103 333 2174 sunt,
363 2105 425 2158 tum
442 2093 478 2156 ad
501 2101 617 2156 ceteras
635 2091 774 2175 deinceps
798 2092 1030 2176 properandum,
1060 2091 1102 2156 ita
1127 2103 1159 2156 ut
1179 2113 1196 2156 a
1219 2094 1275 2159 deo

105 2194 257 2282 supplices
279 2195 479 2281 postulemus,
504 2204 625 2258 nostrae
644 2203 675 2256 ιι
693 2191 885 2258 imbecillitati
900 2205 1073 2273 streonrrat,
1098 2205 1130 2258 ιι
1145 2195 1181 2260 iis
1198 2217 1274 2280 qnae

106 2297 297 2382 suscepimus
319 2296 462 2362 absolutis
486 2295 694 2360 cumulationes
716 2296 811 2360 eidem
834 2296 947 2360 referre
970 2296 1129 2380 possimus.

287 2519 632 2598 ADVERSUS
670 2516 1101 2613 mumolane,

322 2665 405 2738 quae
423 2649 475 2717 est
494 2641 644 2716 haeresis
661 2639 826 2760 xtvtt,
852 2641 906 2715 val
923 2639 1069 2716 LXVII.

193 2807 268 2876 Post
290 2811 451 2896 improbam
475 2810 572 2887 illam,
603 2831 638 2874 ac
660 2830 732 2896 prae
755 2811 833 2873 omni
859 2809 917 2872 alia
940 2809 1056 2874 haeresi
1078 2802 1269 2891 virulentam,
1296 2823 1355 2894 cap.
1372 2825 1392 2876 t.

102 2914 320 2998 serpentinam·
339 2925 370 2977 et
389 2913 573 2976 barbaricam
600 2909 769 2976 lllaniebaei
794 2911 955 2976 doctrinam
984 2911 1130 2976 Hieracas
1158 2913 1274 2997 qnidam

103 3014 227 3080 nomine
244 3015 369 3101 prodiit,
394 3037 411 3080 a
429 3035 488 3099 qno
509 3011 680 3078 lliosaoitae
694 3014 835 3079 nominati
850 3025 931 3078 sunt.
968 3011 1025 3078 llio
1041 3014 1071 3078 iu
1088 3015 1195 3100 oppido
1211 3016 1273 3080 Αι-

102 3117 188 3202 gypti
216 3114 375 3182 Leontone
399 3117 494 3196 vixit,
528 3115 747 3181 bumauioribns
774 3114 868 3180 literis
893 3115 1028 3200 inprimis
1055 3117 1206 3196 eruditus,
1238 3141 1274 3182 ae

102 3217 293 3285 Graecorum
307 3219 481 3307 disciplinis,
505 3217 737 3304 praesertimque
755 3219 900 3283 medicina
917 3229 948 3282 et
966 3217 1031 3282 aliis
1048 3217 1162 3283 artibus
1178 3219 1273 3285 imbu-

103 3333 168 3400 tus,
192 3323 228 3386 ad
249 3343 321 3408 quas
338 3323 553 3410 Aegyptiorum
571 3341 689 3404 quoqne
705 3321 867 3385 doctrinam
885 3319 1075 3384 adiunxerat.
1107 3320 1154 3384 Αι
1172 3324 1274 3387 neseio

104 3445 146 3490 an
174 3433 204 3488 et
222 3425 423 3490 astronomiae
449 3446 483 3488 ao
508 3423 686 3508 magicarum
708 3423 816 3486 artium
840 3423 993 3488 solentiam
1016 3422 1160 3507 attigerit.
1204 3421 1275 3490 Fuit

105 3537 191 3590 certe
206 3525 299 3592 variis
316 3528 429 3592 artibus
446 3528 625 3604 instructus,
650 3533 737 3609 atque
755 3524 922 3609 explicandi
938 3525 1064 3609 peritus,
1088 3536 1119 3591 nt
1137 3545 1177 3592 ex
1195 3525 1275 3590 illius

105 3629 330 3694 commentariis
350 3640 487 3716 apparet;
516 3627 568 3692 sed
584 3626 799 3712 Aegyptiorum
814 3628 942 3711 linguam
961 3625 1143 3712 potissimum
1160 3627 1273 3707 calluit,

103 3741 211 3816 utpote
232 3751 344 3816 genere
362 3731 541 3816 Aegyptius.
586 3725 654 3794 Nee
673 3749 746 3793 vero
766 3727 901 3794 Graecae
928 3729 1048 3813 linguae
1066 3725 1191 3794 seientia
1213 3750 1275 3795 mn-

103 3833 251 3898 dioeriter
267 3844 315 3898 est
334 3834 515 3919 perpolitus,
540 3831 587 3896 vir
604 3831 776 3896 acutissimo
793 3832 824 3896 in
841 3830 976 3896 omnibus
995 3829 1128 3915 ingenio.
1174 3832 1274 3918 Atque

102 3937 156 4000 bic
172 3935 288 4020 quidem
309 3931 499 4000 Christianus
514 3933 586 4013 luit,
611 3935 663 3998 sed
684 3955 744 3998 oon
760 3935 790 3998 in
815 3955 852 3998 eo
866 3935 946 4000 vitae
964 3953 1076 4019 genere
1093 3933 1171 4017 quod
1193 3945 1275 4000 esset

104 4035 232 4103 Cbristo
256 4037 376 4122 dignum
400 4035 616 4122 perseveravit.
662 4033 815 4120 Siquidem
836 4035 1007 4120 prolapsus,
1039 4047 1070 4097 et
1089 4032 1274 4120 impaetnsa

101 4139 236 4204 verinte
253 4138 376 4204 excidit.
408 4134 485 4203 Cum
503 4139 582 4204 euim
597 4136 709 4204 veteris
727 4137 854 4222 novique
871 4138 1040 4202 testamenti
1057 4137 1273 4203 scientissimos

101 4337 133 4379 et
149 4325 306 4394 periculosos
325 4325 398 4408 boine
416 4325 608 4395 amphisbaenas
625 4324 674 4378 dc-
707 4331 741 4378 cle
758 4339 814 4412 nnnq
825 4327 925 4408 ιιιιιιιιι
941 4327 1077 4378 comanos.

100 4411 177 4518 mqqr
188 4393 538 4532 pqqopffirqpsqbqqtmpsoppq.
549 4475 604 4516 Μ
631 4463 678 4514 Re.
743 4393 767 4445 5.
784 4410 831 4460 την
848 4407 894 4444 om.
910 4409 935 4444 sn
952 4395 989 4444 ed.
1006 4395 1087 4445 reno.
1108 4395 1188 4448 oum„
1202 4399 1272 4459 repet.
