3168 4926
295 229 338 293 28
718 221 1027 295 ειαοτιοειειιιαιι

296 356 368 424 ῦντα
384 359 473 444 ίερέα.
519 365 612 425 Ουτοι
628 358 660 423 δέ
675 357 825 425 κωλύουσι
843 357 940 424 8κατεῖ
954 356 988 424 τό
1006 359 1176 446 εἰρημένον,
1200 357 1384 427 Κωλυόντων
1399 387 1451 446 γα·

233 479 237 488 ’
298 470 379 542 μεῖν·
403 460 575 540 ἐκβάλλουσι
591 459 646 548 γάρ
660 459 712 526 τόν
727 463 853 550 δευτέρῳ
869 460 953 550 γάμῳ
967 464 1170 542 συναφθέντα,
1192 465 1243 528 καὶ
1257 460 1454 548 ἀναγκάζουσι

299 562 340 646 μή
358 566 484 651 δευτέρῳ
501 562 588 652 γάμῳ
604 563 816 628 συνάπτεσθαι.
857 561 956 647 Ἡμεῖς
972 565 1005 629 δέ
1022 562 1078 630 οῦκ
1098 562 1232 650 άνάγκην
1251 567 1452 648 ἐπιτιθέαμεν,

174 701 227 745 ρος.
240 688 286 732 ιιι.
300 663 370 732 άλλά
387 673 588 750 παραινοῦμεν
611 664 683 748 μετά
706 671 886 749 συμβουλίας
907 664 1025 752 άγαθῆς
1043 667 1276 751 προτρεπόμενοι
1292 665 1342 734 τόν
1361 667 1452 734 δυνά·

297 794 403 852 μενον,
426 767 480 834 οόιι
497 766 630 855 άνάγκην
645 768 678 832 δὲ
692 769 881 850 ἐπιτιθέαμεν
895 777 936 857 τῷ
951 766 991 852 μή
1009 772 1179 858 δυναμένῳ,
1203 768 1258 835 οῦκ
1275 769 1453 854 ἐκβάλλομεν

297 868 388 936 αάτόν
409 867 468 936 δπό
491 877 544 952 τῆς
560 877 647 952 ζωῆς.
690 867 723 935 ‘0
741 868 797 956 γάρ
818 870 902 956 ι’ίγιος
922 871 1009 955 λόγος
1030 874 1119 937 παντί
1141 871 1264 956 ἐκήρυξε
1285 871 1338 955 τήν
1361 870 1452 938 άσθέ·

296 999 378 1038 νειαν
400 980 459 1038 τῶν
480 970 689 1039 άσθενοόντων
711 971 877 1055 βαστάζειν·
901 970 942 1049 οἷς
961 975 1014 1040 καί
1032 972 1121 1051 αῦτός
1141 973 1160 1040 ό
1183 975 1267 1060 ἅγιος
1289 972 1453 1051 άπόστολος

296 1073 488 1160 εόρεθήσεται
503 1077 612 1160 λέγων,
633 1077 685 1140 καὶ
707 1077 829 1160 έλέγχων
846 1073 918 1152 τοῦς
936 1075 1093 1152 τοιούτους
1116 1075 1157 1160 μή
1175 1076 1263 1155 ὄντας
1285 1085 1340 1143 τοῦ
1357 1076 1452 1144 αῦτοῦ

294 1183 471 1262 χαρίσματος
494 1174 559 1255 ὅτι,
588 1180 732 1262 νεωτέρας
757 1175 849 1263 χήρας
872 1187 1033 1264 παραιτοῦ·
1064 1179 1135 1262 μετά
1157 1177 1266 1265 γάρτό
1290 1202 1452 1265 καταστρη-

295 1280 395 1346 νιάσαι
416 1287 471 1346 τοῦ
489 1285 620 1362 Χριστοῦ
637 1289 741 1364 γαμεῖν
754 1281 912 1362 Ιθέλουσιν,
934 1283 1054 1363 έχουσαι
1070 1286 1177 1366 κρίμα,
1200 1282 1246 1349 ότι
1263 1281 1316 1366 τήν
1329 1281 1452 1366 προέτην

296 1388 394 1448 πίστιν
408 1381 568 1464 ήθέτησαν.
611 1386 655 1448 Ac
668 1381 725 1467 γάρ
745 1382 983 1468 ἐπαγγειλάμεναι
999 1385 1050 1448 καὶ
1066 1381 1250 1467 άθετήσασαι
1266 1387 1366 1468 έχουσι
1386 1388 1451 1469 ιιρί·

296 1513 352 1568 μα·
376 1488 409 1550 αῖ
421 1485 453 1549 δέ
470 1483 511 1566 μή
529 1483 784 1569 ἐπαγγειλάμεναι,
806 1482 877 1549 άλλά
893 1494 1093 1566 συναφθεῖσαι
1108 1485 1146 1552 δι’
1163 1485 1336 1564 άσθένειον,
1358 1491 1452 1570 κρίμα

297 1585 353 1654 οῦκ
374 1589 498 1669 λέγουσιν.
542 1589 586 1650 EI
601 1587 633 1652 δὲ
649 1587 699 1652 καί
713 1592 804 1670 κρίμα
820 1589 937 1670 ἔμελλον
952 1591 1035 1673 ἔχειν,
1058 1595 1123 1666 παῖς
1137 1591 1227 1676 έλεγε·
1252 1593 1450 1672 Γαμείτωσαν,

296 1693 608 1768 οίκοδεσποτείτωσανς

258 2106 276 2160 ’.
385 2107 477 2178 ιΠαῖς
497 2104 599 2167 τοίνυν
617 2099 816 2184 προφητεύων
833 2108 1071 2187 παρακολουθῶν
1089 2099 1268 2187 εόρίσκεται,
1290 2099 1347 2168 κάν
1365 2129 1395 2168 τε
1418 2105 1451 2168 έν

294 2210 332 2294 τῇ
349 2211 458 2292 παλαιᾷ
475 2202 625 2294 διαθήκη,
648 2203 705 2269 κάν
721 2229 751 2270 τε
767 2206 799 2269 έν
817 2211 853 2292 νή
869 2212 970 2293 καινή·
991 2202 1034 2279 οἷς
1050 2201 1137 2269 καλό
1157 2203 1241 2289 άγιος
1256 2202 1394 2287 Ἰωάννης
1417 2207 1451 2272 ἐν

238 2313 240 2318 ’
294 2314 330 2396 τῇ
345 2305 547 2386 Ἀποιιαλάψει
563 2309 655 2391 ἐλεγε,
682 2305 758 2370 Τάδε
772 2303 945 2385 άπεκάλυψε
959 2304 1062 2393 κόριος
1076 2315 1139 2382 τοῖς
1156 2304 1249 2372 αὐτοῦ
1265 2307 1383 2383 δοόλοις
1398 2306 1450 2373 διά

293 2417 348 2476 τοῦ
363 2409 473 2475 δούλου
489 2406 582 2474 αὐτοῦ
595 2405 750 2488 Ἰωάννου,
772 2410 839 2488 καί,
867 2405 943 2472 Τάδε
956 2410 1029 2494 λέγει
1045 2407 1157 2494 κόρους.
1199 2406 1234 2474 ‘0
1250 2414 1342 2474 ταῦτα
1356 2411 1451 2494 λέγων

295 2514 462 2596 ἐρρωμένην
480 2508 537 2594 είχε
552 2509 606 2594 τήν
622 2512 774 2591 διάνοιαν,
796 2513 848 2576 καὶ
864 2509 1096 2596 παρηκολούθει.
1136 2508 1214 2576 Ἰδοῦ
1229 2516 1344 2590 τοίνυν,
1371 2511 1450 2578 Τάδε

293 2616 369 2699 λέγει
384 2613 504 2697 πόριος,
529 2615 595 2692 καί,
608 2612 734 2698 Ὅρασις
750 2613 789 2696 ἣν
805 2611 887 2678 εἶδεν.
929 2611 963 2677 ‘0
979 2613 1012 2678 δέ
1027 2611 1189 2688 Μοντανδς
1210 2605 1298 2689 οὗτος
1314 2610 1333 2679 ό
1349 2611 1452 2698 αῦχοῖν

296 2713 403 2782 έαυτόν
420 2713 495 2780 είναι
510 2713 678 2800 προφήτην,
699 2720 752 2780 καί
767 2715 919 2799 πλανήσας
936 2713 1009 2791 τοῦς
1021 2711 1072 2780 ὕπ’
1088 2713 1181 2781 αῦτοῦ
1197 2719 1450 2799 πεπλανημένους,

297 2815 444 2883 άσῦστατα
466 2816 542 2882 κατά
558 2817 612 2893 τάς
628 2821 715 2892 θείας
729 2817 847 2904 γραφάς
867 2821 1017 2902 διηγεῖται.
1060 2819 1150 2903 Λέγει
1165 2817 1220 2902 γάρ
1238 2821 1269 2884 ἐν
1286 2826 1322 2908 τῇ
1337 2820 1451 2886 ἐαυτοῦ

294 2922 436 3009 λεγομένη
457 2924 638 3007 προφητείᾳ·
672 2924 707 2984 Τί
723 2921 815 3005 λέγεις
829 2917 881 2984 τόν
897 2917 971 3004 όπέρ
993 2917 1156 3006 ἄνθρωπον
1175 2918 1355 3002 σωζόμενονς
1376 2919 1450 3003 λάμ-

295 3040 349 3103 ψει
371 3021 428 3107 γάρ
447 3018 464 3087 ό
482 3025 612 3101 δίκαιος,
634 3021 742 3104 φησὶν,
764 3019 839 3105 άπέρ
859 3020 911 3088 τόν
930 3021 1016 3104 ἥλιον
1038 3023 1336 3102 ἑκατονταπλασίονα,
1366 3027 1397 3090 οί
1416 3025 1451 3090 δέ

294 3125 395 3208 μικροί
417 3126 449 3189 έν
468 3120 540 3206 άμῐν
561 3121 720 3206 σωζόμενοι
741 3123 912 3207 λάμψονσιν
928 3125 1211 3190 ἑκατονταπλασίονα
1231 3121 1305 3209 όπέρ
1327 3121 1381 3207 τήν
1402 3145 1448 3190 σε-

294 3225 396 3308 λήνην.
437 3223 471 3291 ‘0
488 3227 520 3292 δέ
541 3225 645 3311 κύριος
663 3228 767 3312 ἐλέγχει
783 3225 836 3291 τόν
852 3233 1003 3306 τοιοῦτον,
1026 3223 1044 3291 ό
1061 3228 1134 3309 έχων
1147 3225 1201 3308 τήν
1217 3229 1351 3304 ἐξουσίαν
1367 3231 1447 3310 γαρί·

295 3338 407 3394 σασθαι
422 3327 455 3394 τό
475 3328 600 3411 λάμπειν
617 3326 654 3393 τά
675 3327 820 3413 πρόςωπα
835 3335 895 3394 ταῖν
912 3326 1018 3413 άγίων,
1040 3331 1090 3393 καὶ
1110 3327 1279 3414 φαιδρύνας
1301 3327 1334 3394 τό
1357 3327 1450 3414 πρός-
1485 3411 1490 3419 .

296 3457 380 3498 ωπον
400 3438 455 3497 τοῦ
473 3433 646 3510 Μωῦσέως,
672 3433 724 3496 καί
745 3429 916 3514 μεταβαλεῖν
937 3428 1007 3506 τοῦς
1028 3427 1130 3516 άγίους
1152 3433 1184 3496 έν
1203 3439 1240 3520 τῇ
1262 3428 1331 3520 άγίμ
1353 3427 1448 3498 αῦτοῦ

295 3532 450 3600 άναστάσει
471 3540 530 3598 τοῖν
549 3532 709 3617 σωμάτων,
731 3532 802 3610 τοῦς
818 3535 1029 3618 σπειρομένους
1048 3535 1080 3598 έν
1098 3540 1133 3622 τῇ
1150 3529 1252 3621 άτιμίρι
1269 3535 1320 3598 καί
1339 3534 1449 3620 ἐγειρο-

295 3641 404 3720 μένους
419 3640 451 3704 έν
469 3635 558 3727 δόξῃ,
580 3634 637 3703 οῦκ
655 3635 726 3700 ἄλλα
743 3634 862 3719 σάματα
878 3634 960 3717 παρά
974 3633 1011 3699 τά
1027 3631 1113 3713 όντα,
1135 3632 1206 3700 άίλά
1221 3632 1296 3700 αῦτά
1317 3632 1353 3698 τά
1374 3632 1449 3700 ὄντα

296 3740 464 3825 ἐγειρόμενα
491 3739 561 3819 ῦλα,
590 3737 777 3821 λαμβάνοντα
802 3739 834 3803 δέ
861 3737 951 3816 δόξαν
974 3735 1043 3821 παρ’
1066 3734 1158 3802 αότοῦ
1182 3735 1253 3818 μετά
1276 3734 1448 3814 άνάστασιν,

295 3841 376 3926 παρά
397 3848 451 3907 τοῦ
471 3840 525 3925 τήν
543 3839 635 3919 δόξαν
654 3837 800 3920 άφθόνως
816 3843 993 3926 παρέχοντος
1013 3849 1076 3916 τοῖς
1099 3836 1190 3904 αῦτοῦ
1211 3835 1332 3925 άγίοις,
1344 3839 1448 3924 ἐπειδή

295 3947 353 4027 ἔχει
369 3943 424 4027 τήν
441 3948 576 4022 ἐξουσίαν
592 3947 697 4009 δοῦναι
712 3945 762 4008 καί
778 3948 971 4028 χαρίσασθαι,
994 3939 1036 4019 οἱς
1049 3941 1123 4018 θεός
1137 3943 1187 4008 καί
1201 3939 1312 4026 κάρτος.
1346 3939 1448 4025 Ἔγων

295 4047 328 4111 δέ
351 4055 405 4112 τοῦ
429 4051 647 4134 2χαρίσασθαι,
674 4043 731 4112 οῦκ
754 4049 941 4132 ἐπηγγείλατο
965 4043 1039 4110 ιιατά
1060 4043 1237 4124 Μοντανδν,
1267 4041 1337 4110 άλλά
1359 4048 1446 4126 φησὶ,

328 4271 353 4324 3.
370 4269 436 4324 κατὰ
450 4268 479 4324 τό
498 4269 625 4336 εἰρημένω
642 4273 711 4323 λοιπε
724 4272 775 4322 ond.
791 4273 851 4322 λία-
885 4273 947 4334 ςυοιί
962 4275 1046 4322 vitium
1062 4275 1210 4322 οσπιτεεαιιι
1226 4269 1354 4322 comorius
1367 4273 1447 4321 ειΡι-

293 4343 357 4404 δίρ.,·
373 4341 571 4392 ιαεπιεαδαυετυλ
585 4345 634 4390 inm
644 4343 765 4394 Ρείσυλαε.
789 4341 853 4390 Εδῖίί
887 4344 972 4390 invius.

294 4411 347 4459 λιῖιελ
364 4411 423 4458 illud
440 4403 468 4461 τό
486 4423 532 4457 παπ
549 4415 684 4470 agnoscunt.
918 4409 943 4456 ¹2.
965 4407 1008 4461 τοῦ
1029 4404 1185 4475 χαρίσασθαι
1200 4403 1247 4471 τήν
1265 4403 1378 4468 ἐξουσίαν
1396 4401 1449 4462 οῦκ

328 4476 388 4528 σοι.
407 4475 442 4526 x.
466 4503 499 4514 -
535 4477 558 4526 ι.
581 4477 647 4527 ιυιι
669 4477 752 4528 mm
776 4473 850 4540 Πῶς,
884 4477 979 4527 canuae
993 4478 1119 4538 pamm,-
1142 4489 1287 4539 ςιιιιςιιιι
1306 4477 1367 4526 ινιτ
1387 4478 1448 4526 ωε
