3148 4938
374 247 512 300 ransart
529 247 593 300 ura.
606 249 638 300 n.
656 247 739 301 rost.
752 249 784 300 tr.
801 247 903 300 naun.
914 248 1010 300 nxrx.
1215 237 1278 302 580

113 370 173 437 ban
194 368 311 433 ratione
333 365 454 430 stabiliti
475 364 556 452 impii
578 366 723 450 dogmatis
746 367 903 432 tentionem
927 368 1169 434 onrrnborarunt.
1217 365 1276 434 Sed

116 472 192 536 baon
223 469 321 535 omnia
350 468 380 532 in
411 468 547 552 proxima
579 470 723 533 adversus
752 470 857 534 Arium
888 469 1083 553 disputatione
1113 470 1280 535 aeonratios

115 587 206 640 erunt
228 571 420 659 explicanda,
454 571 490 634 ad
513 591 598 655 quana
622 572 770 656 praesenti
794 571 965 636 narratione
988 570 1143 658 praeterita
1166 592 1279 638 aermn-

116 696 185 740 nem
208 676 377 751 conferam,
402 671 555 757 implorata
579 673 659 758 prino
681 694 737 759 ope
762 674 810 737 dei
832 694 917 758 quam
941 693 1006 737 oum
1025 673 1157 738 horribili
1173 675 1224 738 illo
1245 695 1279 740 ao

117 776 285 862 moltieipiti
310 786 449 861 torpente
471 773 502 838 in
525 785 675 840 nontamen
701 775 890 840 deseendanr.

310 1115 563 1194 conant
605 1117 1093 1212 nolentium,

335 1261 417 1334 quae
445 1245 497 1312 est
523 1237 671 1314 haeresis
697 1237 825 1314 XLIX.
852 1241 923 1316 sive
949 1237 1078 1314 thtt.

205 1406 279 1472 Post
303 1406 458 1492 superiora
481 1405 531 1470 illa
547 1403 662 1472 Meletii
689 1428 724 1471 aa
743 1405 823 1472 l‘otri
843 1408 1040 1472 Alexandrini
1057 1405 1186 1494 episcopi
1210 1418 1282 1473 tern-
1310 1410 1371 1479 cap.
1392 1412 1411 1461 t.

119 1531 192 1596 pora
215 1509 307 1574 Arius
332 1508 496 1594 Ariaoiquo
519 1509 654 1592 proxime
676 1522 908 1594 consequuntur.
954 1508 1009 1573 llle
1029 1509 1084 1574 sob
1108 1508 1282 1574 Alexandro

119 1610 205 1677 Petri
223 1631 399 1677 aueoesaare
416 1610 531 1690 dornitp
556 1633 571 1674 a
589 1633 646 1695 quo
663 1633 722 1676 nnn
739 1611 804 1676 sine
820 1633 925 1697 magna
942 1611 1138 1677 commotione
1154 1613 1283 1698 ingenti-

120 1734 179 1800 qne
199 1725 302 1779 nnaota
323 1713 439 1800 syuodo
452 1713 624 1799 profligatos
642 1725 699 1778 est.
745 1713 921 1778 Alexander
938 1714 1016 1778 enim
1033 1714 1113 1778 illum
1135 1715 1224 1779 oieeit
1240 1727 1284 1779 at-

121 1837 180 1904 que
195 1837 236 1882 ex
253 1815 382 1881 eeclesia
399 1825 428 1879 ot
445 1815 535 1894 orbo,
559 1815 641 1880 velot
658 1815 764 1900 ingena
779 1818 921 1902 quoddam
941 1817 1058 1895 malurn,
1082 1817 1157 1901 quod
1178 1819 1214 1882 ad
1231 1817 1285 1882 bn-

124 1920 201 1985 mani
228 1919 349 2004 geueria
376 1917 536 2004 perniciem
559 1917 768 2002 grassabatur,
801 1918 1023 1984 exterminavit.
1070 1915 1185 1984 Ferunt
1204 1919 1284 1983 illum

123 2043 166 2086 ex
182 2019 281 2107 Libya
298 2020 452 2085 oriundum
470 2019 673 2085 Alexandriae
689 2021 894 2107 presbyteram
915 2041 982 2090 esse
1002 2025 1128 2103 lautum,
1152 2021 1201 2107 qui
1225 2033 1285 2086 ton

123 2120 317 2189 brutalensis
335 2123 486 2188 euitandam
504 2122 648 2187 eeclesiae
664 2125 877 2209 praetenturam
893 2125 1027 2208 gerebat.
1064 2123 1185 2189 Etenim
1201 2135 1287 2209 qnat-

123 2237 197 2310 quot
209 2225 413 2290 Alexandriae
430 2224 593 2290 uatbnlieao
611 2225 827 2291 communionis
846 2227 991 2292 eeclesiae
1010 2237 1095 2306 aurit,
1120 2229 1169 2290 nui
1190 2225 1287 2290 anobi-

126 2328 265 2414 epinnnpn
282 2327 453 2405 sobieetae,
477 2349 550 2392 auus
570 2327 675 2412 eoique
697 2329 882 2414 praepositus
906 2341 952 2393 eat
967 2329 1141 2416 presbyter,
1166 2329 1214 2412 qni
1238 2349 1287 2392 ee-

124 2429 292 2495 eleaiaatiea
312 2450 434 2495 munera
453 2428 491 2494 its
508 2429 710 2510 administret,
736 2432 784 2515 qni
800 2431 880 2495 eirea
897 2431 1039 2496 eoalesiaa
1055 2431 1119 2495 illas
1142 2430 1285 2508 habitant,

124 2551 286 2618 eorumque
309 2531 516 2598 nonrontieula
541 2531 616 2608 vini,
647 2532 712 2596 aive
736 2529 876 2610 Laurae,
906 2532 944 2596 nb
963 2530 1176 2597 Alexandrinis
1198 2531 1288 2617 volgo

125 2635 326 2700 nominantur.
373 2631 460 2698 Vixit
484 2644 583 2698 aotem
606 2633 699 2699 Arius
717 2634 772 2698 aab
794 2635 972 2721 imperatore
989 2632 1187 2700 Constantino
1208 2631 1289 2698 Coo-

125 2738 228 2802 stantii
243 2735 372 2802 senioris
389 2736 465 2814 lilio,
489 2736 539 2820 qui
560 2734 711 2801 Valeriani
727 2735 914 2823 imperatoris
934 2737 1010 2802 ttius
1028 2738 1098 2816 tuit,
1123 2738 1171 2821 qui
1188 2747 1217 2800 et
1234 2737 1288 2823 ipsi

125 2861 194 2906 enm
214 2837 401 2904 Diocletiano
426 2849 457 2902 et
471 2835 675 2917 Maximiano,
707 2860 741 2902 ae
759 2840 868 2904 noteris
885 2838 1078 2926 imperarunt.
1123 2837 1225 2906 Nema
1245 2850 1291 2904 est

125 2963 201 3008 vern
218 2942 266 3027 qni
282 2941 397 3006 neseiat
412 2937 639 3006 Constantinum
655 2941 736 3006 illum
756 2938 937 3020 Constantii,
955 2939 1129 3008 Constantis
1146 2953 1177 3006 et
1190 2937 1290 3027 Crispi

127 3056 242 3132 patrem
261 3044 290 3108 io
309 3041 478 3108 Christiana
501 3043 646 3127 religiono
670 3065 705 3107 an
722 3044 864 3108 malornm
882 3045 955 3123 dde,
987 3045 1043 3108 bne
1067 3057 1113 3110 eat
1127 3043 1289 3129 apostoliea

127 3159 159 3212 et
187 3145 375 3234 prophetiae,
409 3145 494 3230 plane
519 3145 718 3210 admirabilem
747 3158 776 3211 et
804 3145 934 3212 divinum
965 3147 1074 3226 luisse,
1113 3166 1188 3230 quae
1218 3145 1290 3209 ddea

15 3265 16 3272 ’
126 3259 199 3315 ante
213 3248 320 3314 Arium
335 3247 450 3333 integra
467 3248 610 3314 banteuus
628 3259 658 3312 et
674 3249 843 3336 inonrrupta
861 3260 1076 3336 permanserat.
1108 3245 1228 3313 Primus
1242 3247 1291 3313 ille

128 3347 334 3418 Christianum
356 3351 494 3437 populum
516 3371 533 3414 a
555 3371 589 3416 ae
612 3361 713 3416 mutuo
735 3351 889 3419 disiunxit.

217 3555 305 3620 Hune
324 3554 414 3640 igitar
429 3555 535 3620 Arium
554 3556 719 3622 Alexandri
737 3556 943 3641 presbyterum
959 3554 1087 3623 Satanae
1104 3558 1225 3645 spiritus
1247 3557 1293 3622 in-
1312 3567 1372 3636 (tsp.
1390 3568 1422 3621 tt.

128 3659 244 3726 vadona
269 3658 382 3744 impulit
406 3669 438 3722 ut
460 3660 718 3744 (quemadmodum
738 3658 878 3744 seriptum
896 3663 958 3744 est)
980 3659 1131 3746 pulvorem
1149 3663 1293 3725 adversus

129 3761 289 3827 eeclesiam
306 3761 469 3839 excitaret,
494 3781 535 3825 ex
553 3781 647 3846 enque
671 3761 745 3826 band
762 3761 911 3826 modinero
929 3762 1095 3826 incendium
1113 3775 1293 3849 erumperet,

129 3863 209 3948 qnod
228 3861 397 3928 onivoreom
416 3864 625 3950 propemodum
642 3861 842 3928 Romanorum
861 3863 1033 3950 imperinm,
1062 3887 1098 3929 an
1118 3866 1292 3952 praesertim

128 3965 294 4031 orientales
310 3965 389 4030 illius
404 3976 504 4052 partes
519 3965 700 4052 corriperetp
731 3967 805 4031 aden
826 3977 858 4031 ot
875 3967 962 4032 etiam
980 3968 1034 4031 bon
1051 3979 1182 4054 tempore
1196 3965 1294 4032 sinee-

165 4223 191 4278 ὃ.
211 4219 328 4290 prpetuo
346 4218 458 4277 συνόδων
480 4225 549 4276 amn
563 4239 619 4276 mre.
655 4240 699 4290 με·
766 4223 791 4277 6.
810 4222 909 4292 topper
925 4227 993 4275 eodd.
1009 4240 1064 4277 maa.
1081 4227 1151 4276 etad.
1166 4227 1242 4290 potor.
1268 4227 1296 4277 to

128 4288 215 4360 γάλης
230 4289 336 4346 συνόδου
353 4293 410 4342 editt
427 4295 488 4343 ts'brt
733 4295 769 4343 nt
786 4295 870 4344 Peleo.
883 4295 955 4355 plane
967 4296 1049 4344 utnon
1064 4297 1129 4343 extat
1145 4295 1176 4346 λα
1194 4294 1236 4346 aio

167 4357 193 4412 t.
210 4363 325 4422 sorptoar
341 4357 451 4425 niorto„
684 4403 686 4408 ,
767 4360 790 4413 7.
808 4376 924 4414 amoenat
948 4361 1037 4428 (neruo
1052 4365 1130 4424 spotia
1201 4363 1298 4424 rapten-

166 4428 192 4479 b.
210 4430 323 4492 smptoor
336 4429 496 4492 reponendum
512 4442 561 4480 erar
573 4429 625 4483 τῶν
640 4419 699 4481 κατ’
731 4428 790 4479 dom
804 4443 889 4481 noman
902 4429 994 4496 rateto)
1009 4430 1083 4480 eadee
1097 4441 1142 4481 aaa.
1156 4435 1261 4494 nermo,
1276 4435 1298 4480 at

127 4491 268 4566 ἆμφόδων.
530 4525 533 4530 .
731 4499 769 4548 ed.
783 4499 859 4562 prbru
