<?xml version="1.0" encoding="UTF-8"?>
<!DOCTYPE html PUBLIC "-//W3C//DTD XHTML 1.0 Transitional//EN"
    "http://www.w3.org/TR/xhtml1/DTD/xhtml1-transitional.dtd">
<html xmlns="http://www.w3.org/1999/xhtml" xml:lang="en" lang="en">
 <head>
  <title>
</title>
<meta http-equiv="Content-Type" content="text/html;charset=utf-8" />
  <meta name='ocr-system' content='tesseract 3.04.00' />
  <meta name='ocr-capabilities' content='ocr_page ocr_carea ocr_par ocr_line ocrx_word'/>
</head>
<body>
  <div class='ocr_page' id='page_1' title='image "./corporishaerese02oehlgoog_0728.png"; bbox 0 0 3168 4942; ppageno 0'>
   <div class='ocr_carea' id='block_1_1' title="bbox 346 231 1254 300">
    <p class='ocr_par' dir='ltr' id='par_1_1' title="bbox 346 231 1254 300">
     <span class='ocr_line' id='line_1_1' title="bbox 346 231 1254 300; baseline -0.002 -1"><span class='ocrx_word' id='word_1_1' title='bbox 346 245 483 300; x_wconf 68' lang='lat' dir='ltr'><strong>rossan</strong></span> <span class='ocrx_word' id='word_1_2' title='bbox 502 247 564 300; x_wconf 83' lang='lat' dir='ltr'><strong>ura.</strong></span> <span class='ocrx_word' id='word_1_3' title='bbox 581 246 615 300; x_wconf 85' lang='lat' dir='ltr'><strong>n.</strong></span> <span class='ocrx_word' id='word_1_4' title='bbox 632 245 715 300; x_wconf 82' lang='lat' dir='ltr'><strong>ron.</strong></span> <span class='ocrx_word' id='word_1_5' title='bbox 729 249 759 300; x_wconf 90' lang='lat' dir='ltr'><strong>n.</strong></span> <span class='ocrx_word' id='word_1_6' title='bbox 776 246 876 300; x_wconf 81' lang='lat' dir='ltr'><strong>uass.</strong></span> <span class='ocrx_word' id='word_1_7' title='bbox 892 247 989 299; x_wconf 86' lang='lat' dir='ltr'><strong>thx.</strong></span> <span class='ocrx_word' id='word_1_8' title='bbox 1192 231 1254 300; x_wconf 76' lang='lat'><strong>707</strong></span> 
     </span>
    </p>
   </div>
   <div class='ocr_carea' id='block_1_2' title="bbox 6 354 1408 2790">
    <p class='ocr_par' dir='ltr' id='par_1_2' title="bbox 93 354 1256 554">
     <span class='ocr_line' id='line_1_2' title="bbox 93 354 1254 453; baseline 0.002 -23"><span class='ocrx_word' id='word_1_9' title='bbox 93 366 172 451; x_wconf 84' lang='lat' dir='ltr'><strong>pali,</strong></span> <span class='ocrx_word' id='word_1_10' title='bbox 196 367 275 432; x_wconf 86' lang='lat' dir='ltr'><strong>side</strong></span> <span class='ocrx_word' id='word_1_11' title='bbox 291 367 469 450; x_wconf 77' lang='lat' dir='ltr'><strong>aequalitate</strong></span> <span class='ocrx_word' id='word_1_12' title='bbox 487 387 545 430; x_wconf 89' lang='lat' dir='ltr'><strong>con</strong></span> <span class='ocrx_word' id='word_1_13' title='bbox 562 368 600 430; x_wconf 90' lang='lat' dir='ltr'><strong>de</strong></span> <span class='ocrx_word' id='word_1_14' title='bbox 616 367 775 432; x_wconf 85' lang='lat' dir='ltr'><strong>concordia</strong></span> <span class='ocrx_word' id='word_1_15' title='bbox 789 354 888 432; x_wconf 78' lang='lat' dir='ltr'><strong>&#39;sermo</strong></span> <span class='ocrx_word' id='word_1_16' title='bbox 905 366 962 445; x_wconf 90' lang='lat' dir='ltr'><strong>sit,</strong></span> <span class='ocrx_word' id='word_1_17' title='bbox 987 367 1016 430; x_wconf 90' lang='lat' dir='ltr'><strong>in</strong></span> <span class='ocrx_word' id='word_1_18' title='bbox 1037 367 1101 452; x_wconf 89' lang='lat' dir='ltr'><strong>ipsc</strong></span> <span class='ocrx_word' id='word_1_19' title='bbox 1118 386 1186 432; x_wconf 89' lang='lat' dir='ltr'><strong>esse</strong></span> <span class='ocrx_word' id='word_1_20' title='bbox 1202 388 1254 453; x_wconf 91' lang='lat' dir='ltr'><strong>po-</strong></span> 
     </span>
     <span class='ocr_line' id='line_1_3' title="bbox 93 465 1256 554; baseline 0.001 -22"><span class='ocrx_word' id='word_1_21' title='bbox 93 471 235 532; x_wconf 82' lang='lat' dir='ltr'><strong>tnsrcntl</strong></span> <span class='ocrx_word' id='word_1_22' title='bbox 279 465 340 534; x_wconf 85' lang='lat' dir='ltr'><strong>Sed</strong></span> <span class='ocrx_word' id='word_1_23' title='bbox 355 469 392 532; x_wconf 86' lang='lat' dir='ltr'><strong>alr</strong></span> <span class='ocrx_word' id='word_1_24' title='bbox 414 469 492 532; x_wconf 87' lang='lat' dir='ltr'><strong>omni</strong></span> <span class='ocrx_word' id='word_1_25' title='bbox 512 480 595 554; x_wconf 84' lang='lat' dir='ltr'><strong>parts</strong></span> <span class='ocrx_word' id='word_1_26' title='bbox 612 468 730 532; x_wconf 86' lang='lat' dir='ltr'><strong>divinae</strong></span> <span class='ocrx_word' id='word_1_27' title='bbox 750 469 816 532; x_wconf 90' lang='lat' dir='ltr'><strong>illos</strong></span> <span class='ocrx_word' id='word_1_28' title='bbox 834 469 967 534; x_wconf 84' lang='lat' dir='ltr'><strong>veritatis</strong></span> <span class='ocrx_word' id='word_1_29' title='bbox 988 467 1150 532; x_wconf 87' lang='lat' dir='ltr'><strong>auctoritas</strong></span> <span class='ocrx_word' id='word_1_30' title='bbox 1166 469 1256 534; x_wconf 85' lang='lat' dir='ltr'><strong>ralei-</strong></span> 
     </span>
    </p>

    <p class='ocr_par' dir='ltr' id='par_1_3' title="bbox 92 568 1255 656">
     <span class='ocr_line' id='line_1_4' title="bbox 92 568 1255 656; baseline 0 -22"><span class='ocrx_word' id='word_1_31' title='bbox 92 571 145 649; x_wconf 69' lang='lat' dir='ltr'><strong>litp</strong></span> <span class='ocrx_word' id='word_1_32' title='bbox 170 572 245 654; x_wconf 87' lang='lat' dir='ltr'><strong>qued</strong></span> <span class='ocrx_word' id='word_1_33' title='bbox 261 593 320 634; x_wconf 91' lang='lat' dir='ltr'><strong>non</strong></span> <span class='ocrx_word' id='word_1_34' title='bbox 337 571 425 634; x_wconf 89' lang='lat' dir='ltr'><strong>aliter</strong></span> <span class='ocrx_word' id='word_1_35' title='bbox 440 571 496 634; x_wconf 79' lang='lat' dir='ltr'><strong>lune</strong></span> <span class='ocrx_word' id='word_1_36' title='bbox 511 570 625 656; x_wconf 83' lang='lat' dir='ltr'><strong>impleri</strong></span> <span class='ocrx_word' id='word_1_37' title='bbox 641 570 677 632; x_wconf 88' lang='lat' dir='ltr'><strong>ab</strong></span> <span class='ocrx_word' id='word_1_38' title='bbox 695 570 837 656; x_wconf 86' lang='lat' dir='ltr'><strong>apostulis</strong></span> <span class='ocrx_word' id='word_1_39' title='bbox 852 570 956 655; x_wconf 91' lang='lat' dir='ltr'><strong>potuit,</strong></span> <span class='ocrx_word' id='word_1_40' title='bbox 981 590 1035 634; x_wconf 87' lang='lat' dir='ltr'><strong>nec</strong></span> <span class='ocrx_word' id='word_1_41' title='bbox 1052 570 1088 632; x_wconf 89' lang='lat' dir='ltr'><strong>de</strong></span> <span class='ocrx_word' id='word_1_42' title='bbox 1101 568 1159 632; x_wconf 88' lang='lat' dir='ltr'><strong>illis</strong></span> <span class='ocrx_word' id='word_1_43' title='bbox 1178 571 1255 634; x_wconf 83' lang='lat' dir='ltr'><strong>istud</strong></span> 
     </span>
    </p>

    <p class='ocr_par' dir='ltr' id='par_1_4' title="bbox 93 669 1374 858">
     <span class='ocr_line' id='line_1_5' title="bbox 93 669 1374 757; baseline 0 -23"><span class='ocrx_word' id='word_1_44' title='bbox 93 673 190 756; x_wconf 88' lang='lat' dir='ltr'><strong>ipsum</strong></span> <span class='ocrx_word' id='word_1_45' title='bbox 206 671 401 757; x_wconf 88' lang='lat' dir='ltr'><strong>pronuntiari,</strong></span> <span class='ocrx_word' id='word_1_46' title='bbox 421 671 478 734; x_wconf 88' lang='lat' dir='ltr'><strong>nisi</strong></span> <span class='ocrx_word' id='word_1_47' title='bbox 495 674 594 736; x_wconf 89' lang='lat' dir='ltr'><strong>carnis</strong></span> <span class='ocrx_word' id='word_1_48' title='bbox 610 673 725 738; x_wconf 83' lang='lat' dir='ltr'><strong>illorum</strong></span> <span class='ocrx_word' id='word_1_49' title='bbox 743 671 890 757; x_wconf 83' lang='lat' dir='ltr'><strong>particeps</strong></span> <span class='ocrx_word' id='word_1_50' title='bbox 902 671 1032 736; x_wconf 85' lang='lat' dir='ltr'><strong>divinum</strong></span> <span class='ocrx_word' id='word_1_51' title='bbox 1047 669 1170 734; x_wconf 84' lang='lat' dir='ltr'><strong>verbum</strong></span> <span class='ocrx_word' id='word_1_52' title='bbox 1185 671 1256 735; x_wconf 86' lang='lat' dir='ltr'><strong>luis·</strong></span> <span class='ocrx_word' id='word_1_53' title='bbox 1370 691 1374 700; x_wconf 75' lang='grc'><em>’</em></span> 
     </span>
     <span class='ocr_line' id='line_1_6' title="bbox 93 773 1257 858; baseline -0.003 -19"><span class='ocrx_word' id='word_1_54' title='bbox 93 785 159 854; x_wconf 86' lang='lat' dir='ltr'><strong>set,</strong></span> <span class='ocrx_word' id='word_1_55' title='bbox 183 775 363 857; x_wconf 84' lang='lat' dir='ltr'><strong>eosdemque</strong></span> <span class='ocrx_word' id='word_1_56' title='bbox 384 775 500 837; x_wconf 82' lang='lat' dir='ltr'><strong>inraso</strong></span> <span class='ocrx_word' id='word_1_57' title='bbox 521 774 677 858; x_wconf 76' lang='lat' dir='ltr'><strong>adoptione</strong></span> <span class='ocrx_word' id='word_1_58' title='bbox 701 774 860 838; x_wconf 78' lang='lat' dir='ltr'><strong>iunxisset.</strong></span> <span class='ocrx_word' id='word_1_59' title='bbox 906 775 1006 858; x_wconf 83' lang='lat' dir='ltr'><strong>Atque</strong></span> <span class='ocrx_word' id='word_1_60' title='bbox 1026 773 1128 838; x_wconf 86' lang='lat' dir='ltr'><strong>eadem</strong></span> <span class='ocrx_word' id='word_1_61' title='bbox 1150 791 1257 836; x_wconf 88' lang='lat' dir='ltr'><strong>caussa</strong></span> 
     </span>
    </p>

    <p class='ocr_par' dir='ltr' id='par_1_5' title="bbox 93 871 1407 1367">
     <span class='ocr_line' id='line_1_7' title="bbox 93 871 1257 960; baseline -0.003 -20"><span class='ocrx_word' id='word_1_62' title='bbox 93 888 140 940; x_wconf 92' lang='lat' dir='ltr'><strong>est</strong></span> <span class='ocrx_word' id='word_1_63' title='bbox 164 898 217 940; x_wconf 94' lang='lat' dir='ltr'><strong>cur</strong></span> <span class='ocrx_word' id='word_1_64' title='bbox 234 878 262 938; x_wconf 91' lang='lat' dir='ltr'><strong>ia</strong></span> <span class='ocrx_word' id='word_1_65' title='bbox 280 871 405 940; x_wconf 85' lang='lat' dir='ltr'><strong>Cantica</strong></span> <span class='ocrx_word' id='word_1_66' title='bbox 424 872 615 941; x_wconf 83' lang='lat' dir='ltr'><strong>Canticornna</strong></span> <span class='ocrx_word' id='word_1_67' title='bbox 634 887 854 940; x_wconf 83' lang='lat' dir='ltr'><strong>sacrosanctam</strong></span> <span class='ocrx_word' id='word_1_68' title='bbox 871 897 953 940; x_wconf 87' lang='lat' dir='ltr'><strong>suam</strong></span> <span class='ocrx_word' id='word_1_69' title='bbox 977 874 1132 940; x_wconf 86' lang='lat' dir='ltr'><strong>ecclesiam</strong></span> <span class='ocrx_word' id='word_1_70' title='bbox 1151 872 1257 960; x_wconf 78' lang='lat' dir='ltr'><strong>ultique</strong></span> 
     </span>
     <span class='ocr_line' id='line_1_8' title="bbox 94 974 1256 1062; baseline -0.002 -20"><span class='ocrx_word' id='word_1_71' title='bbox 94 978 261 1062; x_wconf 75' lang='lat' dir='ltr'><strong>proximam</strong></span> <span class='ocrx_word' id='word_1_72' title='bbox 280 978 422 1062; x_wconf 86' lang='lat' dir='ltr'><strong>appellet,</strong></span> <span class='ocrx_word' id='word_1_73' title='bbox 456 999 542 1061; x_wconf 85' lang='lat' dir='ltr'><strong>quana</strong></span> <span class='ocrx_word' id='word_1_74' title='bbox 566 997 641 1041; x_wconf 85' lang='lat' dir='ltr'><strong>voce</strong></span> <span class='ocrx_word' id='word_1_75' title='bbox 659 998 712 1040; x_wconf 84' lang='lat' dir='ltr'><strong>sun</strong></span> <span class='ocrx_word' id='word_1_76' title='bbox 732 977 868 1041; x_wconf 86' lang='lat' dir='ltr'><strong>excitans</strong></span> <span class='ocrx_word' id='word_1_77' title='bbox 895 991 925 1042; x_wconf 84' lang='lat' dir='ltr'><strong>et</strong></span> <span class='ocrx_word' id='word_1_78' title='bbox 946 976 1105 1040; x_wconf 82' lang='lat' dir='ltr'><strong>cohortans</strong></span> <span class='ocrx_word' id='word_1_79' title='bbox 1128 974 1205 1038; x_wconf 86' lang='lat' dir='ltr'><strong>hune</strong></span> <span class='ocrx_word' id='word_1_80' title='bbox 1225 976 1256 1040; x_wconf 87' lang='lat' dir='ltr'><strong>in</strong></span> 
     </span>
     <span class='ocr_line' id='line_1_9' title="bbox 93 1078 1407 1164; baseline 0 -20"><span class='ocrx_word' id='word_1_81' title='bbox 93 1080 218 1144; x_wconf 77' lang='lat' dir='ltr'><strong>medum·</strong></span> <span class='ocrx_word' id='word_1_82' title='bbox 232 1079 404 1164; x_wconf 77' lang='lat' dir='ltr'><strong>compellat:</strong></span> <span class='ocrx_word' id='word_1_83' title='bbox 428 1083 535 1159; x_wconf 77' lang='lat' dir='ltr'><strong>Surge,</strong></span> <span class='ocrx_word' id='word_1_84' title='bbox 560 1084 626 1142; x_wconf 85' lang='lat' dir='ltr'><strong>neni</strong></span> <span class='ocrx_word' id='word_1_85' title='bbox 634 1085 769 1160; x_wconf 66' lang='lat' dir='ltr'><strong>mommo</strong></span> <span class='ocrx_word' id='word_1_86' title='bbox 786 1101 857 1154; x_wconf 80' lang='lat' dir='ltr'><strong>mec,</strong></span> <span class='ocrx_word' id='word_1_87' title='bbox 873 1082 1006 1162; x_wconf 81' lang='lat' dir='ltr'><strong>sermore</strong></span> <span class='ocrx_word' id='word_1_88' title='bbox 1023 1099 1101 1152; x_wconf 80' lang='lat' dir='ltr'><strong>mee,</strong></span> <span class='ocrx_word' id='word_1_89' title='bbox 1125 1078 1253 1140; x_wconf 74' lang='lat' dir='ltr'><strong>cotanda</strong></span> <span class='ocrx_word' id='word_1_90' title='bbox 1267 1085 1362 1144; x_wconf 58' lang='lat' dir='ltr'><strong>Onu·</strong></span> <span class='ocrx_word' id='word_1_91' title='bbox 1376 1086 1407 1129; x_wconf 75' lang='lat'><strong>¹⁸·</strong></span> 
     </span>
     <span class='ocr_line' id='line_1_10' title="bbox 93 1177 1254 1266; baseline -0.002 -22"><span class='ocrx_word' id='word_1_92' title='bbox 93 1204 167 1244; x_wconf 80' lang='lat' dir='ltr'><strong>meo.</strong></span> <span class='ocrx_word' id='word_1_93' title='bbox 215 1177 346 1246; x_wconf 81' lang='lat' dir='ltr'><strong>Videsne</strong></span> <span class='ocrx_word' id='word_1_94' title='bbox 371 1192 404 1244; x_wconf 88' lang='lat' dir='ltr'><strong>ut</strong></span> <span class='ocrx_word' id='word_1_95' title='bbox 427 1180 504 1244; x_wconf 88' lang='lat' dir='ltr'><strong>illam</strong></span> <span class='ocrx_word' id='word_1_96' title='bbox 529 1181 693 1266; x_wconf 72' lang='lat' dir='ltr'><strong>proximam</strong></span> <span class='ocrx_word' id='word_1_97' title='bbox 718 1182 868 1246; x_wconf 74' lang='lat' dir='ltr'><strong>nominet?</strong></span> <span class='ocrx_word' id='word_1_98' title='bbox 912 1179 1002 1264; x_wconf 77' lang='lat' dir='ltr'><strong>atqui</strong></span> <span class='ocrx_word' id='word_1_99' title='bbox 1028 1181 1164 1264; x_wconf 81' lang='lat' dir='ltr'><strong>proxima</strong></span> <span class='ocrx_word' id='word_1_100' title='bbox 1186 1199 1254 1244; x_wconf 87' lang='lat' dir='ltr'><strong>esse</strong></span> 
     </span>
     <span class='ocr_line' id='line_1_11' title="bbox 95 1280 1254 1367; baseline -0.002 -21"><span class='ocrx_word' id='word_1_101' title='bbox 95 1280 218 1348; x_wconf 79' lang='lat' dir='ltr'><strong>Christe</strong></span> <span class='ocrx_word' id='word_1_102' title='bbox 235 1283 361 1348; x_wconf 85' lang='lat' dir='ltr'><strong>ecclesia</strong></span> <span class='ocrx_word' id='word_1_103' title='bbox 378 1304 436 1346; x_wconf 91' lang='lat' dir='ltr'><strong>non</strong></span> <span class='ocrx_word' id='word_1_104' title='bbox 456 1293 587 1367; x_wconf 83' lang='lat' dir='ltr'><strong>poterat,</strong></span> <span class='ocrx_word' id='word_1_105' title='bbox 620 1283 676 1346; x_wconf 88' lang='lat' dir='ltr'><strong>uisi</strong></span> <span class='ocrx_word' id='word_1_106' title='bbox 694 1284 729 1344; x_wconf 89' lang='lat' dir='ltr'><strong>de</strong></span> <span class='ocrx_word' id='word_1_107' title='bbox 749 1284 832 1347; x_wconf 89' lang='lat' dir='ltr'><strong>coelo</strong></span> <span class='ocrx_word' id='word_1_108' title='bbox 853 1283 901 1348; x_wconf 89' lang='lat' dir='ltr'><strong>ille</strong></span> <span class='ocrx_word' id='word_1_109' title='bbox 924 1282 1108 1346; x_wconf 86' lang='lat' dir='ltr'><strong>descendens</strong></span> <span class='ocrx_word' id='word_1_110' title='bbox 1131 1282 1167 1344; x_wconf 91' lang='lat' dir='ltr'><strong>ad</strong></span> <span class='ocrx_word' id='word_1_111' title='bbox 1191 1301 1254 1344; x_wconf 88' lang='lat' dir='ltr'><strong>eam</strong></span> 
     </span>
    </p>

    <p class='ocr_par' dir='ltr' id='par_1_6' title="bbox 6 1381 1256 1470">
     <span class='ocr_line' id='line_1_12' title="bbox 6 1381 1256 1470; baseline -0.003 -22"><span class='ocrx_word' id='word_1_112' title='bbox 6 1447 9 1460; x_wconf 79' lang='lat'><strong>,</strong></span> <span class='ocrx_word' id='word_1_113' title='bbox 94 1385 291 1463; x_wconf 71' lang='lat' dir='ltr'><strong>accessisset,</strong></span> <span class='ocrx_word' id='word_1_114' title='bbox 324 1395 549 1470; x_wconf 85' lang='lat' dir='ltr'><strong>propterquam</strong></span> <span class='ocrx_word' id='word_1_115' title='bbox 577 1384 682 1450; x_wconf 87' lang='lat' dir='ltr'><strong>iisdem</strong></span> <span class='ocrx_word' id='word_1_116' title='bbox 698 1384 905 1448; x_wconf 80' lang='lat' dir='ltr'><strong>affectionibus</strong></span> <span class='ocrx_word' id='word_1_117' title='bbox 928 1382 1087 1446; x_wconf 79' lang='lat' dir='ltr'><strong>obnoxiam</strong></span> <span class='ocrx_word' id='word_1_118' title='bbox 1111 1381 1167 1446; x_wconf 84' lang='lat' dir='ltr'><strong>sibi</strong></span> <span class='ocrx_word' id='word_1_119' title='bbox 1190 1402 1256 1446; x_wconf 92' lang='lat' dir='ltr'><strong>car·</strong></span> 
     </span>
    </p>

    <p class='ocr_par' dir='ltr' id='par_1_7' title="bbox 6 1473 1255 1570">
     <span class='ocr_line' id='line_1_13' title="bbox 6 1473 1255 1570; baseline -0.004 -20"><span class='ocrx_word' id='word_1_120' title='bbox 6 1473 7 1480; x_wconf 9' lang='grc' dir='ltr'>ἵ</span> <span class='ocrx_word' id='word_1_121' title='bbox 95 1508 164 1550; x_wconf 87' lang='lat' dir='ltr'><strong>nem</strong></span> <span class='ocrx_word' id='word_1_122' title='bbox 181 1487 331 1570; x_wconf 86' lang='lat' dir='ltr'><strong>imposuit,</strong></span> <span class='ocrx_word' id='word_1_123' title='bbox 356 1497 387 1550; x_wconf 89' lang='lat' dir='ltr'><strong>nt</strong></span> <span class='ocrx_word' id='word_1_124' title='bbox 407 1486 561 1550; x_wconf 88' lang='lat' dir='ltr'><strong>humanum</strong></span> <span class='ocrx_word' id='word_1_125' title='bbox 578 1507 673 1569; x_wconf 82' lang='lat' dir='ltr'><strong>genus</strong></span> <span class='ocrx_word' id='word_1_126' title='bbox 693 1488 728 1550; x_wconf 89' lang='lat' dir='ltr'><strong>ad</strong></span> <span class='ocrx_word' id='word_1_127' title='bbox 743 1505 811 1548; x_wconf 83' lang='lat' dir='ltr'><strong>scae</strong></span> <span class='ocrx_word' id='word_1_128' title='bbox 828 1485 948 1570; x_wconf 88' lang='lat' dir='ltr'><strong>propius</strong></span> <span class='ocrx_word' id='word_1_129' title='bbox 963 1485 1107 1550; x_wconf 86' lang='lat' dir='ltr'><strong>accedens</strong></span> <span class='ocrx_word' id='word_1_130' title='bbox 1124 1494 1255 1548; x_wconf 87' lang='lat' dir='ltr'><strong>sanctam</strong></span> 
     </span>
    </p>

    <p class='ocr_par' dir='ltr' id='par_1_8' title="bbox 6 1585 1257 1673">
     <span class='ocr_line' id='line_1_14' title="bbox 6 1585 1257 1673; baseline -0.004 -21"><span class='ocrx_word' id='word_1_131' title='bbox 6 1659 8 1664; x_wconf 67' lang='lat'><strong>,</strong></span> <span class='ocrx_word' id='word_1_132' title='bbox 95 1609 132 1652; x_wconf 91' lang='lat' dir='ltr'><strong>ac</strong></span> <span class='ocrx_word' id='word_1_133' title='bbox 149 1588 223 1652; x_wconf 80' lang='lat' dir='ltr'><strong>labia</strong></span> <span class='ocrx_word' id='word_1_134' title='bbox 239 1599 392 1672; x_wconf 74' lang='lat' dir='ltr'><strong>carpentem</strong></span> <span class='ocrx_word' id='word_1_135' title='bbox 410 1607 549 1673; x_wconf 75' lang='lat' dir='ltr'><strong>sponsam</strong></span> <span class='ocrx_word' id='word_1_136' title='bbox 568 1597 706 1666; x_wconf 87' lang='lat' dir='ltr'><strong>vocaret,</strong></span> <span class='ocrx_word' id='word_1_137' title='bbox 730 1587 862 1652; x_wconf 89' lang='lat' dir='ltr'><strong>collectis</strong></span> <span class='ocrx_word' id='word_1_138' title='bbox 884 1587 1020 1650; x_wconf 85' lang='lat' dir='ltr'><strong>omnibus</strong></span> <span class='ocrx_word' id='word_1_139' title='bbox 1045 1586 1082 1650; x_wconf 89' lang='lat' dir='ltr'><strong>iis</strong></span> <span class='ocrx_word' id='word_1_140' title='bbox 1105 1585 1154 1670; x_wconf 89' lang='lat' dir='ltr'><strong>qui</strong></span> <span class='ocrx_word' id='word_1_141' title='bbox 1171 1585 1257 1648; x_wconf 87' lang='lat' dir='ltr'><strong>obse·</strong></span> 
     </span>
    </p>

    <p class='ocr_par' dir='ltr' id='par_1_9' title="bbox 6 1679 1258 1775">
     <span class='ocr_line' id='line_1_15' title="bbox 6 1679 1258 1775; baseline -0.006 -20"><span class='ocrx_word' id='word_1_142' title='bbox 6 1679 9 1686; x_wconf 71' lang='grc'><strong>’</strong></span> <span class='ocrx_word' id='word_1_143' title='bbox 95 1690 165 1774; x_wconf 87' lang='lat' dir='ltr'><strong>quic</strong></span> <span class='ocrx_word' id='word_1_144' title='bbox 185 1689 410 1775; x_wconf 78' lang='lat' dir='ltr'><strong>propinquiores</strong></span> <span class='ocrx_word' id='word_1_145' title='bbox 425 1690 481 1752; x_wconf 80' lang='lat' dir='ltr'><strong>silai</strong></span> <span class='ocrx_word' id='word_1_146' title='bbox 503 1710 571 1754; x_wconf 88' lang='lat' dir='ltr'><strong>csse</strong></span> <span class='ocrx_word' id='word_1_147' title='bbox 592 1689 772 1774; x_wconf 88' lang='lat' dir='ltr'><strong>caepissent.</strong></span> <span class='ocrx_word' id='word_1_148' title='bbox 818 1687 897 1752; x_wconf 88' lang='lat' dir='ltr'><strong>llino</strong></span> <span class='ocrx_word' id='word_1_149' title='bbox 914 1710 930 1750; x_wconf 91' lang='lat' dir='ltr'><strong>a</strong></span> <span class='ocrx_word' id='word_1_150' title='bbox 946 1699 1029 1772; x_wconf 88' lang='lat' dir='ltr'><strong>patre</strong></span> <span class='ocrx_word' id='word_1_151' title='bbox 1050 1709 1104 1750; x_wconf 89' lang='lat' dir='ltr'><strong>suc</strong></span> <span class='ocrx_word' id='word_1_152' title='bbox 1131 1685 1258 1772; x_wconf 88' lang='lat' dir='ltr'><strong>postulat</strong></span> 
     </span>
    </p>

    <p class='ocr_par' dir='ltr' id='par_1_10' title="bbox 6 1775 1276 1872">
     <span class='ocr_line' id='line_1_16' title="bbox 6 1775 1276 1872; baseline -0.005 -16"><span class='ocrx_word' id='word_1_153' title='bbox 6 1775 8 1792; x_wconf 69' lang='grc'><em>’</em></span> <span class='ocrx_word' id='word_1_154' title='bbox 96 1792 235 1856; x_wconf 83' lang='lat' dir='ltr'><strong>hocloco</strong></span> <span class='ocrx_word' id='word_1_155' title='bbox 255 1793 398 1868; x_wconf 82' lang='lat' dir='ltr'><strong>verdum,</strong></span> <span class='ocrx_word' id='word_1_156' title='bbox 423 1791 478 1854; x_wconf 85' lang='lat' dir='ltr'><strong>lton</strong></span> <span class='ocrx_word' id='word_1_157' title='bbox 494 1801 542 1854; x_wconf 86' lang='lat' dir='ltr'><strong>est</strong></span> <span class='ocrx_word' id='word_1_158' title='bbox 557 1791 691 1854; x_wconf 87' lang='lat' dir='ltr'><strong>dominus</strong></span> <span class='ocrx_word' id='word_1_159' title='bbox 708 1800 827 1868; x_wconf 89' lang='lat' dir='ltr'><strong>noster,</strong></span> <span class='ocrx_word' id='word_1_160' title='bbox 852 1789 955 1854; x_wconf 88' lang='lat' dir='ltr'><strong>unicus</strong></span> <span class='ocrx_word' id='word_1_161' title='bbox 970 1790 1015 1852; x_wconf 88' lang='lat' dir='ltr'><strong>dei</strong></span> <span class='ocrx_word' id='word_1_162' title='bbox 1033 1790 1126 1867; x_wconf 88' lang='lat' dir='ltr'><strong>lilius,</strong></span> <span class='ocrx_word' id='word_1_163' title='bbox 1151 1809 1186 1850; x_wconf 89' lang='lat' dir='ltr'><strong>ac</strong></span> <span class='ocrx_word' id='word_1_164' title='bbox 1203 1807 1276 1872; x_wconf 89' lang='lat' dir='ltr'><strong>pro-</strong></span> 
     </span>
    </p>

    <p class='ocr_par' dir='ltr' id='par_1_11' title="bbox 6 1890 1257 1982">
     <span class='ocr_line' id='line_1_17' title="bbox 6 1890 1257 1982; baseline -0.003 -26"><span class='ocrx_word' id='word_1_165' title='bbox 6 1971 8 1982; x_wconf 65' lang='lat'><strong>,</strong></span> <span class='ocrx_word' id='word_1_166' title='bbox 94 1893 248 1978; x_wconf 76' lang='lat' dir='ltr'><strong>discipulis</strong></span> <span class='ocrx_word' id='word_1_167' title='bbox 266 1894 426 1978; x_wconf 86' lang='lat' dir='ltr'><strong>supplicat,</strong></span> <span class='ocrx_word' id='word_1_168' title='bbox 460 1903 492 1956; x_wconf 93' lang='lat' dir='ltr'><strong>ut</strong></span> <span class='ocrx_word' id='word_1_169' title='bbox 514 1893 543 1956; x_wconf 92' lang='lat' dir='ltr'><strong>in</strong></span> <span class='ocrx_word' id='word_1_170' title='bbox 562 1892 756 1976; x_wconf 67' lang='lat' dir='ltr'><strong>seipsosintp</strong></span> <span class='ocrx_word' id='word_1_171' title='bbox 788 1912 845 1975; x_wconf 88' lang='lat' dir='ltr'><strong>quo</strong></span> <span class='ocrx_word' id='word_1_172' title='bbox 863 1891 943 1955; x_wconf 88' lang='lat' dir='ltr'><strong>illam</strong></span> <span class='ocrx_word' id='word_1_173' title='bbox 964 1891 1062 1954; x_wconf 89' lang='lat' dir='ltr'><strong>carnis</strong></span> <span class='ocrx_word' id='word_1_174' title='bbox 1087 1890 1257 1954; x_wconf 85' lang='lat' dir='ltr'><strong>interventu</strong></span> 
     </span>
    </p>

    <p class='ocr_par' dir='ltr' id='par_1_12' title="bbox 6 1990 1258 2078">
     <span class='ocr_line' id='line_1_18' title="bbox 6 1990 1258 2078; baseline -0.005 -18"><span class='ocrx_word' id='word_1_175' title='bbox 6 1993 8 2078; x_wconf 57' lang='lat' dir='ltr'><em>J</em></span> <span class='ocrx_word' id='word_1_176' title='bbox 96 1997 302 2077; x_wconf 74' lang='lat' dir='ltr'><strong>cognationem</strong></span> <span class='ocrx_word' id='word_1_177' title='bbox 322 1995 358 2058; x_wconf 85' lang='lat' dir='ltr'><strong>dc</strong></span> <span class='ocrx_word' id='word_1_178' title='bbox 377 1993 468 2077; x_wconf 90' lang='lat' dir='ltr'><strong>patris</strong></span> <span class='ocrx_word' id='word_1_179' title='bbox 487 1995 517 2058; x_wconf 88' lang='lat' dir='ltr'><strong>in</strong></span> <span class='ocrx_word' id='word_1_180' title='bbox 540 2015 574 2058; x_wconf 90' lang='lat' dir='ltr'><strong>se</strong></span> <span class='ocrx_word' id='word_1_181' title='bbox 590 1995 741 2058; x_wconf 85' lang='lat' dir='ltr'><strong>voluntate</strong></span> <span class='ocrx_word' id='word_1_182' title='bbox 765 2005 948 2056; x_wconf 74' lang='lat' dir='ltr'><strong>coinraotom</strong></span> <span class='ocrx_word' id='word_1_183' title='bbox 963 1991 1153 2056; x_wconf 84' lang='lat' dir='ltr'><strong>sanctificatis</strong></span> <span class='ocrx_word' id='word_1_184' title='bbox 1168 1990 1258 2054; x_wconf 86' lang='lat' dir='ltr'><strong>disci·</strong></span> 
     </span>
    </p>

    <p class='ocr_par' dir='ltr' id='par_1_13' title="bbox 95 2095 1259 2184">
     <span class='ocr_line' id='line_1_19' title="bbox 95 2095 1259 2184; baseline -0.007 -22"><span class='ocrx_word' id='word_1_185' title='bbox 95 2098 173 2184; x_wconf 88' lang='lat' dir='ltr'><strong>pulis</strong></span> <span class='ocrx_word' id='word_1_186' title='bbox 192 2100 278 2161; x_wconf 85' lang='lat' dir='ltr'><strong>nnius</strong></span> <span class='ocrx_word' id='word_1_187' title='bbox 294 2096 455 2160; x_wconf 88' lang='lat' dir='ltr'><strong>voluntatis</strong></span> <span class='ocrx_word' id='word_1_188' title='bbox 472 2105 502 2158; x_wconf 86' lang='lat' dir='ltr'><strong>et</strong></span> <span class='ocrx_word' id='word_1_189' title='bbox 519 2095 684 2180; x_wconf 86' lang='lat' dir='ltr'><strong>adoptionis</strong></span> <span class='ocrx_word' id='word_1_190' title='bbox 703 2095 911 2160; x_wconf 85' lang='lat' dir='ltr'><strong>coniunctione</strong></span> <span class='ocrx_word' id='word_1_191' title='bbox 928 2095 1097 2180; x_wconf 82' lang='lat' dir='ltr'><strong>copularet,</strong></span> <span class='ocrx_word' id='word_1_192' title='bbox 1124 2103 1211 2177; x_wconf 87' lang='lat' dir='ltr'><strong>atque</strong></span> <span class='ocrx_word' id='word_1_193' title='bbox 1227 2101 1259 2156; x_wconf 86' lang='lat' dir='ltr'><strong>ut</strong></span> 
     </span>
    </p>

    <p class='ocr_par' dir='ltr' id='par_1_14' title="bbox 6 2181 1408 2385">
     <span class='ocr_line' id='line_1_20' title="bbox 6 2181 1408 2288; baseline -0.007 -23"><span class='ocrx_word' id='word_1_194' title='bbox 6 2181 9 2288; x_wconf 37' lang='lat' dir='ltr'><strong>l</strong></span> <span class='ocrx_word' id='word_1_195' title='bbox 96 2220 151 2284; x_wconf 87' lang='lat' dir='ltr'><strong>per</strong></span> <span class='ocrx_word' id='word_1_196' title='bbox 163 2198 386 2284; x_wconf 81' lang='lat' dir='ltr'><strong>primogenitum</strong></span> <span class='ocrx_word' id='word_1_197' title='bbox 397 2196 501 2282; x_wconf 87' lang='lat' dir='ltr'><strong>patris,</strong></span> <span class='ocrx_word' id='word_1_198' title='bbox 519 2201 774 2276; x_wconf 79' lang='lat' dir='ltr'><strong>Prainageaa&#39;toram</strong></span> <span class='ocrx_word' id='word_1_199' title='bbox 785 2201 814 2260; x_wconf 85' lang='lat' dir='ltr'><strong>in</strong></span> <span class='ocrx_word' id='word_1_200' title='bbox 828 2199 906 2258; x_wconf 81' lang='lat' dir='ltr'><strong>coelo</strong></span> <span class='ocrx_word' id='word_1_201' title='bbox 917 2200 1131 2276; x_wconf 74' lang='lat' dir='ltr'><strong>desorrpn&#39;onem</strong></span> <span class='ocrx_word' id='word_1_202' title='bbox 1140 2193 1408 2256; x_wconf 64' lang='lat' dir='ltr'><strong>obducunt-122³-</strong></span> 
     </span>
     <span class='ocr_line' id='line_1_21' title="bbox 6 2293 1257 2385; baseline -0.006 -19"><span class='ocrx_word' id='word_1_203' title='bbox 6 2293 9 2298; x_wconf 69' lang='grc'><strong>’</strong></span> <span class='ocrx_word' id='word_1_204' title='bbox 95 2311 175 2378; x_wconf 84' lang='lat' dir='ltr'><strong>rent,</strong></span> <span class='ocrx_word' id='word_1_205' title='bbox 191 2321 266 2364; x_wconf 87' lang='lat' dir='ltr'><strong>neve</strong></span> <span class='ocrx_word' id='word_1_206' title='bbox 282 2321 299 2366; x_wconf 89' lang='lat' dir='ltr'><strong>a</strong></span> <span class='ocrx_word' id='word_1_207' title='bbox 316 2311 437 2385; x_wconf 86' lang='lat' dir='ltr'><strong>paterna</strong></span> <span class='ocrx_word' id='word_1_208' title='bbox 453 2299 546 2382; x_wconf 76' lang='lat' dir='ltr'><strong>gloria</strong></span> <span class='ocrx_word' id='word_1_209' title='bbox 559 2299 685 2362; x_wconf 86' lang='lat' dir='ltr'><strong>alienum</strong></span> <span class='ocrx_word' id='word_1_210' title='bbox 702 2319 768 2362; x_wconf 87' lang='lat' dir='ltr'><strong>asse</strong></span> <span class='ocrx_word' id='word_1_211' title='bbox 780 2298 917 2362; x_wconf 82' lang='lat' dir='ltr'><strong>filiumex</strong></span> <span class='ocrx_word' id='word_1_212' title='bbox 933 2318 969 2360; x_wconf 88' lang='lat' dir='ltr'><strong>en</strong></span> <span class='ocrx_word' id='word_1_213' title='bbox 985 2295 1180 2362; x_wconf 86' lang='lat' dir='ltr'><strong>nonnullisibi</strong></span> <span class='ocrx_word' id='word_1_214' title='bbox 1192 2315 1257 2380; x_wconf 88' lang='lat' dir='ltr'><strong>par-</strong></span> 
     </span>
    </p>

    <p class='ocr_par' dir='ltr' id='par_1_15' title="bbox 6 2385 1259 2587">
     <span class='ocr_line' id='line_1_22' title="bbox 6 2385 1258 2490; baseline -0.008 -22"><span class='ocrx_word' id='word_1_215' title='bbox 6 2385 8 2418; x_wconf 70' lang='lat'>⁵</span> <span class='ocrx_word' id='word_1_216' title='bbox 94 2403 255 2468; x_wconf 80' lang='lat' dir='ltr'><strong>suaderent</strong></span> <span class='ocrx_word' id='word_1_217' title='bbox 269 2402 344 2485; x_wconf 86' lang='lat' dir='ltr'><strong>quod</strong></span> <span class='ocrx_word' id='word_1_218' title='bbox 364 2421 482 2464; x_wconf 85' lang='lat' dir='ltr'><strong>carnem</strong></span> <span class='ocrx_word' id='word_1_219' title='bbox 496 2411 656 2490; x_wconf 75' lang='lat' dir='ltr'><strong>gestasset.</strong></span> <span class='ocrx_word' id='word_1_220' title='bbox 689 2397 772 2464; x_wconf 89' lang='lat' dir='ltr'><strong>Unda</strong></span> <span class='ocrx_word' id='word_1_221' title='bbox 789 2409 865 2464; x_wconf 88' lang='lat' dir='ltr'><strong>utet</strong></span> <span class='ocrx_word' id='word_1_222' title='bbox 882 2400 966 2462; x_wconf 87' lang='lat' dir='ltr'><strong>fidem</strong></span> <span class='ocrx_word' id='word_1_223' title='bbox 983 2419 1019 2462; x_wconf 88' lang='lat' dir='ltr'><strong>ac</strong></span> <span class='ocrx_word' id='word_1_224' title='bbox 1035 2396 1171 2462; x_wconf 86' lang='lat' dir='ltr'><strong>veritatis</strong></span> <span class='ocrx_word' id='word_1_225' title='bbox 1185 2416 1258 2462; x_wconf 86' lang='lat' dir='ltr'><strong>suaa</strong></span> 
     </span>
     <span class='ocr_line' id='line_1_23' title="bbox 97 2497 1259 2587; baseline -0.005 -19"><span class='ocrx_word' id='word_1_226' title='bbox 97 2503 296 2587; x_wconf 76' lang='lat' dir='ltr'><strong>cognitionem</strong></span> <span class='ocrx_word' id='word_1_227' title='bbox 310 2504 448 2581; x_wconf 86' lang='lat' dir='ltr'><strong>muniret,</strong></span> <span class='ocrx_word' id='word_1_228' title='bbox 465 2512 496 2566; x_wconf 93' lang='lat' dir='ltr'><strong>et</strong></span> <span class='ocrx_word' id='word_1_229' title='bbox 508 2503 577 2566; x_wconf 86' lang='lat' dir='ltr'><strong>nihil</strong></span> <span class='ocrx_word' id='word_1_230' title='bbox 595 2501 737 2566; x_wconf 88' lang='lat' dir='ltr'><strong>eiusmodi</strong></span> <span class='ocrx_word' id='word_1_231' title='bbox 752 2521 906 2566; x_wconf 85' lang='lat' dir='ltr'><strong>serverum</strong></span> <span class='ocrx_word' id='word_1_232' title='bbox 922 2521 1042 2564; x_wconf 84' lang='lat' dir='ltr'><strong>suorum</strong></span> <span class='ocrx_word' id='word_1_233' title='bbox 1052 2497 1259 2568; x_wconf 86' lang='lat' dir='ltr'><strong>mentibnsnc·</strong></span> 
     </span>
    </p>

    <p class='ocr_par' dir='ltr' id='par_1_16' title="bbox 6 2599 1259 2690">
     <span class='ocr_line' id='line_1_24' title="bbox 6 2599 1259 2690; baseline -0.006 -19"><span class='ocrx_word' id='word_1_234' title='bbox 6 2611 8 2616; x_wconf 86' lang='grc'><strong>’</strong></span> <span class='ocrx_word' id='word_1_235' title='bbox 97 2605 317 2687; x_wconf 86' lang='lat' dir='ltr'><strong>curreretqund</strong></span> <span class='ocrx_word' id='word_1_236' title='bbox 326 2604 407 2690; x_wconf 88' lang='lat' dir='ltr'><strong>ipsos</strong></span> <span class='ocrx_word' id='word_1_237' title='bbox 419 2603 498 2668; x_wconf 76' lang='lat' dir='ltr'><strong>omiti</strong></span> <span class='ocrx_word' id='word_1_238' title='bbox 507 2625 559 2688; x_wconf 84' lang='lat' dir='ltr'><strong>spe</strong></span> <span class='ocrx_word' id='word_1_239' title='bbox 569 2603 796 2667; x_wconf 84' lang='lat' dir='ltr'><strong>immortalitatis</strong></span> <span class='ocrx_word' id='word_1_240' title='bbox 805 2603 991 2682; x_wconf 82' lang='lat' dir='ltr'><strong>excluderet,</strong></span> <span class='ocrx_word' id='word_1_241' title='bbox 1002 2599 1196 2664; x_wconf 87' lang='lat' dir='ltr'><strong>adiiciendum</strong></span> <span class='ocrx_word' id='word_1_242' title='bbox 1207 2621 1259 2684; x_wconf 89' lang='lat' dir='ltr'><strong>pu-</strong></span> 
     </span>
    </p>

    <p class='ocr_par' dir='ltr' id='par_1_17' title="bbox 6 2679 1358 2790">
     <span class='ocr_line' id='line_1_25' title="bbox 6 2679 1358 2790; baseline -0.007 -18"><span class='ocrx_word' id='word_1_243' title='bbox 6 2717 7 2724; x_wconf 76' lang='grc'>’</span> <span class='ocrx_word' id='word_1_244' title='bbox 98 2708 188 2786; x_wconf 84' lang='lat' dir='ltr'><strong>tavit,</strong></span> <span class='ocrx_word' id='word_1_245' title='bbox 216 2711 253 2770; x_wconf 80' lang='lat' dir='ltr'><strong>tlt</strong></span> <span class='ocrx_word' id='word_1_246' title='bbox 263 2711 325 2768; x_wconf 76' lang='lat' dir='ltr'><strong>aciat</strong></span> <span class='ocrx_word' id='word_1_247' title='bbox 338 2729 435 2780; x_wconf 70' lang='lat' dir='ltr'><strong>mura,</strong></span> <span class='ocrx_word' id='word_1_248' title='bbox 450 2711 526 2768; x_wconf 70' lang='lat' dir='ltr'><strong>steret</strong></span> <span class='ocrx_word' id='word_1_249' title='bbox 535 2728 588 2786; x_wconf 79' lang='lat' dir='ltr'><strong>ego</strong></span> <span class='ocrx_word' id='word_1_250' title='bbox 603 2717 633 2768; x_wconf 90' lang='lat' dir='ltr'><strong>et</strong></span> <span class='ocrx_word' id='word_1_251' title='bbox 644 2717 675 2766; x_wconf 87' lang='lat' dir='ltr'><strong>tu</strong></span> <span class='ocrx_word' id='word_1_252' title='bbox 689 2727 774 2766; x_wconf 80' lang='lat' dir='ltr'><strong>urrant</strong></span> <span class='ocrx_word' id='word_1_253' title='bbox 788 2725 904 2766; x_wconf 74' lang='lat' dir='ltr'><strong>ramus:</strong></span> <span class='ocrx_word' id='word_1_254' title='bbox 928 2706 1064 2784; x_wconf 79' lang='lat' dir='ltr'><strong>egoenim</strong></span> <span class='ocrx_word' id='word_1_255' title='bbox 1077 2714 1106 2764; x_wconf 87' lang='lat' dir='ltr'><strong>et</strong></span> <span class='ocrx_word' id='word_1_256' title='bbox 1124 2713 1156 2764; x_wconf 87' lang='lat' dir='ltr'><strong>tat</strong></span> <span class='ocrx_word' id='word_1_257' title='bbox 1170 2723 1255 2764; x_wconf 75' lang='lat' dir='ltr'><strong>unum</strong></span> <span class='ocrx_word' id='word_1_258' title='bbox 1269 2679 1358 2790; x_wconf 54' lang='lat'><strong>“3:¹22</strong></span> 
     </span>
    </p>
   </div>
   <div class='ocr_carea' id='block_1_3' title="bbox 6 2803 1256 2892">
    <p class='ocr_par' dir='ltr' id='par_1_18' title="bbox 6 2803 1256 2892">
     <span class='ocr_line' id='line_1_26' title="bbox 6 2803 1256 2892; baseline -0.005 -20"><span class='ocrx_word' id='word_1_259' title='bbox 6 2813 8 2824; x_wconf 81' lang='lat'><em>&#39;</em></span> <span class='ocrx_word' id='word_1_260' title='bbox 96 2829 205 2882; x_wconf 78' lang='lat' dir='ltr'><strong>suman,</strong></span> <span class='ocrx_word' id='word_1_261' title='bbox 224 2829 261 2870; x_wconf 92' lang='lat' dir='ltr'><strong>ec</strong></span> <span class='ocrx_word' id='word_1_262' title='bbox 271 2810 346 2892; x_wconf 87' lang='lat' dir='ltr'><strong>quod</strong></span> <span class='ocrx_word' id='word_1_263' title='bbox 359 2809 431 2872; x_wconf 87' lang='lat' dir='ltr'><strong>dens</strong></span> <span class='ocrx_word' id='word_1_264' title='bbox 441 2809 557 2886; x_wconf 80' lang='lat' dir='ltr'><strong>exdec,</strong></span> <span class='ocrx_word' id='word_1_265' title='bbox 576 2815 607 2868; x_wconf 88' lang='lat' dir='ltr'><strong>et</strong></span> <span class='ocrx_word' id='word_1_266' title='bbox 621 2805 881 2870; x_wconf 87' lang='lat' dir='ltr'><strong>consubstantialis</strong></span> <span class='ocrx_word' id='word_1_267' title='bbox 896 2805 925 2869; x_wconf 94' lang='lat' dir='ltr'><strong>in</strong></span> <span class='ocrx_word' id='word_1_268' title='bbox 936 2805 1088 2868; x_wconf 85' lang='lat' dir='ltr'><strong>divinitate</strong></span> <span class='ocrx_word' id='word_1_269' title='bbox 1104 2803 1143 2867; x_wconf 91' lang='lat' dir='ltr'><strong>sit</strong></span> <span class='ocrx_word' id='word_1_270' title='bbox 1158 2813 1256 2870; x_wconf 84' lang='lat' dir='ltr'><strong>natus.</strong></span> 
     </span>
    </p>
   </div>
   <div class='ocr_carea' id='block_1_4' title="bbox 6 2907 1261 3504">
    <p class='ocr_par' dir='ltr' id='par_1_19' title="bbox 6 2907 1261 3504">
     <span class='ocr_line' id='line_1_27' title="bbox 97 2907 1257 2991; baseline -0.003 -17"><span class='ocrx_word' id='word_1_271' title='bbox 97 2908 195 2974; x_wconf 86' lang='lat' dir='ltr'><strong>Porro</strong></span> <span class='ocrx_word' id='word_1_272' title='bbox 211 2910 278 2974; x_wconf 87' lang='lat' dir='ltr'><strong>illae</strong></span> <span class='ocrx_word' id='word_1_273' title='bbox 295 2909 376 2991; x_wconf 88' lang='lat' dir='ltr'><strong>ipsae</strong></span> <span class='ocrx_word' id='word_1_274' title='bbox 392 2929 500 2986; x_wconf 87' lang='lat' dir='ltr'><strong>voces,</strong></span> <span class='ocrx_word' id='word_1_275' title='bbox 527 2912 616 2972; x_wconf 74' lang='lat' dir='ltr'><strong>Unam</strong></span> <span class='ocrx_word' id='word_1_276' title='bbox 635 2929 742 2981; x_wconf 83' lang='lat' dir='ltr'><strong>samar,</strong></span> <span class='ocrx_word' id='word_1_277' title='bbox 768 2928 828 2970; x_wconf 89' lang='lat' dir='ltr'><strong>non</strong></span> <span class='ocrx_word' id='word_1_278' title='bbox 845 2907 994 2990; x_wconf 74' lang='lat' dir='ltr'><strong>singulare</strong></span> <span class='ocrx_word' id='word_1_279' title='bbox 1012 2907 1120 2990; x_wconf 88' lang='lat' dir='ltr'><strong>aliquid</strong></span> <span class='ocrx_word' id='word_1_280' title='bbox 1136 2926 1205 2991; x_wconf 90' lang='lat' dir='ltr'><strong>prae</strong></span> <span class='ocrx_word' id='word_1_281' title='bbox 1224 2925 1257 2970; x_wconf 85' lang='lat' dir='ltr'><strong>ae</strong></span> 
     </span>
     <span class='ocr_line' id='line_1_28' title="bbox 6 3005 1260 3095; baseline -0.006 -19"><span class='ocrx_word' id='word_1_282' title='bbox 6 3005 7 3010; x_wconf 29' lang='lat'>¹</span> <span class='ocrx_word' id='word_1_283' title='bbox 99 3015 211 3076; x_wconf 85' lang='lat' dir='ltr'><strong>lerunt.</strong></span> <span class='ocrx_word' id='word_1_284' title='bbox 242 3009 350 3095; x_wconf 82' lang='lat' dir='ltr'><strong>Neque</strong></span> <span class='ocrx_word' id='word_1_285' title='bbox 369 3011 447 3074; x_wconf 88' lang='lat' dir='ltr'><strong>enim</strong></span> <span class='ocrx_word' id='word_1_286' title='bbox 461 3011 548 3088; x_wconf 85' lang='lat' dir='ltr'><strong>dixit,</strong></span> <span class='ocrx_word' id='word_1_287' title='bbox 572 3014 637 3092; x_wconf 77' lang='lat' dir='ltr'><strong>Ego</strong></span> <span class='ocrx_word' id='word_1_288' title='bbox 652 3031 726 3072; x_wconf 82' lang='lat' dir='ltr'><strong>unca</strong></span> <span class='ocrx_word' id='word_1_289' title='bbox 740 3031 813 3083; x_wconf 76' lang='lat' dir='ltr'><strong>man,</strong></span> <span class='ocrx_word' id='word_1_290' title='bbox 832 3010 896 3086; x_wconf 86' lang='lat' dir='ltr'><strong>sed,</strong></span> <span class='ocrx_word' id='word_1_291' title='bbox 915 3013 982 3088; x_wconf 75' lang='lat' dir='ltr'><strong>Ego</strong></span> <span class='ocrx_word' id='word_1_292' title='bbox 995 3021 1026 3069; x_wconf 81' lang='lat' dir='ltr'><strong>et</strong></span> <span class='ocrx_word' id='word_1_293' title='bbox 1038 3020 1079 3082; x_wconf 88' lang='lat' dir='ltr'><strong>tu,</strong></span> <span class='ocrx_word' id='word_1_294' title='bbox 1106 3018 1148 3087; x_wconf 87' lang='lat' dir='ltr'><strong>et,</strong></span> <span class='ocrx_word' id='word_1_295' title='bbox 1171 3011 1260 3070; x_wconf 81' lang='lat' dir='ltr'><strong>Unum</strong></span> 
     </span>
     <span class='ocr_line' id='line_1_29' title="bbox 97 3107 1260 3196; baseline -0.006 -20"><span class='ocrx_word' id='word_1_296' title='bbox 97 3135 207 3178; x_wconf 73' lang='lat' dir='ltr'><strong>sumus.</strong></span> <span class='ocrx_word' id='word_1_297' title='bbox 245 3110 312 3196; x_wconf 79' lang='lat' dir='ltr'><strong>Qua</strong></span> <span class='ocrx_word' id='word_1_298' title='bbox 330 3113 444 3176; x_wconf 90' lang='lat' dir='ltr'><strong>ratione</strong></span> <span class='ocrx_word' id='word_1_299' title='bbox 459 3109 620 3178; x_wconf 77' lang='lat' dir='ltr'><strong>sabellium</strong></span> <span class='ocrx_word' id='word_1_300' title='bbox 635 3133 700 3175; x_wconf 85' lang='lat' dir='ltr'><strong>curn</strong></span> <span class='ocrx_word' id='word_1_301' title='bbox 718 3111 798 3174; x_wconf 87' lang='lat' dir='ltr'><strong>omni</strong></span> <span class='ocrx_word' id='word_1_302' title='bbox 813 3131 866 3174; x_wconf 88' lang='lat' dir='ltr'><strong>sua</strong></span> <span class='ocrx_word' id='word_1_303' title='bbox 887 3111 988 3174; x_wconf 87' lang='lat' dir='ltr'><strong>schola</strong></span> <span class='ocrx_word' id='word_1_304' title='bbox 1005 3109 1192 3185; x_wconf 77' lang='lat' dir='ltr'><strong>condemnat,</strong></span> <span class='ocrx_word' id='word_1_305' title='bbox 1211 3107 1260 3190; x_wconf 84' lang='lat' dir='ltr'><strong>qui</strong></span> 
     </span>
     <span class='ocr_line' id='line_1_30' title="bbox 6 3205 1260 3300; baseline -0.007 -19"><span class='ocrx_word' id='word_1_306' title='bbox 6 3227 7 3240; x_wconf 64' lang='lat'>¹</span> <span class='ocrx_word' id='word_1_307' title='bbox 98 3216 189 3280; x_wconf 86' lang='lat' dir='ltr'><strong>lilium</strong></span> <span class='ocrx_word' id='word_1_308' title='bbox 206 3237 271 3278; x_wconf 87' lang='lat' dir='ltr'><strong>cuna</strong></span> <span class='ocrx_word' id='word_1_309' title='bbox 288 3223 389 3300; x_wconf 85' lang='lat' dir='ltr'><strong>patre,</strong></span> <span class='ocrx_word' id='word_1_310' title='bbox 420 3225 452 3278; x_wconf 88' lang='lat' dir='ltr'><strong>et</strong></span> <span class='ocrx_word' id='word_1_311' title='bbox 472 3225 583 3299; x_wconf 84' lang='lat' dir='ltr'><strong>patrem</strong></span> <span class='ocrx_word' id='word_1_312' title='bbox 604 3235 670 3280; x_wconf 86' lang='lat' dir='ltr'><strong>eum</strong></span> <span class='ocrx_word' id='word_1_313' title='bbox 687 3212 791 3298; x_wconf 88' lang='lat' dir='ltr'><strong>spiritu</strong></span> <span class='ocrx_word' id='word_1_314' title='bbox 809 3222 912 3276; x_wconf 88' lang='lat' dir='ltr'><strong>sancto</strong></span> <span class='ocrx_word' id='word_1_315' title='bbox 935 3210 1097 3276; x_wconf 84' lang='lat' dir='ltr'><strong>corrlundit.</strong></span> <span class='ocrx_word' id='word_1_316' title='bbox 1143 3205 1260 3272; x_wconf 87' lang='lat' dir='ltr'><strong>ldoireo</strong></span> 
     </span>
     <span class='ocr_line' id='line_1_31' title="bbox 100 3311 1261 3396; baseline -0.007 -16"><span class='ocrx_word' id='word_1_317' title='bbox 100 3317 196 3396; x_wconf 86' lang='lat' dir='ltr'><strong>eninr,</strong></span> <span class='ocrx_word' id='word_1_318' title='bbox 224 3322 313 3380; x_wconf 82' lang='lat' dir='ltr'><strong>Unum</strong></span> <span class='ocrx_word' id='word_1_319' title='bbox 327 3339 440 3391; x_wconf 82' lang='lat' dir='ltr'><strong>sumus,</strong></span> <span class='ocrx_word' id='word_1_320' title='bbox 465 3313 556 3394; x_wconf 81' lang='lat' dir='ltr'><strong>dixit,</strong></span> <span class='ocrx_word' id='word_1_321' title='bbox 581 3335 641 3380; x_wconf 87' lang='lat' dir='ltr'><strong>non</strong></span> <span class='ocrx_word' id='word_1_322' title='bbox 661 3325 760 3380; x_wconf 86' lang='lat' dir='ltr'><strong>antem</strong></span> <span class='ocrx_word' id='word_1_323' title='bbox 781 3319 858 3378; x_wconf 83' lang='lat' dir='ltr'><strong>Unus</strong></span> <span class='ocrx_word' id='word_1_324' title='bbox 873 3337 945 3376; x_wconf 79' lang='lat' dir='ltr'><strong>sum.</strong></span> <span class='ocrx_word' id='word_1_325' title='bbox 993 3311 1109 3396; x_wconf 82' lang='lat' dir='ltr'><strong>Quippe</strong></span> <span class='ocrx_word' id='word_1_326' title='bbox 1129 3311 1261 3395; x_wconf 86' lang='lat' dir='ltr'><strong>perlecta</strong></span> 
     </span>
     <span class='ocr_line' id='line_1_32' title="bbox 6 3412 1261 3504; baseline -0.006 -21"><span class='ocrx_word' id='word_1_327' title='bbox 6 3421 8 3444; x_wconf 35' lang='lat' dir='ltr'><strong>l</strong></span> <span class='ocrx_word' id='word_1_328' title='bbox 100 3419 158 3482; x_wconf 90' lang='lat' dir='ltr'><strong>dnc</strong></span> <span class='ocrx_word' id='word_1_329' title='bbox 179 3428 267 3499; x_wconf 85' lang='lat' dir='ltr'><strong>sunt,</strong></span> <span class='ocrx_word' id='word_1_330' title='bbox 300 3417 543 3504; x_wconf 86' lang='lat' dir='ltr'><strong>pateretliliua,</strong></span> <span class='ocrx_word' id='word_1_331' title='bbox 575 3418 736 3480; x_wconf 81' lang='lat' dir='ltr'><strong>sedunum</strong></span> <span class='ocrx_word' id='word_1_332' title='bbox 763 3417 951 3480; x_wconf 73' lang='lat' dir='ltr'><strong>nihilominus</strong></span> <span class='ocrx_word' id='word_1_333' title='bbox 967 3413 1164 3498; x_wconf 84' lang='lat' dir='ltr'><strong>aequalitate,</strong></span> <span class='ocrx_word' id='word_1_334' title='bbox 1188 3412 1261 3476; x_wconf 87' lang='lat' dir='ltr'><strong>divi·</strong></span> 
     </span>
    </p>
   </div>
   <div class='ocr_carea' id='block_1_5' title="bbox 6 3513 1263 3706">
    <p class='ocr_par' dir='ltr' id='par_1_20' title="bbox 6 3513 1263 3706">
     <span class='ocr_line' id='line_1_33' title="bbox 6 3513 1263 3601; baseline -0.008 -16"><span class='ocrx_word' id='word_1_335' title='bbox 6 3519 7 3528; x_wconf 68' lang='grc'>’</span> <span class='ocrx_word' id='word_1_336' title='bbox 100 3521 211 3598; x_wconf 86' lang='lat' dir='ltr'><strong>nitate,</strong></span> <span class='ocrx_word' id='word_1_337' title='bbox 235 3521 361 3599; x_wconf 86' lang='lat' dir='ltr'><strong>virtute,</strong></span> <span class='ocrx_word' id='word_1_338' title='bbox 386 3519 587 3586; x_wconf 86' lang='lat' dir='ltr'><strong>similitudine.</strong></span> <span class='ocrx_word' id='word_1_339' title='bbox 634 3514 852 3582; x_wconf 85' lang='lat' dir='ltr'><strong>Concludamus</strong></span> <span class='ocrx_word' id='word_1_340' title='bbox 871 3518 988 3601; x_wconf 85' lang='lat' dir='ltr'><strong>itaqua,</strong></span> <span class='ocrx_word' id='word_1_341' title='bbox 1013 3515 1140 3598; x_wconf 86' lang='lat' dir='ltr'><strong>quodad</strong></span> <span class='ocrx_word' id='word_1_342' title='bbox 1157 3513 1263 3576; x_wconf 84' lang='lat' dir='ltr'><strong>divini-</strong></span> 
     </span>
     <span class='ocr_line' id='line_1_34' title="bbox 6 3615 1263 3706; baseline -0.008 -19"><span class='ocrx_word' id='word_1_343' title='bbox 6 3621 7 3648; x_wconf 79' lang='lat'><em>³</em></span> <span class='ocrx_word' id='word_1_344' title='bbox 101 3632 192 3688; x_wconf 86' lang='lat' dir='ltr'><strong>tatem</strong></span> <span class='ocrx_word' id='word_1_345' title='bbox 209 3622 350 3706; x_wconf 78' lang='lat' dir='ltr'><strong>pertinet,</strong></span> <span class='ocrx_word' id='word_1_346' title='bbox 373 3635 485 3706; x_wconf 87' lang='lat' dir='ltr'><strong>patrem</strong></span> <span class='ocrx_word' id='word_1_347' title='bbox 505 3631 535 3683; x_wconf 92' lang='lat' dir='ltr'><strong>et</strong></span> <span class='ocrx_word' id='word_1_348' title='bbox 553 3621 642 3684; x_wconf 88' lang='lat' dir='ltr'><strong>lilium</strong></span> <span class='ocrx_word' id='word_1_349' title='bbox 660 3620 736 3684; x_wconf 86' lang='lat' dir='ltr'><strong>idem</strong></span> <span class='ocrx_word' id='word_1_350' title='bbox 755 3629 842 3702; x_wconf 87' lang='lat' dir='ltr'><strong>atquc</strong></span> <span class='ocrx_word' id='word_1_351' title='bbox 859 3639 947 3681; x_wconf 84' lang='lat' dir='ltr'><strong>utrum</strong></span> <span class='ocrx_word' id='word_1_352' title='bbox 967 3637 1052 3680; x_wconf 81' lang='lat' dir='ltr'><strong>esse:</strong></span> <span class='ocrx_word' id='word_1_353' title='bbox 1077 3615 1103 3678; x_wconf 88' lang='lat' dir='ltr'><strong>si</strong></span> <span class='ocrx_word' id='word_1_354' title='bbox 1121 3635 1196 3679; x_wconf 87' lang='lat' dir='ltr'><strong>vero</strong></span> <span class='ocrx_word' id='word_1_355' title='bbox 1212 3635 1263 3676; x_wconf 88' lang='lat' dir='ltr'><strong>na-</strong></span> 
     </span>
    </p>
   </div>
   <div class='ocr_carea' id='block_1_6' title="bbox 6 3715 1389 4325">
    <p class='ocr_par' dir='ltr' id='par_1_21' title="bbox 6 3715 1389 4325">
     <span class='ocr_line' id='line_1_35' title="bbox 101 3715 1264 3802; baseline -0.009 -15"><span class='ocrx_word' id='word_1_356' title='bbox 101 3735 196 3788; x_wconf 85' lang='lat' dir='ltr'><strong>turam</strong></span> <span class='ocrx_word' id='word_1_357' title='bbox 224 3723 348 3788; x_wconf 82' lang='lat' dir='ltr'><strong>ltonrinis</strong></span> <span class='ocrx_word' id='word_1_358' title='bbox 372 3723 564 3800; x_wconf 81' lang='lat' dir='ltr'><strong>consideres,</strong></span> <span class='ocrx_word' id='word_1_359' title='bbox 593 3743 683 3785; x_wconf 87' lang='lat' dir='ltr'><strong>unum</strong></span> <span class='ocrx_word' id='word_1_360' title='bbox 706 3741 773 3784; x_wconf 86' lang='lat' dir='ltr'><strong>ease</strong></span> <span class='ocrx_word' id='word_1_361' title='bbox 791 3740 856 3782; x_wconf 81' lang='lat' dir='ltr'><strong>curn</strong></span> <span class='ocrx_word' id='word_1_362' title='bbox 880 3715 1029 3802; x_wconf 86' lang='lat' dir='ltr'><strong>discipulis</strong></span> <span class='ocrx_word' id='word_1_363' title='bbox 1052 3717 1159 3796; x_wconf 69' lang='lat' dir='ltr'><strong>lilium,</strong></span> <span class='ocrx_word' id='word_1_364' title='bbox 1190 3735 1264 3799; x_wconf 81' lang='lat' dir='ltr'><strong>qnos</strong></span> 
     </span>
     <span class='ocr_line' id='line_1_36' title="bbox 6 3817 1263 3908; baseline -0.008 -18"><span class='ocrx_word' id='word_1_365' title='bbox 6 3831 7 3852; x_wconf 85' lang='lat'>³</span> <span class='ocrx_word' id='word_1_366' title='bbox 100 3825 267 3890; x_wconf 86' lang='lat' dir='ltr'><strong>vocationis</strong></span> <span class='ocrx_word' id='word_1_367' title='bbox 282 3845 355 3890; x_wconf 87' lang='lat' dir='ltr'><strong>snae</strong></span> <span class='ocrx_word' id='word_1_368' title='bbox 372 3823 605 3908; x_wconf 76' lang='lat' dir='ltr'><strong>gratificatione,</strong></span> <span class='ocrx_word' id='word_1_369' title='bbox 630 3843 683 3908; x_wconf 89' lang='lat' dir='ltr'><strong>pro</strong></span> <span class='ocrx_word' id='word_1_370' title='bbox 699 3821 811 3885; x_wconf 84' lang='lat' dir='ltr'><strong>inlicita</strong></span> <span class='ocrx_word' id='word_1_371' title='bbox 829 3841 882 3884; x_wconf 87' lang='lat' dir='ltr'><strong>sua</strong></span> <span class='ocrx_word' id='word_1_372' title='bbox 900 3817 1099 3902; x_wconf 81' lang='lat' dir='ltr'><strong>benignitate,</strong></span> <span class='ocrx_word' id='word_1_373' title='bbox 1123 3817 1159 3880; x_wconf 91' lang='lat' dir='ltr'><strong>ad</strong></span> <span class='ocrx_word' id='word_1_374' title='bbox 1177 3837 1263 3880; x_wconf 87' lang='lat' dir='ltr'><strong>unam</strong></span> 
     </span>
     <span class='ocr_line' id='line_1_37' title="bbox 6 3917 1294 4012; baseline -0.009 -21"><span class='ocrx_word' id='word_1_375' title='bbox 6 3951 7 3960; x_wconf 53' lang='lat'>¹</span> <span class='ocrx_word' id='word_1_376' title='bbox 105 3925 271 4012; x_wconf 89' lang='lat' dir='ltr'><strong>adoptionis</strong></span> <span class='ocrx_word' id='word_1_377' title='bbox 289 3927 524 4010; x_wconf 74' lang='lat' dir='ltr'><strong>singularitatem</strong></span> <span class='ocrx_word' id='word_1_378' title='bbox 542 3925 577 3987; x_wconf 91' lang='lat' dir='ltr'><strong>de</strong></span> <span class='ocrx_word' id='word_1_379' title='bbox 593 3922 739 3988; x_wconf 89' lang='lat' dir='ltr'><strong>communi</strong></span> <span class='ocrx_word' id='word_1_380' title='bbox 761 3922 850 4007; x_wconf 89' lang='lat' dir='ltr'><strong>patris</strong></span> <span class='ocrx_word' id='word_1_381' title='bbox 869 3932 899 3984; x_wconf 90' lang='lat' dir='ltr'><strong>et</strong></span> <span class='ocrx_word' id='word_1_382' title='bbox 917 3920 965 3983; x_wconf 87' lang='lat' dir='ltr'><strong>lilii</strong></span> <span class='ocrx_word' id='word_1_383' title='bbox 986 3931 1016 3983; x_wconf 88' lang='lat' dir='ltr'><strong>et</strong></span> <span class='ocrx_word' id='word_1_384' title='bbox 1029 3919 1151 4004; x_wconf 88' lang='lat' dir='ltr'><strong>spiritus</strong></span> <span class='ocrx_word' id='word_1_385' title='bbox 1169 3917 1264 3982; x_wconf 89' lang='lat' dir='ltr'><strong>sancti</strong></span> <span class='ocrx_word' id='word_1_386' title='bbox 1288 3941 1294 3950; x_wconf 75' lang='grc'><strong>’</strong></span> 
     </span>
     <span class='ocr_line' id='line_1_38' title="bbox 102 4021 1265 4112; baseline -0.007 -22"><span class='ocrx_word' id='word_1_387' title='bbox 102 4028 253 4091; x_wconf 86' lang='lat' dir='ltr'><strong>sententia</strong></span> <span class='ocrx_word' id='word_1_388' title='bbox 269 4027 419 4112; x_wconf 82' lang='lat' dir='ltr'><strong>perduxit.</strong></span> <span class='ocrx_word' id='word_1_389' title='bbox 453 4023 521 4108; x_wconf 78' lang='lat' dir='ltr'><strong>Qua</strong></span> <span class='ocrx_word' id='word_1_390' title='bbox 540 4025 655 4110; x_wconf 88' lang='lat' dir='ltr'><strong>quidem</strong></span> <span class='ocrx_word' id='word_1_391' title='bbox 671 4025 787 4087; x_wconf 89' lang='lat' dir='ltr'><strong>ratione</strong></span> <span class='ocrx_word' id='word_1_392' title='bbox 805 4022 1031 4086; x_wconf 86' lang='lat' dir='ltr'><strong>vanissimorum</strong></span> <span class='ocrx_word' id='word_1_393' title='bbox 1048 4021 1208 4097; x_wconf 88' lang='lat' dir='ltr'><strong>hominum,</strong></span> <span class='ocrx_word' id='word_1_394' title='bbox 1229 4040 1265 4083; x_wconf 88' lang='lat' dir='ltr'><strong>ac</strong></span> 
     </span>
     <span class='ocr_line' id='line_1_39' title="bbox 103 4123 1109 4206; baseline -0.008 -14"><span class='ocrx_word' id='word_1_395' title='bbox 103 4128 180 4192; x_wconf 86' lang='lat' dir='ltr'><strong>male</strong></span> <span class='ocrx_word' id='word_1_396' title='bbox 203 4129 239 4192; x_wconf 85' lang='lat' dir='ltr'><strong>da</strong></span> <span class='ocrx_word' id='word_1_397' title='bbox 262 4129 458 4194; x_wconf 86' lang='lat' dir='ltr'><strong>dominusne</strong></span> <span class='ocrx_word' id='word_1_398' title='bbox 481 4125 688 4203; x_wconf 86' lang='lat' dir='ltr'><strong>sentientium,</strong></span> <span class='ocrx_word' id='word_1_399' title='bbox 711 4123 786 4188; x_wconf 83' lang='lat' dir='ltr'><strong>falsa</strong></span> <span class='ocrx_word' id='word_1_400' title='bbox 808 4124 975 4188; x_wconf 80' lang='lat' dir='ltr'><strong>confutatur</strong></span> <span class='ocrx_word' id='word_1_401' title='bbox 997 4123 1109 4206; x_wconf 89' lang='lat' dir='ltr'><strong>opinio.</strong></span> 
     </span>
     <span class='ocr_line' id='line_1_40' title="bbox 191 4207 1389 4325; baseline -0.009 -31"><span class='ocrx_word' id='word_1_402' title='bbox 191 4227 252 4294; x_wconf 83' lang='lat' dir='ltr'><strong>Sed</strong></span> <span class='ocrx_word' id='word_1_403' title='bbox 275 4229 334 4293; x_wconf 92' lang='lat' dir='ltr'><strong>iam</strong></span> <span class='ocrx_word' id='word_1_404' title='bbox 359 4230 395 4293; x_wconf 88' lang='lat' dir='ltr'><strong>ab</strong></span> <span class='ocrx_word' id='word_1_405' title='bbox 416 4229 471 4294; x_wconf 89' lang='lat' dir='ltr'><strong>hnc</strong></span> <span class='ocrx_word' id='word_1_406' title='bbox 489 4228 584 4314; x_wconf 86' lang='lat' dir='ltr'><strong>capite</strong></span> <span class='ocrx_word' id='word_1_407' title='bbox 604 4227 639 4291; x_wconf 92' lang='lat' dir='ltr'><strong>ad</strong></span> <span class='ocrx_word' id='word_1_408' title='bbox 664 4227 720 4290; x_wconf 89' lang='lat' dir='ltr'><strong>alia</strong></span> <span class='ocrx_word' id='word_1_409' title='bbox 738 4226 877 4311; x_wconf 86' lang='lat' dir='ltr'><strong>deinceps</strong></span> <span class='ocrx_word' id='word_1_410' title='bbox 902 4226 1053 4289; x_wconf 88' lang='lat' dir='ltr'><strong>tractanda</strong></span> <span class='ocrx_word' id='word_1_411' title='bbox 1076 4222 1260 4308; x_wconf 83' lang='lat' dir='ltr'><strong>progrediar.</strong></span> <span class='ocrx_word' id='word_1_412' title='bbox 1290 4207 1389 4325; x_wconf 53' lang='lat' dir='ltr'><strong>Q(</strong></span> 
     </span>
    </p>
   </div>
   <div class='ocr_carea' id='block_1_7' title="bbox 138 4444 980 4509">
    <p class='ocr_par' dir='ltr' id='par_1_22' title="bbox 138 4444 980 4509">
     <span class='ocr_line' id='line_1_41' title="bbox 138 4444 980 4509; baseline -0.012 -5"><span class='ocrx_word' id='word_1_413' title='bbox 138 4449 163 4504; x_wconf 82' lang='lat' dir='ltr'><strong>e.</strong></span> <span class='ocrx_word' id='word_1_414' title='bbox 182 4449 227 4506; x_wconf 68' lang='lat' dir='ltr'><strong>sat</strong></span> <span class='ocrx_word' id='word_1_415' title='bbox 242 4449 287 4504; x_wconf 79' lang='grc' dir='ltr'><strong>τοῦ</strong></span> <span class='ocrx_word' id='word_1_416' title='bbox 301 4449 356 4504; x_wconf 74' lang='grc' dir='ltr'><strong>υἱοῦ</strong></span> <span class='ocrx_word' id='word_1_417' title='bbox 374 4451 443 4502; x_wconf 84' lang='lat' dir='ltr'><strong>codd.</strong></span> <span class='ocrx_word' id='word_1_418' title='bbox 459 4463 513 4500; x_wconf 77' lang='lat' dir='ltr'><strong>nus</strong></span> <span class='ocrx_word' id='word_1_419' title='bbox 532 4453 553 4501; x_wconf 82' lang='lat' dir='ltr'><strong>at</strong></span> <span class='ocrx_word' id='word_1_420' title='bbox 569 4449 606 4498; x_wconf 82' lang='lat' dir='ltr'><strong>td.</strong></span> <span class='ocrx_word' id='word_1_421' title='bbox 621 4450 697 4509; x_wconf 74' lang='lat' dir='ltr'><strong>prim.</strong></span> <span class='ocrx_word' id='word_1_422' title='bbox 713 4444 759 4498; x_wconf 80' lang='grc' dir='ltr'><strong>καὶ</strong></span> <span class='ocrx_word' id='word_1_423' title='bbox 773 4445 829 4498; x_wconf 78' lang='grc' dir='ltr'><strong>υἱοῦ</strong></span> <span class='ocrx_word' id='word_1_424' title='bbox 846 4447 882 4496; x_wconf 80' lang='lat' dir='ltr'><strong>ot</strong></span> <span class='ocrx_word' id='word_1_425' title='bbox 898 4445 980 4498; x_wconf 83' lang='lat' dir='ltr'><strong>Peleo.</strong></span> 
     </span>
    </p>
   </div>
   <div class='ocr_carea' id='block_1_8' title="bbox 979 4529 1051 4595">
    <p class='ocr_par' dir='ltr' id='par_1_23' title="bbox 979 4529 1051 4595">
     <span class='ocr_line' id='line_1_42' title="bbox 979 4529 1051 4595; baseline 0 0"><span class='ocrx_word' id='word_1_426' title='bbox 979 4529 1051 4595; x_wconf 75' lang='lat'><strong>45⁸</strong></span> 
     </span>
    </p>
   </div>
   <div class='ocr_carea' id='block_1_9' title="bbox 0 0 1600 4942">
    <p class='ocr_par' dir='ltr' id='par_1_24' title="bbox 0 0 1600 4942">
     <span class='ocr_line' id='line_1_43' title="bbox 0 0 1600 4942; baseline 0 0"><span class='ocrx_word' id='word_1_427' title='bbox 0 0 1600 4942; x_wconf 95' lang='lat' dir='ltr'><strong> </strong></span> 
     </span>
    </p>
   </div>
  </div>
 </body>
</html>
