3168 4926
631 809 768 871 snncn
1054 888 1058 897 „

443 963 958 1052 EPIPHANII

214 1165 1206 1246 conrannnnnnsne

541 1355 630 1408 Libii!
650 1355 683 1406 il.
708 1355 823 1408 Totius
841 1356 861 1406 1.

334 1595 640 1674 ADVERSUS
679 1595 1066 1689 anonumum,

294 1741 377 1814 qnae
410 1725 462 1794 eat
492 1717 640 1793 haeresia
665 1717 833 1810 xxvll„
868 1717 939 1792 aire
965 1715 1111 1792 XLVII.

203 1867 264 1954 Qui
283 1867 456 1934 Eneratitee
472 1881 634 1949 nouantur,
666 1868 794 1934 Tutiano
810 1880 1037 1946 eueneaeernnt,
1068 1868 1152 1934 euius
1170 1868 1279 1932 errori·
1297 1879 1357 1948 ουρ.
1373 1879 1392 1930 t.

116 1969 174 2034 boa
190 1971 293 2036 imbuti
311 1983 398 2051 aunt,
424 1974 601 2058 eosdemque
617 1973 703 2038 nuria
719 1971 904 2058 opinionibus
920 1971 1122 2065 euenerunt,
1147 1983 1177 2036 et
1190 1970 1280 2036 maio·

117 2094 171 2137 rer
189 2095 281 2158 nugas
297 2095 333 2138 ae
345 2075 451 2143 deliria
467 2076 623 2140 commenti
641 2085 721 2140 anot.
767 2073 879 2138 florum
895 2075 1000 2160 iugens
1016 2085 1062 2138 est
1077 2074 1162 2138 hodie
1179 2095 1281 2139 nome·

118 2197 174 2240 rue
190 2177 219 2240 in
237 2174 366 2256 Pisidia,
391 2199 483 2262 eaque
501 2174 648 2264 Phrygiae
664 2188 745 2264 parte
764 2197 839 2262 quae
855 2177 969 2242 Adusta
988 2177 1104 2242 dieitur.
1150 2174 1236 2262 Quod
1253 2175 1280 2240 ei

118 2279 234 2363 regioni
255 2299 362 2344 nomen
381 2291 463 2344 eerto
487 2280 532 2344 dei
551 2281 674 2346 oonsilio
694 2279 815 2346 forsitan
833 2279 955 2343 inditum
971 2290 1034 2358 eat,
1066 2279 1141 2365 qued
1160 2280 1227 2344 talis
1245 2299 1281 2342 ae

118 2382 193 2446 tanti
208 2381 324 2446 erroria
339 2383 481 2468 pravitate
495 2382 573 2448 illine
585 2383 701 2448 incolae
715 2383 926 2467 quodammodo
941 2381 1199 2466 conflagraverint.
1226 2381 1282 2448 Est

119 2484 198 2548 eninr
220 2484 392 2550 haeresibus
411 2486 542 2571 apprime
559 2488 680 2549 referta.
726 2483 888 2550 Praeterea
906 2505 979 2549 vero
998 2484 1029 2548 io
1045 2484 1140 2548 Asiae
1160 2486 1279 2570 proriu-

121 2585 195 2666 eiie,
219 2597 248 2650 et
268 2587 297 2650 in
320 2584 450 2665 isauria,
474 2585 664 2674 Pamphylia,
689 2583 812 2665 Cilicia,
845 2585 962 2652 Galatia
982 2583 1154 2650 Eneratitae
1174 2609 1280 2674 propa·

120 2688 180 2773 pati
200 2699 288 2768 aaut,
311 2689 371 2754 imo
390 2701 421 2754 et
438 2690 468 2752 in
486 2688 622 2754 Romano
638 2700 753 2770 traetn,
778 2701 809 2754 et
825 2689 1012 2756 Antiocheno
1031 2690 1060 2754 in
1079 2687 1185 2777 Syria,
1209 2691 1280 2756 lieet

122 2813 181 2856 non
203 2792 311 2878 ubique
334 2792 510 2878 pervaserit.

205 2993 357 3083 Prineipia
374 2997 462 3061 etiam
480 2997 521 3062 itti
540 2997 620 3083 plura
640 2997 838 3078 constituunt,
871 3008 899 3062 et
918 2999 995 3062 inter
1014 3019 1050 3063 ea
1070 2998 1214 3063 diabolum
1234 3017 1281 3062 re·

122 3101 242 3177 ierant,
266 3120 351 3184 quent
371 3100 417 3164 dei
435 3100 574 3187 operibus
590 3101 760 3180 adversari,
784 3121 840 3164 uee
858 3099 898 3164 ilii
917 3120 985 3164 ease
1002 3101 1147 3166 subditum
1167 3101 1279 3181 volort,

121 3203 172 3266 red
192 3202 351 3288 praecipua
370 3203 492 3286 quadarn
511 3212 656 3288 potestate
674 3203 834 3287 praeditum
858 3223 948 3287 agere
968 3223 1041 3288 quae
1058 3203 1191 3282 libuerit,
1221 3225 1281 3269 nott

122 3303 233 3368 malitia
250 3306 452 3391 depravatum.
499 3301 575 3370 Cum
593 3305 719 3370 eeclesia
736 3304 842 3391 quippe
857 3305 976 3370 minime
993 3309 1198 3384 consentiunt,
1228 3305 1281 3372 aed

122 3407 291 3472 ueritatis
307 3407 441 3472 ioetrina
456 3407 572 3492 longiae
587 3407 737 3472 aberrant.
784 3406 867 3472 lnter
885 3408 1038 3493 primarias
1053 3409 1215 3495 scripturae
1231 3410 1282 3473 ba·

122 3509 194 3574 beet
215 3510 356 3575 Andreae
381 3531 415 3574 ae
438 3507 557 3574 ioannis
578 3509 675 3590 Aeta,
707 3530 762 3575 nee
786 3530 844 3574 noo
862 3509 1013 3589 Thenete,
1044 3522 1075 3575 et
1098 3511 1282 3598 apocryphos

120 3613 206 3678 aliua.
239 3613 266 3676 tt
283 3624 385 3678 vetere
400 3611 593 3677 Testamento
610 3634 684 3696 quae
699 3612 818 3676 libuerit
833 3613 956 3697 eligunt.
987 3611 1163 3699 Nuptiarum
1179 3624 1279 3678 aueto-

122 3737 181 3782 reru
196 3715 343 3782 diabolum
359 3716 515 3780 manifeste
529 3717 722 3780 eonatitnnnt.
768 3715 916 3780 Animatis
934 3715 1014 3780 vesei
1031 3716 1195 3800 prohibent,
1220 3737 1279 3782 non

122 3820 334 3906 temperantiae
356 3819 472 3897 studio,
505 3839 599 3904 neqoe
623 3816 762 3903 peoniiari
785 3838 824 3882 ex
846 3818 979 3884 instituto
1001 3817 1097 3894 ritae,
1130 3819 1181 3882 sed
1205 3819 1279 3884 etse

122 3923 245 4006 quodam
265 3933 295 3985 et
312 3921 448 3986 ah'eetato
466 3932 563 4000 metu,
596 3941 633 3984 oe
651 3920 689 3984 oh
703 3920 896 3986 animatorum
914 3941 998 3986 usum
1015 3919 1069 3984 sibi
1087 3918 1142 4006 ipsi
1160 3922 1280 3988 danoa-

122 4025 229 4090 tioueua
248 4034 413 4090 ereeaaaot.
458 4026 573 4109 Aquam
593 4023 629 4088 ati
647 4023 788 4109 mysteria
809 4025 901 4089 nolana
919 4023 1068 4088 adhibent.
1115 4021 1190 4090 Naro
1208 4027 1279 4092 vieo

124 4129 236 4212 penitas
260 4127 426 4207 abstinent,
458 4137 488 4190 et
512 4126 683 4190 diabolinum
708 4126 870 4211 appeiiout;
903 4127 978 4212 quoti
1005 4125 1053 4210 qni
1080 4127 1178 4192 bibant
1202 4149 1277 4194 eone

156 4382 227 4438 otte
240 4388 343 4438 metii
356 4387 467 4438 Peiuviua
482 4391 503 4436 ei
516 4387 561 4438 iot.
572 4387 687 4450 Souliper.
719 4387 803 4436 uotiua
811 4387 894 4436 uniit:
909 4381 959 4434 sed
972 4394 998 4436 et
1008 4384 1033 4435 in
1045 4383 1177 4438 Antiochia
1186 4385 1280 4455 Syriae,

126 4452 280 4520 Μαῖρα·
300 4459 322 4506 et
343 4455 401 4506 etot
414 4456 499 4508 huberti
512 4451 594 4508 παντὶ.
630 4456 686 4510 Gor·
720 4469 771 4510 ttott
789 4461 844 4508 tuta
862 4461 960 4516 autern,
978 4452 1041 4506 heae
1057 4453 1164 4506 breuis
1183 4465 1229 4508 eat.
