3148 4938
314 217 376 284 588
739 235 1052 292 εινατιυειειιλκιε

313 373 373 414 τον
391 350 510 434 τρόπον
527 349 693 434 ἐσχηκότων
716 352 769 437 την
788 351 907 434 στάσιν,
935 357 988 422 καλ
1006 362 1063 422 τοῦ
1079 357 1229 441 ἐνισχῦσαι
1255 353 1314 422 οτό
1338 349 1414 420 αύτό
1427 348 1470 418 νό-

314 471 410 534 στημα
425 457 479 535 τῆς
499 457 694 534 κακοδοξίας,
726 458 805 539 φημί
823 457 857 522 δέ
871 454 1039 543 Ἆρειανιδν.
1077 457 1132 523 Ἐν
1150 459 1184 524 δέ
1205 465 1247 548 τῷ
1266 453 1344 524 κατά
1364 455 1472 541 ’Λρείον

315 554 419 644 ἐλέγχῳ
436 551 513 620 κατά
526 553 632 622 λεπτόν
652 559 721 643 περλ
737 556 857 624 πάντων
874 558 1087 645 διηγησόμεθα.
1129 557 1353 646 ’Τπερβιίσομαι
1375 559 1409 624 δέ
1429 559 1474 623 καλ

315 654 425 740 ταύτην
438 653 493 740 τὴν
513 654 676 739 ύπόθεσεν,
705 661 756 727 έπλ
771 661 805 726 δέ
818 658 913 744 αύτὴν
932 659 987 745 την
1003 669 1063 728 τῶν
1077 659 1235 749 Ἀρειανῦν
1254 665 1369 746 αἳρεσιν
1391 683 1475 746 καρτ-

314 757 469 841 λεύσομαι,
490 758 567 826 θεόν
586 759 817 844 ἐπικαλούμενος
838 761 956 846 βοηθόν
976 771 1018 853 τῷ
1040 767 1163 854 φοβερῷ
1184 763 1298 856 τούτῳ,
1319 765 1374 830 καλ
1391 771 1475 830 ποία·

316 859 436 956 κεφάλρι
458 863 570 956 ἑρπετῷ
591 862 668 954 πρδς
688 864 785 954 μάχην
805 865 936 950 πελάζειν
957 866 1175 956 παρερχόμενος
1182 875 1205 936 ⁸.

501 1117 649 1187 ΚΑΤΑ
688 1117 801 1188 ΤΩΝ
836 1119 1290 1208 ΑΡΕΙΟΜΑΝΙΤΩΝ,

466 1233 721 1331 τεοοαραιυοοτή
748 1231 871 1332 ἐνάτη,
896 1233 919 1332 ἡ
945 1239 1006 1311 καὶ
1031 1235 1195 1333 ἐξηκοαείγ
1221 1233 1333 1329 ἐνάτη.

243 1438 248 1449 -
284 1399 300 1462 ’.
409 1397 541 1473 Τούτους
563 1395 635 1475 ἰούς
654 1402 724 1486 περλ
745 1399 798 1466 τόν
813 1399 965 1484 Μιλήσιον
987 1403 1038 1468 καλ
1053 1409 1107 1467 τοῦ
1129 1399 1216 1488 ἇγίου
1234 1401 1355 1487 Πέτρου
1382 1397 1476 1465 λἈλε

316 1501 468 1585 ξανδρείας
485 1500 651 1569 ἐπισκόπου
666 1501 793 1588 χρόνους
809 1507 942 1586 καθεξῆς
965 1505 1128 1588 διαδέχεται
1139 1501 1271 1590 Ἀρειος,
1302 1504 1355 1569 καλ
1380 1505 1414 1569 ot
1431 1499 1474 1567 όιό

317 1599 410 1668 αύιοῦ
426 1599 589 1689 Ἀρειανολ,
619 1605 650 1670 έν
673 1603 792 1688 χρόνοις
814 1603 950 1689 άκμύσας
964 1603 1158 1694 Ἀλεξάνδρου
1181 1613 1235 1672 τοῦ
1256 1603 1344 1692 άγίυο
1362 1601 1478 1670 ἐκιστό-

317 1731 396 1785 που,
427 1711 507 1772 ’τοῦ
524 1703 664 1791 διαδόχου
684 1709 820 1793 Πέτρου,
842 1713 895 1774 τοῦ
911 1707 1092 1786 καθελόντος
1107 1707 1161 1775 τόν
1181 1706 1273 1774 αύεόν
1286 1706 1411 1792 ΙἈρειον
1431 1703 1479 1772 διό

317 1816 427 1893 πολλῆς
442 1807 600 1892 κινήσεως,
623 1811 673 1875 καί
693 1808 849 1896 ’μεγάλων
865 1809 1008 1878 συνόδων.
1050 1809 1222 1896 ’Λπεκίνησε
1243 1809 1300 1897 γάρ
1318 1808 1412 1876 αύτόν
1431 1811 1479 1875 καί

318 1913 435 1994 ἐξέβαλε
458 1919 511 1996 τῆς
533 1913 686 1994 ἐκκλησίας
709 1938 739 1978 τε
761 1914 813 1980 καλ
836 1920 889 1996 τῆς
910 1912 1043 1994 πόλεως,
1073 1911 1115 1991 οίς
1130 1915 1205 2000 μέγα
1224 1911 1320 1979 κακόν
1333 1916 1480 1995 φοιτῆσαι

317 2019 359 2102 τῷ
373 2017 439 2102 βίην.
486 2015 586 2080 Φασλν
602 2015 635 2080 δὲ
651 2011 743 2082 αύτόν
757 2019 858 2100 Λίβυν
873 2023 915 2104 τῷ
928 2018 1022 2102 γένει,
1045 2019 1078 2083 έν
1091 2014 1292 2104 Ἀλεξανδρείᾳ
1308 2016 1340 2081 δέ
1355 2011 1481 2100 πρεσβύ

318 2140 403 2200 τερον
418 2113 573 2202 γεγονότα,
595 2116 631 2193 ὃς
648 2122 808 2203 προίστατο
825 2127 877 2202 τῆς
894 2121 1050 2203 ἐκκλησίας
1066 2125 1120 2203 τῆς
1135 2115 1312 2194 Βαυκόλεοος
1335 2115 1417 2182 οῦια
1433 2141 1482 2181 κα-

316 2219 470 2301 λουμένης.
504 2216 596 2284 Ὅσαι
620 2217 676 2306 γάρ
694 2221 844 2303 ἐκκλησίαι
864 2227 918 2306 τῆς
938 2229 1106 2304 καθολικῆς
1126 2224 1281 2304 ἐκκλησίας
1304 2221 1338 2285 ἐν
1352 2215 1482 2297 ’Augu

317 2324 412 2409 δρείμ,
435 2316 495 2387 ύπό
513 2323 565 2386 έναι
582 2319 813 2408 άρχιεπίσκοπον
829 2315 927 2403 υύσαι,
949 2329 1001 2390 καί
1023 2321 1086 2389 κατ’
1105 2326 1183 2390 ίδίαν
1199 2320 1322 2398 ταύταις
1335 2323 1481 2406 ἐπιτετη·

317 2425 401 2506 μένοι
426 2424 481 2489 είσλ
504 2423 714 2510 πρεσβύτεροι,
744 2423 794 2490 διά
821 2423 873 2504 τάς
899 2424 1140 2509 ἐκκλησιαστικός
1164 2428 1261 2511 χρείας
1281 2431 1343 2490 τῶν
1367 2421 1482 2507 αίκηιό-

317 2552 388 2612 ροιν,
411 2531 570 2610 *πλησίων
585 2527 709 2611 έκόστης
727 2513 1033 2610 έκκλησίαςλαῦτολν,
1054 2531 1106 2594 καλ
1122 2525 1280 2610 άμφόόιον,
1302 2525 1374 2609 ἤτοι
1393 2533 1482 2592 ολαυ-

318 2633 379 2716 ρῦν
401 2631 563 2715 ἐπιχωρίως
583 2631 776 2713 καλουμένων
797 2627 857 2696 ύπό
874 2637 940 2728 γοῦν
961 2629 1016 2715 τὴν
1026 2630 1241 2717 Ἀλεξανδρέων
1261 2629 1483 2695 κατοικούντων

316 2733 410 2797 πόλιν.
450 2730 583 2818 Ἐγένετο
600 2732 633 2798 δέ
650 2724 738 2809 οὗτος
756 2729 899 2820 ύ”Αρειος
921 2735 954 2800 ἐν
972 2731 1091 2817 χρόνοις
1109 2735 1338 2799 Κυνσταντίνου
1359 2739 1418 2797 τοῦ
1439 2755 1483 2814 με·

317 2831 410 2919 χόλου
429 2834 479 2898 καλ
495 2838 660 2918 μακαρίτου
678 2835 835 2918 βασιλέως,
866 2838 935 2901 υίοῦ
955 2840 1166 2902 Κουσταντίου
1187 2835 1345 2921 γέροντος,
1367 2835 1482 2920 γενομέ·
1563 2897 1564 2916 ,

317 2960 374 2999 νου
399 2937 468 3000 υίοῦ
490 2933 692 3023 Ούαλεριανοῦ
715 2938 872 3021 βασιλέως,
902 2942 953 3004 καί
978 2937 1078 3004 αύτοῦν
1096 2937 1397 3020 συμβασιλευσάντιον
1417 2945 1483 3001 Διο-
1563 2985 1564 3030 3

318 3045 478 3128 κλητιανῷ,
500 3040 550 3103 καλ
570 3043 769 3128 Μαξιμιανῷ,
799 3043 850 3105 καλ
872 3049 934 3116 τοῖς
950 3037 1055 3117 όλλοις.
1104 3037 1220 3116 Πάντες
1237 3039 1271 3104 δέ
1290 3037 1346 3106 τόν
1373 3045 1392 3084 ⁷
1404 3045 1484 3103 Κιν-

318 3149 487 3224 σταντῖυον,
509 3139 562 3206 τόν
577 3144 690 3224 πατέρα
711 3147 771 3208 τόν
797 3145 865 3226 περί
884 3140 1092 3209 Κωνσιάνειον
1109 3143 1159 3208 καί
1179 3139 1326 3207 Κοίνσταν
1345 3144 1400 3207 καί
1417 3145 1485 3226 Κρί-

318 3263 405 3324 σπον,
418 3245 515 3310 ίσασιν
530 3242 756 3326 έκδειαζόμενον
774 3247 807 3310 ἐν
821 3251 1028 3333 χριστιανισμρῦ
1039 3246 1091 3310 καλ
1104 3247 1199 3310 πίστει
1211 3251 1247 3334 τῇ
1262 3251 1323 3309 τόν
1340 3246 1484 3330 πατέρων,

195 3379 246 3424 μς.
259 3367 305 3412 m
320 3343 502 3436 άκοστολικῇ
531 3370 561 3410 τε
589 3347 640 3412 καλ
665 3353 839 3436 προφητικῇ
870 3349 901 3412 ἐν
930 3355 996 3424 ταῖς
1026 3348 1205 3430 ἐκκλησίαις,
1235 3345 1291 3424 έοις
1313 3345 1412 3414 αύεοῦ
1434 3347 1484 3412 τού

316 3445 432 3532 Ἀρείου
454 3447 495 3530 μὴ
518 3453 711 3540 νοθευθείση.
756 3450 934 3532 Συμβέβηκε
956 3452 988 3515 δέ
1010 3455 1117 3516 τοῦτον
1139 3449 1298 3532 όιιοσχίσαι
1320 3457 1451 3533 πλῆθος.

186 3563 254 3633 Κεφ.
272 3555 305 3634 β’.
410 3547 469 3616 Τόν
484 3550 515 3614 δέ
524 3547 643 3637 ’Ἀρειον
661 3557 768 3617 τοῦτον
784 3549 985 3638 πρεσβύτερον
1007 3550 1080 3618 όνια
1092 3549 1287 3636 Ἀλεξάνδρου
1307 3559 1365 3618 τοῦ
1386 3575 1485 3638 προει-

319 3655 449 3738 ρημένου
463 3649 626 3737 ύπειςῆλδε
641 3661 756 3738 πνεῦμα
774 3661 891 3734 Σατᾶν,
919 3657 971 3720 καλ
994 3657 1141 3721 έπέσεισεν
1157 3652 1265 3736 αῦιόν,
1287 3653 1366 3720 κατά
1384 3653 1421 3722 τό
1444 3677 1487 3740 γε

318 3758 503 3844 γρομμένον,
525 3755 600 3822 κατά
618 3764 672 3840 τῆς
687 3760 843 3859 ἐκκλησίας
864 3755 1020 3844 κονιορτόν
1041 3757 1166 3843 ἐγεῖραι,
1188 3758 1239 3822 καί
1263 3759 1488 3840 ἐξαφδῆναεέξ

319 3856 414 3925 αύτοῦ
438 3866 499 3942 πῦρ
522 3857 561 3924 ού
577 3856 609 3924 τό
634 3857 737 3942 τυχόν,
768 3857 787 3924 δ
808 3865 967 3942 κατείληφε
988 3865 1089 3924 πᾶσαν
1115 3855 1168 3942 τὴν
1189 3855 1352 3940 Ῥοιμανίαν
1370 3856 1488 3942 σχεδόν,

317 3959 441 4045 μάλιστα
461 3969 514 4046 τῆς
530 3961 676 4046 ἀνατολῆς
690 3959 726 4026 τό
741 3963 830 4048 μέρη,
861 3958 902 4039 οίς
919 3963 961 4027 έτι
976 3963 1028 4026 καλ
1045 3964 1134 4047 δεῦρο
1155 3965 1324 4045 πολεμοῦσα
1347 3957 1369 4044 ἡ
1392 3960 1489 4026 αῦτοῦ

353 4151 377 4202 9.
396 4155 507 4215 διορίσαι
532 4153 606 4206 τοῦτο
629 4150 667 4206 τδ.
703 4155 833 4204 Οοιιιοτίιιε
846 4155 883 4202 νί-
918 4149 1030 4219 μιλιτίου
1047 4152 1187 4222 σχίσμασος
1203 4152 1247 4205 τοῦ
1265 4149 1411 4217 αίγυιειίου.

320 4217 802 4356 λί.υ”ΐλε;;·.ι.ιυκιιτ
820 4223 884 4338 ειν
953 4253 1041 4304 οι.
1059 4283 1093 4294 -
1118 4255 1140 4306 1.
1156 4249 1310 4318 τε...
1324 4253 1484 4314 ..ιτα

320 4353 433 4453 [περσεία
451 4355 615 4422 preculam.
917 4325 1040 4458 έὲιῑὲνανδρ
1058 4339 1270 4460 coma-6816?
1286 4351 1355 4390 erm
1375 4341 1485 4388 m-

321 4425 603 4556 moffffl'a‘sss'n‘?
617 4427 882 4562 Wffl'j
951 4423 1101 4548 κόύόκ.
1118 4444 1170 4546 ωλι
1186 4421 1290 4558 ιῖιάό.Ι
