3128 4930
383 255 518 308 ernnust
536 257 599 308 Ltn.
610 257 644 307 ll.
662 255 743 308 ΤΟΜ.
755 257 776 308 1.
794 255 894 307 nunu.
908 255 962 308 LV.
1193 245 1250 306 141

108 375 190 440 blinm
205 375 280 440 bunc
296 375 470 440 existimant
486 375 657 440 Abrabamo
674 387 733 440 tum
754 376 877 440 hnmana
897 375 998 460 specie
1015 397 1083 440 sese
1099 375 1253 440 videndum

109 478 251 542 obtulisse.
300 477 411 542 Verum
427 480 467 544 illi
486 479 601 563 penitus
617 479 772 542 aberrasse
788 479 936 542 videntur.
982 475 1089 562 Neque
1105 477 1182 541 enim
1198 478 1254 540 sibi

108 581 155 664 ipsi
169 579 270 644 similis
290 583 429 666 appellari
448 581 590 667 quispiam
609 591 716 666 potest,
741 601 806 646 oum
821 583 858 643 de
872 578 1091 644 Melchisedecc
1108 581 1253 664 scriptura

109 681 174 744 buno
194 684 223 746 iu
241 685 357 748 modum
377 685 529 768 loquetura
561 688 619 763 Qui
630 687 803 746 assensionis
816 686 887 764 fitn
902 688 949 744 dei
963 697 1058 746 raonet
1070 688 1203 746 sacerdos
1224 689 1253 746 in
1268 696 1337 741 fleur.
1347 699 1368 750 a,
1380 701 1399 742 a.

106 797 250 847 oetnnmn.
300 782 440 852 Ceterum
472 807 573 849 rerum
601 787 669 850 illud
695 797 758 865 est,
790 805 875 863 enm,
909 786 992 848 cuius
1015 807 1053 848 ex
1076 787 1147 870 ipsis
1170 787 1253 870 origo

108 885 213 950 minime
229 889 400 966 duceretur,
425 892 562 952 decumas
579 889 615 950 ab
633 889 806 952 Abrabamu
822 885 952 972 cepisse,
976 889 1112 971 quioniam
1129 910 1169 952 cx
1187 889 1254 952 aliis

107 987 262 1052 homiuibus
280 1011 365 1074 qnam
388 989 530 1054 israelitis
545 1011 639 1074 genus
655 991 733 1054 illius
753 992 928 1075 pertexitur.
974 989 1055 1052 Haec
1074 992 1170 1053 omnia
1188 1012 1254 1075 pro·

106 1101 162 1174 pter
177 1091 314 1156 baeresin
331 1093 416 1156 istam
435 1114 452 1156 a
470 1093 554 1158 rrobis
572 1105 799 1156 commemorata
820 1103 899 1170 snut,
924 1113 960 1155 ae
975 1093 1055 1156 uelut
1071 1093 1253 1176 digressione

105 1193 217 1275 quadam
240 1196 375 1258 instituta
397 1197 541 1259 narratio.

179 1293 241 1360 iam
266 1293 340 1362 ve'ro
365 1298 393 1360 in
421 1297 551 1360 eiusdem
576 1295 804 1362 Melchisedecis
830 1297 948 1361 nonrirre
974 1299 1062 1361 etiam
1086 1297 1251 1362 oblationes
1270 1315 1406 1384 capvnr.

104 1417 165 1460 suas
179 1401 282 1462 eadem
301 1411 383 1463 secta
399 1401 541 1478 celebrat,
566 1421 651 1486 quem
667 1401 741 1484 apud
759 1401 845 1464 deum
860 1399 1070 1462 internuntium
1088 1420 1154 1464 csse
1170 1421 1252 1485 prae-

104 1501 183 1566 dicat.
230 1499 431 1584 Quamobrem
458 1503 560 1581 lruius,
587 1503 685 1580 aiunt,
717 1503 887 1566 interventu
913 1503 1019 1565 offerre
1042 1503 1097 1564 dcc
1120 1523 1173 1587 par
1194 1514 1251 1582 est,

104 1607 226 1688 eoquod
247 1603 376 1670 iustitiae
395 1606 433 1668 sit
452 1605 605 1689 princeps,
631 1616 659 1666 et
676 1606 754 1667 adid
774 1605 869 1688 ipsum
887 1625 902 1666 a
921 1606 976 1666 deo
995 1606 1024 1666 in
1045 1605 1128 1667 coelo
1144 1607 1253 1668 consti-

104 1715 190 1783 tntus,
215 1717 318 1791 utpote
335 1708 475 1792 spiritalis
499 1729 534 1771 ac
552 1708 597 1770 dci
616 1707 702 1770 lilius.
752 1704 853 1790 ltaque
872 1707 993 1789 primum
1012 1707 1038 1770 ei
1055 1706 1193 1770 debemus
1208 1710 1253 1770 ol-

104 1807 192 1886 lerre,
216 1821 248 1872 ut
266 1829 319 1892 per
337 1812 460 1874 eundem
480 1831 533 1894 pro
554 1810 638 1872 nobis
654 1819 930 1895 repraesententur,
954 1829 989 1872 ao
1006 1810 1096 1873 vitam
1113 1832 1165 1894 per
1186 1831 1251 1873 eum

102 1930 323 1995 eorrsequamur.
369 1911 486 1976 Etenim
507 1909 664 1990 Ctnisrus,
688 1913 787 1988 aiunt,
812 1911 848 1974 ob
872 1913 899 1974 id
923 1913 1034 1975 electus
1054 1924 1116 1990 est,
1147 1924 1177 1976 ut
1199 1933 1253 1976 uos

101 2014 132 2073 ad
152 2033 238 2076 uuam
259 2013 334 2076 haue
351 2016 503 2078 scientiam
520 2036 555 2077 ao
573 2014 723 2102 multiplici
741 2014 854 2076 viarum
878 2015 1004 2077 diuortio
1027 2026 1198 2094 revocaret,
1223 2027 1254 2077 et
1288 2024 1292 2032 '

99 2113 203 2178 ideirco
219 2137 234 2176 a
251 2118 308 2178 deo
332 2127 435 2180 noetus
452 2127 482 2178 ct
496 2117 624 2180 selectus
641 2128 703 2192 est,
728 2117 864 2200 quoniam
882 2138 935 2179 nos
954 2137 971 2180 a
986 2118 1064 2180 cultu
1083 2117 1254 2180 simulacro·

102 2239 158 2280 rum
178 2219 289 2283 avertit
311 2227 341 2280 et
361 2217 419 2280 iter
436 2220 575 2282 ostendit.
622 2215 706 2282 Unde
720 2231 752 2280 et
769 2219 919 2303 apostolus
936 2240 952 2281 a
970 2220 1026 2283 deo
1047 2219 1154 2282 missus
1176 2219 1252 2282 istud
1296 2211 1299 2218 ’

101 2319 186 2404 ipsum
211 2320 299 2384 nobis
320 2321 451 2404 aperuit:
476 2325 613 2400 Magnum
631 2343 692 2382 esse
707 2323 956 2396 Melchisedecnna,
981 2334 1012 2382 et
1029 2325 1202 2383 sacerdotem
1223 2327 1252 2382 in
1266 2339 1392 2392 nonnam.

102 2435 238 2486 octonum
254 2445 378 2484 monere.
424 2427 590 2497 Intuemini,
616 2423 724 2506 iuquit,
749 2435 882 2505 peonnam
900 2426 1016 2486 estr'lle.
1065 2421 1156 2500 Tum,
1182 2443 1252 2505 quo·

102 2525 171 2588 niam
187 2528 265 2610 quod
284 2528 380 2588 miuus
395 2533 472 2589 esta
489 2527 600 2590 maiore
618 2525 810 2588 benedicitur.
856 2520 903 2588 0b
921 2525 961 2603 id,
985 2523 1130 2607 inquiunt,
1156 2525 1252 2588 Abra·

101 2625 179 2692 baaro
204 2628 392 2714 patriarchae
413 2628 582 2704 benedixit,
613 2637 711 2711 utpote
734 2647 770 2688 eo
795 2627 898 2689 maior.
943 2623 1038 2691 Cuius
1061 2648 1115 2690 nos
1139 2638 1251 2712 mystae

98 2748 213 2810 sumus,
241 2741 273 2794 ut
294 2730 331 2793 ab
353 2729 404 2793 illo
427 2730 658 2794 benedictionem
682 2730 883 2815 impetremus.

179 2830 242 2897 Sed
262 2853 347 2917 quam
367 2833 462 2896 inanis
481 2845 528 2896 est
551 2833 712 2896 haereseon
732 2831 859 2912 omniurn
878 2833 1000 2896 sensns!
1046 2829 1126 2894 Nam
1151 2842 1179 2894 et
1201 2832 1249 2893 isti
1268 2836 1330 2906 cap.
1348 2841 1391 2890 tx.

98 2935 242 2999 dominum
260 2957 345 2998 snum
368 2935 565 3019 abnegarunt,
591 2935 637 3019 qni
657 2935 723 2997 illos
741 2955 795 2998 suo
814 2934 957 3016 sauguine
981 2934 1119 3011 redemit,
1145 2935 1251 3018 quique

98 3034 321 3116 obaudieris,
346 3048 378 3100 ut
393 3037 433 3099 illi
450 3047 561 3120 putant,
586 3037 697 3102 initium
717 3037 819 3112 traxit,
845 3037 895 3098 sed
912 3037 986 3120 apud
1005 3047 1115 3121 patrem
1135 3057 1252 3120 semper

22 3203 26 3210 ,
98 3141 210 3218 extitit,
237 3141 309 3202 deus
324 3139 464 3218 verbum,
489 3161 506 3202 a
525 3149 606 3225 patre
626 3140 690 3202 siue
710 3139 768 3202 ullo
789 3139 873 3202 initio
891 3149 942 3202 aut
959 3149 1088 3222 tempore
1106 3141 1248 3221 grunitum,

99 3253 127 3304 ut
141 3242 283 3306 uniuersa
302 3241 447 3326 scriptura
470 3243 610 3306 declarat.
656 3239 707 3306 Sic
725 3240 802 3304 enim
826 3239 969 3324 loquiturr
992 3243 1141 3302 Faciamus
1162 3245 1251 3302 domt—
1270 3261 1327 3306 uon.
1339 3263 1403 3318 aas

97 3365 152 3404 aera
167 3349 208 3406 od
228 3349 395 3424 znogem,
420 3356 450 3406 et
467 3347 676 3406 rtinr'lr‘todrbem
698 3356 833 3406 nostrum.
879 3341 951 3406 Nou
965 3340 1185 3408 Melchisedeco
1208 3344 1250 3405 di·

97 3449 154 3526 xit,
178 3449 229 3532 qui
247 3445 363 3510 tametsi
380 3445 427 3509 dei
447 3446 580 3510 altissimi
599 3446 736 3510 sacerdos
755 3457 853 3510 aetate
876 3467 929 3510 sua
955 3446 1058 3522 luserit,
1084 3467 1138 3510 uec
1163 3447 1250 3508 ullum

98 3561 157 3630 post
172 3571 207 3614 se
226 3569 431 3614 successorem
449 3549 598 3626 babuerit,
623 3549 740 3612 minime
757 3561 853 3611 tamen
870 3569 886 3610 e
906 3549 1050 3632 supremis
1067 3559 1130 3626 est,
1156 3568 1250 3629 neque

20 3647 35 3722 J
98 3653 214 3716 eeoelo
236 3652 398 3716 descendit.
443 3649 573 3715 Proinde
591 3653 735 3736 scriptura
754 3673 812 3713 nou
837 3651 928 3727 dixit,
951 3655 1072 3712 Demr'sr't
1085 3653 1250 3712 Abrubomo
1264 3671 1362 3730 uanus,
1374 3675 1402 3720 aa,

23 3753 25 3756 ’
95 3774 190 3831 punem
210 3759 364 3828 eternum,
389 3755 441 3816 sed
458 3757 597 3828 Protulit,
623 3763 680 3817 tam
700 3753 753 3838 ipsi
772 3775 857 3838 quarn
875 3754 911 3815 iis
934 3753 982 3838 qui
1006 3773 1069 3814 cum
1094 3771 1129 3813 eo
1152 3762 1248 3830 crant,

99 3867 164 3920 nte
188 3877 292 3941 regum
322 3857 524 3940 profligatione
551 3857 716 3920 vestientem
743 3855 936 3940 patriarcham
964 3853 1126 3937 exciperet.
1173 3851 1250 3916 Huic

22 3975 39 4035 '.
98 3957 183 4040 igitur
199 3981 254 4044 pro
270 3980 305 4022 ea
321 3979 376 4042 qna
390 3958 539 4042 praeditus
552 3969 616 4021 erat
630 3957 740 4022 iustitia
757 3977 791 4022 ac
807 3958 860 4020 nde
878 3967 907 4020 et
925 3955 1067 4040 religione
1083 3955 1246 4020 benedixit.

24 4061 26 4145 J
100 4057 245 4142 Quoniam
268 4063 298 4125 iu
322 4061 456 4124 omnibns
477 4061 614 4145 probatus
638 4060 716 4124 nulla
734 4059 819 4122 officii
839 4059 885 4121 sui
904 4070 985 4143 parte
1008 4057 1044 4118 ab
1067 4056 1176 4122 iustitia
1198 4081 1249 4144 pa-

23 4247 25 4252 y
101 4163 223 4226 triarcba
242 4163 401 4228 deciderat.
440 4159 609 4246 Quinetiam
626 4163 709 4224 deum
726 4160 756 4222 in
773 4160 833 4242 illa¹
841 4158 1027 4244 expeditione
1046 4161 1248 4244 opitulatorem

20 4424 35 4463 ’ὖ
131 4419 321 4472 Qr.thl.-
349 4423 659 4475 taatrmtnamtcn-
691 4415 771 4488 ἡμᾶς.

20 4523 22 4528 -
99 4493 182 4540 mins
209 4497 232 4540 rt
253 4493 373 4542 Petomrn.
414 4491 479 4542 tun
509 4491 593 4542 lubeat
626 4482 658 4544 δι’
725 4491 750 4541 t.
767 4489 833 4540 uus
848 4489 933 4538 butem
949 4483 1037 4554 φησὶν.
