3154 4930
257 256 264 270 .
325 211 388 277 496
755 223 878 278 sanem
896 213 1065 279 ιειειίιιειι

325 339 380 424 τήν
397 337 495 406 εἰκόνα
509 339 553 406 ἐπ’
571 338 700 424 ίσχάτων
719 348 780 408 τοῖν
793 339 927 430 ήμεροῦν,
949 344 1000 409 καλ
1016 341 1081 410 τότε
1100 339 1306 430 όΏμόφορος
1320 341 1412 421 είῦιός
1430 342 1481 410 αῦ-

323 441 430 508 τοῦτό
449 443 609 527 πρόςωπον
629 442 735 526 ιἰφίιχσι
755 442 810 528 τήν
825 451 894 531 γῆν,
922 447 974 510 καλ
991 443 1088 522 οῦτως
1103 442 1137 512 τό
1155 453 1216 532 πῦρ
1236 445 1271 513 τό
1288 446 1414 514 αίοίνιον
1433 474 1480 512 τι·

325 548 482 635 ταόαπανᾷ
501 541 556 627 τήν
572 551 637 632 γῆν.
681 548 742 611 Καί
759 545 920 613 ἐπελάθετο
944 545 964 614 ό
983 546 1138 631 κτηνύόης
1160 547 1250 614 πάλιν
1271 546 1373 634 ῦλόόη
1392 547 1483 632 αῦτήν

325 643 501 729 ῦποφαίνων
525 645 579 731 τήν
601 644 661 734 πρό
685 646 765 735 όίρας
786 646 866 739 αύτῷ
886 651 1043 736 λεγομένην
1068 649 1128 716 άπό
1152 657 1207 716 τοῦ
1228 651 1409 735 Πνεύματος
1431 659 1482 718 τοῦ

326 756 435 830 ζῶντος
457 755 619 816 κεκτίσθαι.
660 747 754 833 Ὁμοῦ
775 752 808 818 όί
828 750 880 818 τόν
902 752 1000 818 πάντα
1025 753 1139 836 κόσμον
1159 752 1249 820 πάλιν
1269 751 1330 820 ύπό
1353 762 1413 822 τοῦ
1431 781 1484 820 πυ-

326 878 379 939 ρος
403 851 611 918 ἇναλίσκεσθαι
634 848 816 920 ύπστίθεται.
862 855 921 920 Καὶ
939 853 1019 937 τότε,
1042 857 1134 939 φησί,
1157 854 1230 940 μετά
1251 864 1343 922 ταῦτα
1366 854 1390 941 ή
1412 857 1482 924 άπε-

324 953 500 1033 κατάστασις
514 961 576 1020 νῦν
592 952 649 1021 δύο
665 953 786 1036 φύσεων
803 955 961 1023 ίπιιοαυιό
979 959 1021 1034 είς
1034 955 1067 1023 τό
1088 957 1252 1044 όρχίτυπον
1268 959 1484 1046 παρελεύσεται.

319 1050 361 1122 Ὦ
380 1065 492 1124 πολλοῦ
507 1055 660 1140 καμάτου,
685 1059 737 1123 καλ
752 1056 825 1141 μειό
844 1057 896 1125 τόν
918 1059 1051 1142 κάματον
1074 1058 1197 1136 ούδενός
1224 1063 1297 1126 ῑέπλ
1321 1062 1484 1149 όιορθύοει

326 1161 500 1247 φερομένου.
544 1162 587 1224 Et
602 1159 659 1246 γάρ
682 1158 754 1244 μετά
775 1158 808 1227 τό
832 1169 991 1245 κτισθῆναι
1013 1163 1065 1227 παλ
1077 1165 1216 1248 γενέσθω
1237 1163 1485 1248 δαπανηθήσεται

326 1265 378 1330 καλ
397 1260 651 1346 άφανισθήσεται,
677 1265 728 1328 ἵνα
745 1260 781 1328 τά
807 1263 956 1350 οἰρχέτυπα
980 1267 1065 1354 μείνῃ
1088 1263 1176 1332 πάλιν
1194 1269 1225 1332 ἐν
1248 1266 1408 1349 ταυτότητι
1428 1273 1487 1331 τῦι

326 1367 383 1433 δύο
403 1363 522 1448 φύσεων
537 1365 659 1451 ιἰγαθοῦ
671 1389 703 1429 τε
717 1366 769 1432 καί
783 1374 896 1446 κακοῦ,
919 1368 999 1432 ἔσται
1015 1365 1108 1432 πάλιν
1124 1367 1260 1456 ίπιτριβή
1279 1376 1333 1436 τοῦ
1347 1375 1487 1455 πονηροῦ

326 1466 404 1555 πρός
426 1465 461 1533 τό
484 1469 660 1554 ἐπιστρέψαι
683 1466 786 1548 πάλιν,
815 1471 868 1535 καί
893 1467 1021 1552 πόλεμον
1041 1468 1255 1553 ἐνστήσασθαι,
1287 1474 1337 1538 καί
1355 1468 1489 1556 άρπάξαι

327 1568 416 1638 πάλιν
437 1567 553 1652 ’ἄλλην
571 1568 714 1653 δύναμιν,
736 1573 785 1636 ἵνα
800 1569 889 1637 πάλιν
911 1568 997 1648 άλλος
1013 1569 1127 1655 κόσμος
1141 1575 1266 1658 γίνηται.
1312 1575 1354 1638 Et
1378 1575 1415 1640 δὲ
1438 1571 1487 1640 ού-

327 1675 389 1741 κίτι
404 1679 491 1739 τοῦτο
509 1676 631 1759 γίνεται,
653 1671 711 1760 άρα
728 1671 915 1760 σωφρονήσει
928 1671 949 1757 ή
964 1679 1069 1754 κακία,
1091 1682 1145 1741 τοῦ
1158 1677 1261 1759 μηκέτι
1280 1677 1487 1762 ίπιτρλβεσθαι

327 1775 405 1864 πρός
419 1773 475 1859 τήν
490 1773 679 1862 άγαθότητα,
695 1776 752 1842 ’καί
771 1771 790 1842 ό
809 1773 941 1863 πονηρός
954 1775 1043 1856 θεός,
1073 1775 1150 1861 πρός
1165 1775 1218 1844 τόν
1241 1777 1361 1864 ιἰγαθόν
1382 1781 1488 1860 μητίτι

329 1879 458 1962 πόλεμον
472 1879 599 1964 ίγείρων.
633 1879 676 1941 Et
692 1877 725 1942 δὲ
740 1879 792 1942 καί
808 1876 1085 1963 σωφρονισθήσεταί
1101 1903 1186 1960 ποτε,
1209 1877 1265 1946 ούκ
1283 1883 1363 1946 ἔσται
1380 1877 1488 1958 κιστόν,

328 1979 417 2050 ὁπότε
435 1978 495 2046 ἇπό
511 1986 565 2062 τῆς
582 1979 706 2064 ἇρχοιίας
724 1979 819 2046 αύτοῦ
841 1978 960 2061 φύσεως
983 1987 1036 2064 τῆς
1057 1985 1164 2058 κακίας
1186 1980 1378 2066 μετήίλακτιιι
1402 2009 1487 2066 μετα·

326 2087 454 2170 τραπείς.
498 2083 541 2146 fit
556 2081 588 2146 δὲ
611 2083 662 2146 καλ
685 2079 793 2167 τρετιτή
816 2080 951 2168 τυγχάνει
976 2079 997 2166 ή
1013 2083 1105 2163 φύσις
1125 2091 1181 2150 τοῦ
1197 2092 1309 2164 κακοῦ,
1341 2084 1490 2162 8πόντιος

329 2185 374 2254 ότι
397 2181 457 2251 άπό
480 2189 576 2249 κακοῦ
591 2185 632 2260 είς
653 2181 773 2270 άγαθόν
794 2183 1015 2269 μεταβάλλεται,
1046 2188 1097 2251 καὶ
1119 2184 1218 2253 ούκίτι
1245 2189 1325 2253 ἔσται
1348 2187 1450 2254 κακόν
1469 2183 1490 2269 ἦ

328 2291 436 2374 ἔχουσα
451 2283 564 2373 τροπήν
581 2285 767 2372 άγαθότητος
783 2285 880 2368 φύσις.
924 2286 1057 2354 Αύναται
1071 2286 1128 2375 γόρ
1152 2292 1204 2355 καί
1223 2289 1352 2377 σήμερον
1372 2295 1487 2378 τραπῇ

329 2418 395 2472 ναι,
417 2391 528 2456 κυλίοι
551 2387 706 2475 περιόντος
729 2397 785 2456 τοῦ
808 2388 948 2472 4κόσμου
973 2392 1015 2467 είς
1037 2388 1155 2477 άγαθόν
1177 2390 1488 2476 μεταβληθήσεταιτό

329 2491 471 2580 πονηρόν.
516 2493 578 2558 Καί
598 2495 655 2558 τίνι
678 2497 721 2581 τῷ
744 2489 821 2582 λόγῳ
844 2489 990 2576 όμίλλων
1011 2495 1172 2578 τρίπεσθαι
1195 2493 1254 2579 ἤδη
1271 2491 1309 2561 ού
1331 2496 1488 2581 τρίετεταις

330 2597 393 2662 Καί
414 2595 511 2678 εἰμὲν
532 2591 582 2660 oui
603 2600 657 2679 τῆς
678 2600 733 2660 τοῦ
754 2599 830 2660 θεοῦ
851 2591 1042 2678 μηχανήσεται
1061 2591 1081 2662 ό
1102 2594 1235 2683 πονηρός
1256 2597 1414 2684 τρίπετιιε,
1437 2601 1489 2662 τοῦ

328 2699 431 2784 μιγκίιι
445 2696 595 2762 δύνασθαι
615 2694 649 2762 τό
668 2694 801 2785 πονηρόν
817 2698 1004 2783 ἐργάζεσθαι,
1035 2696 1134 2764 ούκίιι
1148 2703 1297 2785 περαίτιος
1319 2697 1489 2786 όπονιχρύς

329 2803 438 2866 ἑαυτοῦ
452 2796 601 2885 τυγχάνει,
628 2797 688 2864 ἀλλ’
705 2795 723 2863 ό
746 2797 888 2886 οόγαθός
907 2796 926 2866 ό
947 2796 1110 2882 δυνάμενος
1127 2799 1295 2867 ἀναστεῖλαι
1314 2801 1417 2868 αῦτοῦ
1437 2801 1488 2884 τήν

330 2905 454 2981 κακίαν,
475 2903 526 2966 καλ
541 2898 583 2985 μή
600 2903 762 2990 βουληθεὶς
776 2899 835 2988 πρό
849 2900 960 2988 χρόνον
975 2900 1012 2967 τά
1022 2909 1076 2968 τοῦ
1090 2901 1202 2989 χρόνον
1218 2911 1347 2988 ποιῆσαι
1396 2907 1444 2970 Et
1457 2903 1487 2968 δὲ

209 3031 260 3078 μς.
272 3017 318 3066 σι.
332 3002 476 3091 ἄτρεπτον
492 3002 661 3071 παντάπασι
674 3003 707 3071 τό
725 3003 835 3086 κακόν,
857 3002 1000 3071 αῦθίττοτε
1016 3008 1176 3088 ῦιαλείφειε
1197 3013 1346 3090 πολεμοῦν
1361 3009 1419 3073 καί
1437 3031 1488 3072 πε-

328 3105 522 3191 λεμούμενον,
548 3109 602 3173 καί
624 3104 688 3173 αὖθ’
710 3098 786 3184 όλως
810 3107 882 3174 ποτὲ
899 3108 981 3172 ἔσται
997 3105 1173 3186 κατάστασις
1194 3116 1254 3175 τιῦν
1275 3107 1331 3174 δύο
1354 3107 1488 3190 φύσεων,

330 3209 476 3298 άτρίπτσυ
491 3211 630 3294 μίνοντσς
643 3217 698 3276 τοῦ
713 3215 823 3290 κακοῦ,
852 3210 905 3276 καί
927 3212 1181 3296 οἐπιτριβομένου
1199 3217 1256 3277 τοῦ
1276 3217 1373 3277 κακοῦ
1399 3214 1489 3279 ἐνδεί-

329 3321 462 3380 κνυσθαι
473 3319 515 3404 τῷ
528 3309 634 3402 άγαθρῦ
650 3317 767 3392 κακίαν,
780 3313 832 3378 καί
848 3309 977 3395 πόλεμον
995 3313 1116 3400 ἐγείρειν
1129 3310 1204 3378 κατά
1219 3321 1273 3396 τῆς
1286 3311 1488 3398 άγαθότητος.

332 3418 394 3482 Καλ
410 3418 438 3481 εί
451 3414 526 3492 ῦλως
541 3417 687 3504 ἐπιθυμίᾳ
704 3422 757 3482 τοῦ
774 3415 894 3502 άγαθαῦ
910 3413 944 3480 τό
968 3413 1063 3481 κακόν
1084 3413 1132 3481 αἰελ
1153 3414 1408 3503 ὶπεντριβήσεται,
1431 3414 1489 3500 ἄρα

331 3513 432 3586 ούκίτι
447 3515 541 3584 κακόν
556 3519 650 3583 ἔσται·
673 3516 775 3601 ίπειῦή
791 3523 845 3584 τοῦ
857 3515 979 3604 άγαθοῦ
1002 3517 1171 3603 γλιχόμενος
1187 3516 1322 3602 βούλεται
1339 3513 1489 3607 ἕαυτχῦιό

331 3618 449 3709 είγαθόν
470 3622 670 3700 ίπισπῦσθαι,
698 3623 749 3686 ἵνα
769 3617 819 3685 διά
833 3625 886 3703 τῆς
902 3619 1022 3701 φύσεως
1043 3627 1097 3685 τοῦ
1114 3620 1235 3707 ἀγαθοῦ
1249 3621 1301 3686 καί
1319 3627 1372 3705 τῆς
1392 3620 1489 3686 αῦτοῦ

330 3727 496 3802 πανοπλίας
522 3721 687 3800 ἐπισπάσας
707 3723 801 3813 ἐαυτῷ
824 3719 951 3806 δύναμιν
974 3724 1008 3789 ίν
1030 3720 1124 3813 ταύτῃ
1148 3726 1249 3813 7ῦοιιή
1269 3719 1376 3789 ίαυτόν
1400 3729 1489 3804 τιμᾶν

334 3827 412 3910 Ιμίν
431 3828 483 3891 καὶ
506 3823 702 3911 λαμπρύνειν,
728 3822 972 3911 παραθαρσύνειν
995 3831 1052 3890 οτε
1075 3826 1127 3890 καλ
1150 3827 1344 3908 ίνῦυναμούν.
1390 3823 1488 3891 Παντὶ

331 3925 433 4018 γάρ
404 3934 447 3994 τοῦ
461 3929 630 4017 βουλομένω
648 3926 682 3993 τό
698 3924 816 4013 άγαθόν
839 3924 959 4004 πάντας
979 3925 1027 3993 ότι
1041 3928 1071 4006 ἐξ
1092 3926 1214 4014 ἀγαθοῦ
1230 3923 1377 4006 ύπονοίας
1396 3929 1486 4014 ἔγκει-

366 4134 426 4186 ῦιε.
444 4135 588 4189 Lv1n.-
624 4137 646 4188 1
663 4138 729 4188 λιθεί
747 4138 818 4201 νιιλγο
840 4132 892 4189 ίιιι-
924 4137 1215 4199 λπίτσλιοιὶμιοοαφλλε,
1233 4133 1346 4202 οομηδθ.
1365 4129 1486 4196 λαπίλ,

331 4199 474 4270 σωρθιίσιι
923 4199 1034 4267 pm,
1053 4205 1119 4255 λιιι.
1134 4201 1177 4268 61,
1194 4201 1234 4286 ⁴7
1250 4205 1314 4253 αλολ

365 4305 451 4358 λκαλ
467 4298 545 4373 αλλην
561 4309 612 4360 οοελ.
628 4309 726 4372 nmio.
924 4265 998 4390 ὦ
1001 4239 1484 4420 mgggcvtgcwtsswgffm

364 4405 389 4460 ὃ.
407 4406 532 4458 λοαιλλοειε
542 4402 672 4469 ww
657 4427 706 4476 οτι,
716 4410 892 4473 <multiplica
925 4409 1043 4460 Ριλανλιιι.
1071 4409 1135 4459 λίθω
1151 4409 1234 4460 habent
1248 4405 1484 4474 πιριόντοςταῦκιι-

331 4479 380 4540 εελ,
401 4487 566 4536 neptuim
588 4480 662 4528 κλείω
678 4479 842 4542 Ερλμθσιιιιιι,
865 4482 892 4528 ut
924 4477 980 4530 κοῦ.
