3186 4928
355 257 493 310 rnuaun
509 257 572 311 nra.
586 257 619 307 n.
640 253 765 308 nomn.
782 253 882 305 nasa.
895 253 988 304 nxvr.
1193 237 1251 300 tet

101 375 303 442 testimoninm
322 377 438 442 divinus
454 397 552 442 sermo
570 375 700 462 protulit.
746 380 786 438 Et
801 378 871 436 or'dit
886 377 955 434 deus
975 383 1076 433 cunero
1092 391 1166 452 qaae
1177 371 1258 453 feee-

101 493 167 556 rot,
192 494 221 542 at
235 503 299 543 eree
315 486 396 544 ualde
413 484 502 542 bono:
526 479 575 542 ubi
593 489 624 542 rt
644 499 745 542 rocem
769 476 865 556 illem,
891 479 993 548 Valde,
1019 474 1143 537 additam
1166 471 1259 536 voluit

102 587 184 662 (erat
205 603 279 648 vero
297 595 356 647 turn
375 581 430 646 Vl.
452 583 532 660 dies,
556 582 604 646 vel
627 581 733 666 quietis
749 577 858 662 Vll),
883 589 914 642 ut
932 577 1009 642 omni
1027 577 1160 662 perversi
1182 575 1260 640 illius

102 687 140 748 de
160 686 238 750 malo
255 687 400 770 dogmatis
417 685 499 748 velot
517 685 615 748 radice
635 683 749 748 sublata
768 703 870 746 ansam
892 683 958 744 inde
979 681 1075 744 uoltus
1096 689 1194 743 tautae
1215 689 1260 742 te-

103 788 246 852 meritatis
264 789 427 874 arriperet,
451 788 660 872 sempiternam
684 796 715 848 ut
734 806 800 850 esse
823 783 960 848 malitiam
979 783 1134 867 cogitaret.
1180 778 1258 844 Nam

103 889 246 954 eiusmodi
265 891 301 954 de
317 891 366 954 illo
382 911 551 954 sermonum
568 889 686 953 occasio
703 887 889 973 praeciditur.
936 885 1042 971 Neque
1059 886 1136 948 euim
1153 884 1258 946 melum

101 993 216 1077 uspiam
230 1004 312 1072 erat,
336 1015 401 1056 cum
418 997 499 1056 nulde
517 995 588 1056 tono
605 1003 705 1056 essent
722 991 837 1071 omnia,
862 1001 891 1054 et
908 989 1019 1054 abono
1032 989 1088 1052 deo
1105 987 1256 1071 producta,

103 1095 294 1182 eiusdemque
317 1095 486 1160 testimonio
509 1094 709 1180 comprobata.

190 1195 330 1262 Ceterum
348 1199 489 1264 materiae
505 1219 611 1262 nomen
628 1196 770 1284 duplicem
786 1195 1028 1279 significationem
1045 1192 1168 1258 obtinet.
1206 1191 1258 1256 At·
1269 1189 1411 1260 copam.

104 1313 169 1364 tera
188 1311 234 1364 est
249 1321 323 1385 quae
340 1321 380 1366 ex
395 1300 559 1366 detestandi
578 1299 655 1365 iilius
675 1299 799 1363 bominis
817 1299 964 1362 sententie
984 1299 1129 1362 actionem
1147 1306 1178 1358 et
1193 1316 1259 1358 cor

103 1403 270 1488 ruptionem
296 1425 332 1467 ao
360 1405 607 1488 omasumptricam
631 1403 775 1488 quandam
802 1401 861 1464 rim
891 1399 1047 1486 exprimit,
1082 1399 1174 1464 altera
1203 1417 1259 1481 qua

101 1507 194 1590 vulgo
211 1527 308 1570 rerum
327 1506 455 1570 omnium
478 1523 553 1590 quae
569 1507 605 1570 ad
621 1525 706 1570 nsum
726 1502 846 1570 artificis
863 1513 998 1588 spectant
1012 1513 1180 1588 apporatum
1199 1521 1260 1562 ma-

102 1608 209 1671 teriam
225 1608 359 1689 dicimus,
385 1609 473 1674 veluti
491 1609 648 1692 lignorum,
672 1608 800 1691 bglioae,
825 1607 888 1670 anri
902 1605 1075 1690 argentique
1089 1603 1259 1680 mononem,

102 1711 267 1796 appellator
284 1723 313 1776 et
335 1709 457 1776 materia
476 1709 505 1772 in
522 1709 694 1794 corporibus
712 1730 787 1794 quae
804 1729 843 1774 ex
864 1709 1016 1772 humorum
1035 1707 1200 1792 corruptela
1217 1707 1262 1768 vi-

103 1813 205 1898 tioque
224 1813 382 1900 colligitur.
420 1810 509 1877 Dicat
523 1813 621 1897 itaque
638 1833 732 1876 novus
748 1811 797 1875 ille
815 1823 910 1890 vates,
934 1814 1030 1896 quise
1048 1831 1084 1876 eo
1099 1811 1176 1874 scire
1195 1830 1262 1894 pro·

103 1915 205 1980 litetur
225 1937 299 2000 qnae
321 1917 357 1980 ab
380 1913 459 1980 omni
484 1915 660 1979 aeternitate
683 1917 812 1980 inerunt.
859 1911 1009 1998 Siquidem
1034 1925 1064 1977 et
1083 1913 1261 1998 paracletum

102 2039 140 2081 se
157 2019 290 2103 spiritum
307 2019 382 2082 idem
400 2018 449 2082 ille
465 2039 524 2082 ocu
538 2017 682 2082 dubitavit
695 2037 843 2083 asserere.
890 2014 1038 2080 interdum
1057 2035 1130 2080 vero
1146 2025 1175 2079 et
1191 2036 1261 2099 apo-

102 2121 213 2186 stolum
230 2119 300 2186 leso
316 2117 444 2201 Christi,
469 2132 502 2185 ut
521 2132 590 2185 ante
608 2122 688 2200 dixi,
714 2129 871 2205 nuncupat.
918 2119 1008 2203 Atqui
1031 2141 1125 2202 neque
1152 2119 1261 2182 colom·

102 2223 161 2286 bae
184 2224 304 2306 ligurum
327 2245 452 2308 unquam
474 2225 584 2302 induit,
609 2243 704 2310 neque
726 2223 858 2310 spiritum
882 2221 963 2286 illum
986 2221 1184 2306 paracletum,
1214 2220 1262 2304 qui

103 2337 140 2390 ut
155 2326 305 2412 apostolos
324 2327 432 2390 virtute
450 2325 678 2413 incorruptionis
695 2327 841 2405 indueret,
866 2325 895 2388 in
913 2345 965 2389 eos
985 2345 1001 2388 e
1019 2325 1103 2390 coelo
1119 2323 1263 2388 demissus

106 2440 167 2492 est.
214 2426 309 2512 Quem
330 2429 418 2494 etiem
439 2429 595 2494 missurum
615 2451 647 2494 se
671 2427 838 2513 unigenitus
860 2427 906 2492 dei
927 2427 1003 2492 lilius
1027 2427 1178 2512 promisit,
1204 2447 1262 2490 uon
1275 2439 1323 2482 tet
1337 2437 1355 2494 ¹,
1370 2440 1389 2484 ι.

103 2541 175 2616 post
194 2531 301 2596 mrdtos
319 2532 373 2596 bos
397 2532 477 2612 dies,
507 2533 559 2595 sed
580 2533 754 2616 simulatque
777 2531 1000 2595 conscendisset
1021 2531 1051 2593 in
1074 2530 1205 2608 coelum,
1231 2537 1261 2592 nt

103 2633 171 2718 ipse
194 2633 294 2697 debuit
317 2635 362 2698 bis
386 2635 503 2698 verbis:
534 2639 572 2698 Si
593 2640 665 2698 anun
687 2637 784 2698 obrem
806 2637 856 2696 ille
879 2641 978 2696 moret.
1025 2631 1073 2697 Ao
1092 2632 1215 2696 subinde
1233 2631 1415 2696 intonante

104 2737 270 2800 coenaculo
285 2741 390 2818 repleti
401 2750 469 2799 runt
482 2743 586 2818 rpria'tn
600 2751 716 2814 saneto,
740 2761 801 2802 curu
817 2761 857 2799 ea
872 2733 1026 2804 Olivarum'
1044 2748 1142 2800 monte
1160 2737 1262 2800 rediis-

103 2849 186 2902 sent.
232 2835 323 2925 ldque
339 2841 413 2904 odeo
431 2841 476 2904 bis
491 2841 589 2906 verbis
605 2840 749 2926 scriptura
767 2851 907 2906 testatur:
933 2845 975 2904 Et
985 2852 1180 2923 oppmuerant
1192 2845 1261 2922 apsis
1273 2849 1414 2902 nesea

105 2945 225 3022 lenguae
242 2947 317 3022 r'prnr's
336 2947 515 3025 alamannice,
540 2957 569 3006 et
589 2949 685 3006 domno
703 2948 810 3026 replete
832 2957 877 3007 est
896 2950 981 3026 quusi
999 2957 1079 3007 cento
1097 2948 1260 3018 ostentanti,

105 3049 268 3126 reseditque
280 3051 399 3127 rprmlns
412 3069 500 3128 snpra
515 3052 645 3129 singulos
659 3069 765 3122 eornm,
784 3060 814 3110 et
827 3051 1012 3129 loquebantur
1026 3050 1133 3129 languis
1146 3069 1262 3129 aragau-
1285 3057 1293 3070 ⁶

106 3151 150 3209 lia
165 3147 226 3221 dei,
251 3160 281 3208 et
295 3155 484 3231 ummanbque
503 3153 601 3231 lr'ngna
619 3173 671 3213 sna
691 3155 833 3233 loquentes
851 3155 916 3213 illos
937 3153 1085 3214 runcatur.-
1109 3163 1195 3214 munt
1212 3171 1264 3212 nu·

107 3262 165 3310 tem
178 3273 216 3310 ee
231 3256 309 3312 omni
320 3257 433 3314 notrbne
449 3275 521 3334 quoe
535 3256 589 3315 sul
604 3258 679 3316 coelo
694 3266 752 3329 est,
777 3254 965 3339 singulosque
982 3253 1192 3318 consolabatur
1206 3254 1264 3338 spi-

106 3352 186 3416 ritns
213 3364 349 3433 sanctos,
381 3357 530 3441 apostolos
559 3356 675 3441 quidem
698 3357 819 3422 coelesti
844 3357 892 3421 illo
918 3357 1079 3439 beneficio,
1109 3357 1264 3422 universas

107 3475 186 3518 vero
207 3455 341 3521 nationes
365 3457 481 3522 divinae
507 3457 584 3524 illins
608 3459 786 3524 admirabilis
810 3459 993 3526 institutione
1017 3461 1179 3525 doetrinae.
1225 3456 1265 3522 Et

109 3578 186 3623 vero
205 3557 229 3621 si
246 3556 389 3643 impostor
405 3562 462 3624 iste
477 3561 597 3648 spiritns
612 3561 662 3627 ille
678 3574 799 3628 sanctus
814 3573 911 3643 esset,
935 3585 1019 3650 quem
1038 3563 1187 3648 discipulis
1204 3562 1265 3648 pcl-

109 3659 211 3724 lioitus
232 3672 297 3724 erat
314 3662 467 3742 domiuus,
492 3675 521 3728 et
541 3665 737 3750 promissione
759 3668 883 3732 fraudati
904 3665 1112 3732 discessissent
1127 3665 1264 3749 apostoli,

109 3785 181 3828 enm
204 3773 299 3828 tamen
323 3785 341 3827 a
362 3765 497 3845 domino,
521 3770 570 3852 qni
590 3770 705 3832 mentiri
730 3791 788 3834 non
813 3780 924 3856 potest,
949 3770 1058 3856 pridem
1076 3767 1145 3832 illud
1168 3766 1266 3831 andis·

110 3876 198 3931 sent:
222 3871 379 3950 Aoer'par'ela'a
393 3873 494 3931 donum
510 3877 629 3952 spartam
646 3877 753 3947 suncti,
779 3895 834 3934 non
848 3884 916 3954 post
926 3875 1029 3934 multoe
1041 3875 1093 3932 bos
1106 3875 1176 3933 deba.
1215 3865 1263 3931 Ex
1278 3849 1418 3958 llliftqu,

110 3991 172 4054 quo
192 3979 342 4062 veterator
364 3971 412 4034 ille
434 3972 635 4052 convincitur,
659 3975 725 4038 dom
746 3970 896 4039 Christum
920 3995 994 4059 qnae
1017 3973 1135 4038 dixerat
1156 3991 1265 4057 nequa-

111 4093 201 4157 qnam
227 4072 364 4162 implesse
390 4076 538 4140 mentitur.
584 4076 793 4160 Apostolorum
821 4078 925 4163 quippe
951 4077 1104 4162 genoratio
1128 4075 1263 4155 transiitq

111 4175 251 4238 nimirum
268 4195 286 4239 a
301 4173 382 4240 Petri
400 4189 529 4263 tempore
545 4179 580 4242 ad
594 4176 715 4242 Paulum
734 4189 764 4242 et
777 4177 934 4258 Ioannem,
959 4181 1006 4264 qui
1024 4181 1060 4243 od
1078 4199 1169 4265 usque
1186 4177 1265 4244 Tra·

148 4306 518 4380 summensteten.
555 4318 626 4366 roco
647 4313 672 4369 ιι
740 4311 763 4368 t.
781 4317 847 4367 utcu
859 4318 974 4368 mnenon
988 4317 1036 4384 τῆς
1051 4311 1236 4383 ιιι-οὐρανῶν,

111 4383 151 4450 τῷ
168 4383 253 4430 citium
261 4385 361 4432 barbae
371 4387 438 4446 puto,
454 4387 673 4435 enmccuttttbrcrtt
740 4385 764 4436 b.
781 4380 895 4468 depende
910 4388 962 4436 cad.
976 4389 1072 4448 Rlaedtq.

112 4451 148 4500 od
172 4451 244 4498 uerbo
265 4455 388 4512 praciam
409 4453 484 4504 tineae
508 4455 674 4504 oberraverint.
742 4450 766 4504 6.
785 4453 915 4521 ληψεσθαι
930 4457 981 4506 ead.
994 4455 1091 4518 noma.

114 4519 296 4581 Repcnoiqllur
312 4516 342 4572 la
357 4521 409 4572 τοῦ.
