3148 4938
305 189 370 256 618
732 207 856 262 οιαοτι
874 209 1045 262 nummu

129 325 132 332 ’
184 344 294 404 mm.
307 319 377 405 νῆς,
398 319 465 405 σῦχί
483 331 723 409 καταχρηστικῶς
738 323 910 411 λεγόμενος,
932 323 990 394 ἄλλ’
1010 324 1193 416 ένδληθιίμ
1242 325 1289 394 T&
1306 323 1412 394 πάντα
1425 325 1479 414 γδρ

306 431 383 490 θεοῦ
406 428 508 506 σοφία.
554 428 615 492 Καί
638 425 695 493 δσα
719 430 798 497 ἔστιν
824 425 884 495 αἰιδ
909 435 964 496 τοῦ
986 436 1079 508 θεοῦ,
1108 435 1202 511 σοφία
1222 432 1321 510 ίστλν,
1352 427 1478 512 ῦλληδί

308 522 479 607 ίδιοῖζουσα,
501 529 552 594 καί
568 525 644 614 ῦττέρ
660 527 757 596 τιοίντα
773 523 865 610 οῦσα,
887 533 1038 598 τουτέστιν
1055 529 1268 618 δμονογενής,
1291 530 1312 598 δ
1328 533 1375 616 μὴ
1388 559 1477 598 κατα-

307 637 471 714 χρηστικῶς
493 627 536 696 ιδν
551 636 660 713 σοφία,
691 629 751 700 ἄλλ’
766 630 906 722 δληθείρ,
936 631 1030 702 δοῦν
1045 639 1137 722 πατρί
1157 632 1203 700 δελ
1223 635 1282 712 νῦν,
1312 632 1477 718 ῦδῦναμις

309 730 352 798 ιδν
367 739 444 799 θεοῦ
460 735 509 800 καί
535 738 627 815 σοφία
649 733 724 802 κατδ
746 733 780 802 τδ
797 738 1014 822 γεγραμμένον,
1043 734 1130 820 Ἡμῖν
1146 738 1180 804 δέ
1198 736 1331 824 Χριστδς
1349 735 1477 819 δύναμις

306 842 402 913 θεοῦ,
432 837 484 902 καί
503 842 579 901 θεοῦ
597 842 697 919 σοφία.
734 835 818 904 ’Ἐστι
840 839 872 904 δὲ
890 844 983 920 σοφία
1001 839 1131 922 πένητος
1151 842 1395 924 ἐξουθενημένα,
1418 841 1476 918 καί,

302 935 429 1021 Ἐπειδὴ
449 939 481 1004 ἐν
496 945 534 1028 τῇ
555 943 647 1028 σοφίη
667 947 721 1006 τοῦ
736 947 812 1008 θεοῦ
830 940 887 1008 οῦκ
912 943 987 1027 έγνω
1008 940 1027 1009 δ
1050 940 1165 1026 κόσμος
1181 941 1234 1008 τδν
1256 941 1356 1022 θεδν,
1387 939 1477 1026 ηῦδέ-

307 1063 378 1126 κησε
403 1039 454 1108 διδ
480 1048 532 1125 τῆς
554 1047 668 1127 μωρίας
695 1049 750 1109 τοῦ
769 1043 940 1130 εὐαγγελίου
958 1051 1053 1112 στῦσαι
1075 1044 1148 1121 τοῦς
1170 1043 1387 1122 πιστεύοντας,
1415 1047 1475 1122 καί,

306 1141 476 1230 Ἐμείρανεν
502 1141 520 1210 δ
541 1143 616 1222 θεδς
637 1145 691 1228 τήν
716 1150 826 1227 σοφίαν
843 1153 897 1212 τοῦ
922 1145 1039 1230 κόσμου
1056 1146 1181 1226 τούτου,
1211 1149 1279 1226 καλ,
1302 1145 1477 1214 mm&

307 1247 382 1325 θεδς
403 1251 529 1332 καρδίαν
546 1255 586 1336 τῷ
602 1253 791 1329 Σολομῶνα,
821 1245 862 1325 οίς
884 1247 918 1315 κδ
933 1249 1012 1333 χῦμα
1028 1258 1083 1334 τῆς
1097 1249 1267 1332 θαλάσσης,
1297 1251 1353 1314 καὶ
1377 1252 1475 1330 λαοφί·

308 1373 380 1418 σατο
396 1347 470 1436 δαλρ
485 1347 556 1426 τοῦς
570 1347 769 1426 νίοδςἘνιίκ·
792 1352 854 1430 καί,
868 1349 1003 1417 Ἔδωκεν
1019 1351 1125 1429 δθεδς
1141 1358 1182 1440 τῷ
1194 1350 1339 1435 Βεσελιίγλ
1356 1357 1476 1433 σοφίαν,

308 1456 360 1522 καλ
378 1454 535 1534 ένέιτλησεν
551 1448 570 1518 δ
587 1449 661 1529 θεδς
678 1457 787 1534 σοφίας
806 1451 878 1518 2τδν
898 1451 981 1539 Οῦρί.
1016 1458 1076 1520 Καὶ
1091 1454 1185 1522 πολλοί
1201 1457 1263 1521 ἔστι
1281 1456 1354 1539 ντερί
1371 1459 1477 1536 σοφίας

307 1558 416 1644 λέγειν,
438 1556 505 1635 καλ,
540 1560 636 1632 Ποῖος
654 1557 714 1622 έσκι
729 1553 823 1633 τόκος
839 1560 1031 1642 φρονήσεως,
1061 1559 1112 1624 καλ
1131 1555 1153 1640 ἦ
1169 1560 1262 1637 σοφία
1277 1555 1384 1623 πόθεν
1402 1555 1476 1641 εῦρί

306 1670 367 1743 θης
391 1655 460 1724 Κδίν
473 1682 503 1724 τε
519 1649 575 1724 οὖν
596 1655 672 1741 αῦτη
690 1655 710 1742 ἡ
727 1653 859 1749 ρῖδσμένη
876 1663 970 1740 σοφία
984 1662 1069 1749 λέγη,
1096 1658 1174 1746 Ἐγοί
1189 1657 1210 1742 ἦ
1224 1663 1320 1740 σοφία
1337 1657 1477 1741 κατεσκη-

307 1781 390 1830 νιυσα
409 1758 522 1845 βουλὴν
542 1763 591 1828 καί
618 1767 744 1847 γνοῦσιν,
773 1764 825 1827 καλ
847 1764 966 1828 ἔννοιαν
985 1759 1042 1848 έγιδ
1069 1761 1306 1845 έπεκαλεσῦμην·
1339 1761 1382 1828 δι’
1406 1765 1476 1846 έμοῦ

308 1871 436 1950 βασιλεῖς
450 1862 649 1947 βασιλεύουσι,
671 1865 723 1930 καλ
740 1861 777 1928 δι’
792 1865 867 1946 ἐμοῦ
881 1872 1052 1950 μεγιστᾶνες
1066 1863 1296 1950 μεγαλύνονιαι,
1318 1867 1376 1930 καί
1391 1864 1479 1932 δυνέ-

308 1989 374 2034 σται
389 1965 540 2053 γράφουσι
554 1963 765 2049 δικαιοσύνην,
787 1969 838 2032 καί
854 1969 995 2053 ντίραννοι
1012 1975 1155 2051 κρατοῦσι
1171 1974 1243 2053 γῆς·
1266 1965 1327 2052 έγτδ
1342 1967 1416 2044 τοῦς
1432 1969 1480 2051 έμί

308 2075 468 2154 φιλοῦντας
487 2063 610 2154 οἴγατσοῦ,
639 2070 690 2134 καί
713 2072 745 2134 οί
766 2070 815 2152 ἐμέ
837 2076 991 2153 ζητοῦντες
1014 2067 1174 2157 εῦρήσουσί
1189 2093 1237 2152 με·
1270 2077 1409 2146 πλοῦτος
1429 2073 1480 2136 νιιλ

308 2171 382 2250 δδξα
399 2173 465 2254 έμοί
483 2168 623 2257 ῦποίρχει,
654 2173 705 2238 καλ
724 2179 826 2254 κτῆσις
841 2178 974 2252 ιτολλῦν,
1005 2174 1057 2237 καί
1073 2170 1267 2254 δικαιοσῦνη,
1291 2174 1327 2237 έν
1346 2168 1414 2260 δδγῦ
1436 2176 1479 2238 δι-

307 2273 471 2358 καιοσύνης
493 2281 663 2361 περιαυτοῦ,
686 2276 740 2340 καλ
755 2271 902 2356 ῦναμέσον
925 2271 1006 2340 δδῦν
1026 2273 1225 2356 δικαιοίματος
1240 2271 1478 2359 ἀναστρέφομαι,

307 2382 358 2446 ίνα
371 2382 480 2464 μερίσω
499 2385 561 2454 τοῖς
578 2375 717 2462 ιἰγαιττδσί
732 2402 768 2460 με
785 2373 930 2462 ῦααρξιν,
953 2378 1005 2442 καί
1020 2375 1091 2454 τοῦς
1106 2374 1283 2463 θησαυροδς
1309 2373 1413 2442 αῦτιῖν
1427 2379 1479 2460 lp-

308 2478 411 2565 κλήσω
427 2477 566 2566 δγαθῦν·
598 2478 650 2546 έολν
672 2475 833 2565 α’ναγγείλω
855 2476 928 2563 ῦμῦν
946 2477 983 2546 τοί
1000 2477 1072 2545 καθ’
1093 2477 1209 2565 ἡμέραν
1224 2477 1384 2564 γινόμενα,
1406 2507 1478 2562 μνη-

308 2582 444 2667 μονεῦσαι
459 2581 496 2649 τδ
512 2585 542 2661 ἐξ
558 2585 668 2660 αιόἳνος
685 2579 866 2667 α’ριῦμῆσαι·
899 2580 1014 2667 Κύριος
1029 2583 1127 2660 έκτισέ
1144 2606 1179 2664 με
1200 2576 1295 2667 ἆρχήν
1318 2579 1405 2649 δδιῦν
1426 2579 1478 2648 νῦ·

307 2694 361 2754 τοῦ
378 2689 419 2763 είς
435 2688 507 2772 έργα
526 2685 635 2764 αῦτοῦ,
658 2684 717 2771 κρδ
734 2691 788 2752 τοῦ
806 2687 915 2761 αίιῦνος
929 2685 1104 2767 έθεμελίωσέ
1128 2709 1164 2766 με
1181 2688 1214 2750 έν
1230 2680 1323 2773 ῦρχῇ,
1344 2683 1409 2770 τκρδ
1427 2693 1480 2752 τοῦ

309 2786 364 2871 τὴν
378 2795 434 2875 γῆν
448 2795 587 2870 ποιῆσαι,
610 2790 662 2852 καί
679 2786 738 2873 αρδ
759 2794 814 2853 τοῦ
826 2785 880 2864 τδς
894 2784 1045 2869 οἷβῦσσους
1062 2795 1203 2871 ποιῆσαι,
1224 2785 1282 2874 κρδ
1298 2793 1353 2853 τοῦ
1370 2797 1479 2872 κρού-

309 2899 377 2958 θεῖν
402 2888 500 2975 ντηγολς
521 2896 581 2956 τοδν
604 2887 736 2971 ῦδοίτιον,
758 2891 810 2956 καί
827 2887 887 2974 ντρδ
903 2897 958 2954 τοῦ
978 2888 1036 2976 δρη
1052 2891 1253 2976 ἑδρασθῆναι,
1274 2888 1335 2974 πρδ
1349 2891 1387 2955 δέ
1406 2890 1481 2956 κείν·

309 3019 368 3060 των
383 2997 504 3077 βουνῦν
522 2999 611 3081 γεννᾷ
627 3017 679 3075 με,
708 2988 811 3058 καλιαί
829 2993 910 3074 ἑξῆς,
933 3031 975 3042 -
998 2996 1090 3075 δῆλον
1105 2991 1152 3058 ὅτι
1172 2993 1362 3074 βουλομένων
1386 3001 1481 3060 τινᾶν

309 3093 470 3183 α’ντιλέγειν
486 3103 522 3185 τῇ
535 3096 625 3174 λέξει,
647 3091 858 3186 ἆνθυντοφορᾷ
873 3101 996 3178 χρῶνται
1013 3097 1045 3160 οί
1058 3092 1096 3160 δι’
1112 3097 1245 3172 ἐναντίας
1262 3093 1312 3160 διδ
1328 3093 1362 3160 τδ
1383 3093 1481 3178 ῦννμ

308 3208 361 3284 τῆς
375 3203 483 3281 σοφίας
497 3199 546 3264 καί
566 3205 620 3282 τῆς
633 3197 819 3273 ἀκολουθίας
835 3203 889 3263 τοῦ
907 3194 997 3282 λόγου
1012 3205 1066 3262 τοῦ
1087 3199 1235 3284 λέγοντος,
1259 3196 1379 3280 Κῦριος
1402 3201 1481 3264 ἔκτι-

309 3304 343 3369 σέ
364 3327 417 3385 με,
439 3304 491 3367 καλ
505 3307 547 3390 τῷ
564 3303 672 3380 είιτεῑν,
692 3297 767 3388 Ἐγοί
789 3297 810 3383 ἡ
835 3303 929 3382 σοφία
942 3297 1153 3383 κατεσκήνωσεν
1170 3297 1292 3382 βουλήν,
1313 3297 1374 3376 ίίτι,
1398 3299 1480 3380 ίδοῦ,

307 3403 329 3489 ἡ
343 3408 435 3486 σοφία
452 3403 588 3489 ῦπαρχῆς
602 3401 708 3486 έαυτήν
726 3399 918 3486 δνομοίσασα,
939 3403 991 3467 καί
1008 3406 1215 3487 προβαίνουσα
1229 3400 1298 3468 καθ’
1321 3403 1395 3485 δξῆς
1411 3405 1481 3468 έαυ·

288 3507 364 3593 ἠν
380 3510 518 3590 σημαίνει
528 3507 668 3592 λέγουσα,
694 3504 810 3591 Κύριος
825 3507 919 3572 έκτιαέ
935 3529 978 3588 με.
1018 3503 1099 3571 Ἰδοδ
1115 3501 1183 3590 γδρ,
1205 3507 1280 3591 λέγει
1297 3499 1374 3585 ῦνα,
1396 3505 1478 3590 'Epi

308 3609 329 3695 ἦ
344 3614 451 3694 σοφία,
472 3611 525 3676 καί
539 3606 620 3675 κάτω
634 3609 728 3694 λέγει,
755 3605 827 3674 Ἐδν
841 3608 1002 3694 οίναγγιίλω
1019 3605 1088 3691 ὑμῖν
1105 3605 1143 3674 τοί
1161 3605 1234 3674 καθ’
1257 3604 1372 3694 ἡμέραν
1395 3606 1480 3694 γινό-

189 3743 298 3798 μμις,
313 3740 401 3798 μονα,
432 3710 628 3798 μνημονεύσω
651 3709 687 3776 τδ
709 3712 739 3788 ἐξ
763 3713 874 3789 αίῦνος
898 3708 1081 3798 α’ριῦμῆσαι,
1113 3711 1166 3776 καλ
1186 3713 1324 3794 τέ’φησι,
1359 3709 1481 3798 Κύριος

311 3818 407 3884 ἔκτισέ
427 3841 465 3900 με
486 3813 580 3903 οἷρηιὶν
601 3811 682 3882 ῦδῦν
704 3810 814 3894 αῦτοῦς

156 4135 224 4204 Κεφ.
243 4125 295 4189 ια’.
390 4122 529 4208 ’Ἐφημεν
547 4123 580 4190 δέ
601 4121 649 4190 δτι
673 4126 779 4190 πολλαί
800 4147 879 4199 τινες
899 4124 933 4188 αί
954 4128 1192 4207 καταχρηστικῶς
1212 4117 1289 4188 κατδ
1310 4117 1421 4204 καιρδν
1442 4123 1478 4184 b

310 4233 387 4292 θεοῦ
401 4231 538 4293 δοθεῖσαι
555 4230 675 4308 σοφίαι,
704 4225 752 4292 ὅτι
766 4225 865 4291 κοίντα
887 4222 906 4290 δ
918 4222 994 4300 θεδς
1011 4227 1044 4290 έν
1063 4228 1157 4313 σοφίρ
1173 4225 1303 4289 ίαικελεῑ.
1349 4227 1419 4288 Μία
1442 4223 1476 4286 δέ

310 4329 387 4393 έστιν
403 4324 424 4408 ἡ
442 4321 517 4393 οὖσα
535 4333 629 4410 σοφία
644 4335 699 4394 τοῦ
714 4325 843 4414 πατρδς,
865 4329 915 4392 καὶ
933 4324 1131 4402 ίνυιτόστατος
1153 4324 1226 4404 θεδς
1246 4324 1344 4412 λόγος.
1388 4323 1473 4390 Δῦτδ

342 4449 367 4502 2.
385 4445 428 4504 τδν
445 4449 513 4500 om.
529 4465 585 4502 τινι.
611 4452 664 4504 τῶν
680 4453 743 4502 adia
1562 4419 1563 4484 ί
