3186 4928
331 240 467 292 rausum
484 239 593 293 trau.
610 240 959 292 restitueremur.
1161 231 1220 294 411
1264 184 1274 203 ⁰

67 385 143 425 cere.
192 359 536 446 Quemadmodnm'vero
559 362 643 425 deum
666 372 788 425 satanae
811 360 1011 444 malorumque
1033 376 1107 444 quac
1129 360 1166 423 ab
1187 381 1224 424 eo

67 476 213 550 geruntur
229 465 410 528 conditorem
430 485 464 528 ac
487 471 705 549 procreatorem
725 483 861 528 asserere
878 461 1022 541 audeant,
1047 481 1224 550 magnopere

67 569 209 632 demiror.
256 569 355 652 Atque
371 567 481 630 utinum
499 566 640 630 hactenus
658 565 817 630 vanissima
833 565 948 628 illorum
966 563 1088 628 consilia
1104 585 1225 652 progre-

67 673 227 748 derentur,
252 690 306 733 uec
325 669 506 753 unigenitum
525 670 570 732 dei
588 668 675 732 tilium
695 663 846 733 Christum
863 666 1027 746 dominum,
1051 690 1098 748 pur
1120 672 1155 728 de
1171 689 1224 748 pa-
1237 677 1376 734 temnus.

68 779 123 858 tris
137 778 203 834 erun
217 776 369 846 descendet,
393 769 509 836 Mariae
524 772 674 836 cuiusdam
690 771 878 834 mulierculae
894 769 982 832 tllinm
997 789 1065 833 esse
1079 769 1223 848 dicerent,

66 888 157 960 atque
179 895 219 938 ex
243 875 387 958 sanguine
413 895 578 960 carrisque,
611 884 669 936 tum
698 893 770 938 vero
796 874 908 956 reliquo
933 871 1086 936 mulierum
1110 874 1224 936 loetore

67 977 226 1063 prodiisse.
273 975 333 1042 Sed
358 997 395 1040 ue
414 977 576 1062 longiorem
597 975 750 1060 epistolant
767 975 901 1038 scribens
919 975 1027 1039 diutins
1049 975 1224 1059 aequitatem

66 1092 148 1144 tuam
162 1081 321 1156 detineam,
346 1101 411 1143 cum
425 1080 599 1165 praesertim
617 1079 741 1142 naturali
755 1078 921 1161 eloquentia
936 1097 1066 1155 caream,
1089 1076 1135 1140 bis
1150 1095 1224 1160 quae

65 1185 146 1247 dioto
172 1193 241 1246 sunt
265 1203 317 1246 ero
342 1193 511 1246 contentus.
556 1179 612 1246 Ubi
632 1201 704 1246 vero
728 1182 763 1244 ad
788 1192 817 1243 te
836 1200 965 1256 venero,
990 1180 1103 1263 plenius
1127 1179 1225 1242 omnia

66 1305 272 1368 cognossem,
297 1285 322 1348 si
339 1285 453 1369 quidem
474 1283 577 1348 salutis
595 1295 663 1348 tuae
678 1305 776 1348 curam
794 1283 919 1366 aliquam
936 1283 1073 1368 suscipis.
1118 1279 1225 1365 Neque

63 1389 146 1452 enim
165 1393 294 1468 cuapunm
311 1391 439 1469 tumeam
458 1393 609 1462 cbrt‘er'rnua,
635 1399 668 1452 ut
683 1385 851 1451 stolidiores
869 1385 999 1450 nonnulli
1017 1385 1139 1450 iaciunt.
1175 1381 1223 1446 ln·
1237 1395 1377 1447 torena

63 1491 168 1574 tellige
192 1511 266 1573 quae
290 1490 372 1568 dico,
398 1489 436 1553 tili
459 1488 623 1554 carissime.

154 1592 241 1656 Harrc
258 1593 411 1677 epistolam
434 1613 500 1656 cum
516 1590 677 1656 Marcellus
694 1592 741 1656 rir
757 1590 894 1676 egregius
911 1611 946 1654 ac
969 1590 1221 1675 religiosissimus,
1241 1587 1366 1657 capvtt.

62 1708 95 1760 et
112 1695 247 1779 inprimis
268 1694 391 1759 illustris
410 1695 549 1778 legisset,
574 1695 677 1758 mirum
701 1695 867 1758 immodum
890 1693 1049 1778 obstupuit.
1095 1691 1142 1756 Ac
1165 1700 1223 1754 tum

62 1803 146 1862 torte
162 1797 286 1882 courtigit
301 1807 333 1860 ut
349 1797 452 1860 eodem
468 1798 515 1860 die
532 1819 590 1881 quo
608 1798 686 1862 illam
702 1818 719 1860 a
734 1794 911 1861 Manichaeo
929 1797 1081 1882 epistolam
1098 1794 1144 1858 dei
1161 1813 1224 1857 ser·

61 1923 125 1966 vus
137 1900 269 1983 accepit,
293 1899 477 1978 Archelaus,
502 1900 584 1964 urbis
602 1900 774 1985 episeopus,
800 1921 857 1962 una
873 1921 940 1963 cum
962 1900 1013 1963 illo
1032 1897 1108 1962 domi
1131 1906 1223 1960 esset.

62 2001 128 2086 Qui
145 2023 180 2066 re
203 2003 280 2065 omni
300 2013 470 2087 perspecta,
502 2003 636 2066 dentibus
661 2004 808 2081 tremens,
838 2003 980 2086 rugientis
1002 1999 1097 2066 leonis
1119 1999 1223 2077 instar,

60 2128 99 2170 ac
125 2105 225 2168 divino
249 2105 373 2188 quodam
398 2105 504 2168 ardore
524 2105 653 2190 percitus
675 2105 711 2166 nd
732 2101 937 2172 Manicbceum
963 2104 1057 2189 potins
1080 2101 1225 2188 proticisci

59 2207 221 2293 cupiebat,
247 2207 450 2290 hominemque
467 2227 483 2270 e
499 2206 650 2284 barbaris,
675 2207 751 2271 unde
767 2206 793 2270 is
808 2217 891 2270 ortus
907 2215 982 2284 erat,
1007 2207 1224 2283 advenientem,

59 2312 150 2374 etad
170 2310 287 2372 humaui
305 2311 424 2394 generis
441 2309 600 2394 perniciem
618 2310 831 2393 insurgentem,
856 2329 974 2393 capere.
1021 2306 1082 2372 Sed
1098 2310 1225 2394 prudeus

57 2411 233 2478 blarocllus
259 2413 390 2496 mitigato
415 2411 550 2496 precibus
570 2412 726 2498 episcopo,
752 2409 924 2496 Tyrboccm
950 2411 1081 2480 bortatur
1103 2421 1165 2489 cst,
1195 2419 1226 2474 ut

58 2518 100 2578 ad
121 2512 246 2577 Manem
268 2513 297 2577 in
313 2513 475 2578 Arabiunis
492 2514 644 2578 castellum
661 2515 787 2592 rediret,
813 2513 859 2576 ubi
878 2513 914 2576 ab
932 2513 981 2578 illo
999 2512 1222 2598 expectabatur.

59 2618 135 2681 Hoc
157 2627 254 2679 autem
283 2616 434 2682 castellum
457 2627 503 2679 est
524 2615 602 2680 inter
626 2613 776 2679 Persidem
801 2637 838 2678 an
858 2613 1101 2699 Mesopotamiam
1124 2615 1223 2678 situm.

56 2720 130 2786 Sed
145 2739 212 2782 cum
228 2717 331 2803 Tyrbo
347 2719 456 2784 reuerti
475 2721 510 2780 ed
526 2717 734 2782 Manichaeom
752 2717 858 2797 nollet,
883 2739 919 2782 eo
937 2717 1040 2782 relicto
1057 2717 1224 2800 expeditum

56 2822 213 2908 quendam
233 2841 383 2886 cursorem
405 2843 421 2884 e
444 2821 551 2885 familia
573 2839 626 2885 suc
649 2822 794 2900 destinat,
826 2841 879 2907 per
902 2841 987 2905 quem
1011 2820 1063 2884 bes
1088 2820 1123 2884 ad
1145 2819 1225 2884 illurn

55 2928 170 2990 literas
194 2923 284 2988 dedit.

315 3333 487 3386 Mntcnntt
507 3337 551 3386 stt
567 3335 799 3388 Msutcttntttttt
817 3338 986 3392 ttrtsTotm.

151 3435 332 3515 Marcellus,
358 3437 403 3500 vir
421 3437 560 3514 illustris,
585 3435 762 3502 Manicbeoo
781 3461 835 3525 per
853 3441 1004 3526 epistolam
1022 3441 1091 3506 mibi
1109 3441 1226 3526 cognito

49 3545 207 3609 salutem.
253 3539 364 3624 Accepi
386 3561 459 3623 quas
482 3541 517 3602 ad
535 3559 581 3604 me
599 3539 703 3604 dedisti
729 3541 841 3606 literas.
885 3542 1056 3628 Tyrbonem
1079 3565 1151 3609 vero
1173 3565 1226 3628 pro

48 3668 126 3712 mea
156 3643 339 3724 benignitate
357 3643 486 3726 suscepi.
533 3639 612 3724 Quid
635 3654 731 3707 antem
755 3645 858 3708 literae
881 3654 948 3709 tuae
965 3645 1020 3709 sibi
1038 3647 1130 3710 velint
1152 3667 1226 3709 non·

47 3754 127 3814 dum
150 3744 305 3808 intellexic
331 3745 387 3809 uisi
410 3756 439 3808 tu
457 3744 492 3807 nd
511 3765 565 3808 uos
581 3746 705 3810 veniens
723 3748 858 3831 singula,
882 3747 923 3812 uti
942 3769 995 3832 pcr
1017 3750 1118 3812 literas
1141 3767 1224 3812 rece·

46 3852 151 3940 pisti,
176 3847 358 3911 adverbum
382 3847 568 3932 exposueris.
618 3841 745 3914 Valete.'

151 3949 238 4014 Haeo
262 3950 310 4013 ubi
327 3949 435 4014 Manes
456 3951 586 4036 accepit,
611 3953 726 4016 tametsi
750 3952 821 4016 nibil
844 3955 875 4016 in
898 3973 933 4017 ea
950 3951 1101 4040 Tyrbouis
1124 3965 1222 4017 reten-
1241 3969 1377 4037 capvttt.

46 4059 141 4124 tione
169 4052 240 4118 boni
259 4073 442 4118 essetecum
462 4054 710 4118 animadverteret
731 4056 887 4140 (persaepe
907 4077 979 4120 vero
1004 4055 1065 4120 talli
1088 4056 1224 4142 opinione

44 4159 200 4235 solebat,
225 4155 337 4240 aliaque
353 4157 450 4220 omnia
468 4177 553 4240 quam
572 4157 612 4221 ite
628 4157 668 4220 uti
685 4177 717 4220 se
733 4177 782 4220 res
797 4157 921 4220 babebat
937 4159 1109 4243 coniicere),
1135 4170 1166 4223 ut
1188 4159 1224 4223 dc

81 4352 109 4402 2.
140 4346 263 4398 Petuntur
285 4349 406 4396 onuotoutt
431 4345 528 4404 „Deest
544 4344 590 4400 καὶ
614 4341 628 4400 o‘
664 4375 695 4385 -
713 4349 741 4398 ln
755 4361 817 4412 seqq.
832 4351 903 4398 uerbo
919 4347 1089 4415 πληροφορίας
1103 4351 1151 4416 τῆς
1165 4349 1222 4404 buu·

42 4415 242 4484 Mapxelttccr‘
277 4415 340 4464 murt
356 4417 469 4466 demdmo.
662 4415 707 4469 τοῦ
723 4413 833 4474 διανοίας
846 4414 917 4484 χάριν
938 4432 993 4470 cum
1009 4419 1122 4472 cornone
1134 4423 1224 4472 ntrort

80 4491 153 4540 eur.
171 4481 294 4532 vrtt-
326 4485 347 4532 t.
364 4484 528 4534 ercembert
544 4478 628 4541 adelo.
662 4485 833 4547 odopcdostn.
