3168 4942
372 211 1004 270 raanannra.u.rou.u.nnun.cxrx.
1204 195 1267 264 687

108 351 164 402 teat
176 342 216 400 cd
232 341 378 400 &aterum
394 359 497 411 mcum,
522 340 570 398 nel
582 340 622 399 nd
634 339 780 398 munem
796 357 852 398 non
869 347 914 396 est
929 355 1017 395 meum
1034 337 1114 407 dore,
1138 335 1189 394 scd
1206 338 1268 413 pau'·

108 443 162 504 tau
180 453 314 522 porcum
334 451 414 502 este
436 451 521 521 petre
537 461 608 500 meo.
655 435 748 501 Vides
773 437 877 521 igitur,
908 437 1060 520 inquiunt,
1085 435 1164 498 nunni
1186 436 1267 498 illum

109 553 255 629 potestate
271 561 375 606 carere
393 541 458 606 sine
474 553 574 628 patre,
607 559 697 626 penes
720 559 806 623 quem
831 549 879 602 est
895 537 940 602 cui
960 539 1031 602 velit
1053 537 1204 601 delerendi
1228 539 1269 600 ln·

109 647 217 710 cultas.
263 642 339 728 Quis
355 643 401 708 sui
424 665 544 728 compos
562 665 597 707 ae
617 643 744 728 prudens
762 641 834 704 base
853 641 889 702 de
904 635 1025 703 Christo
1046 641 1178 724 cogitare
1201 661 1268 724 pos·

108 748 170 811 sit?
201 745 280 811 Nam
298 748 324 810 si
340 746 418 810 lilius
435 757 580 831 potestate
603 755 702 821 earet,
728 743 873 828 quiscum
891 742 1005 805 tandem
1024 741 1186 804 obtinebit?
1214 745 1269 803 ra-
1281 735 1364 843 Ἢ

109 861 155 910 ter
169 855 255 923 mein,
278 848 389 932 inquit,
413 851 540 930 captur
551 859 691 920 mortuos,
716 858 746 907 et
761 850 802 907 ito
816 849 895 906 dedit
913 855 942 905 et
954 847 1041 926 filio,
1067 855 1101 906 ut
1114 865 1193 926 quern
1211 848 1273 906 uult

107 953 249 1032 ctbp'licet:
282 961 329 1029 et,
356 955 433 1030 Quae
450 955 546 1032 pstra's
566 961 649 1024 sunt,
683 969 742 1010 meo
765 959 848 1010 sunt.-
885 957 932 1024 et,
957 951 1056 1008 omnio
1079 951 1185 1008 trudito
1206 957 1273 1007 sacrat
1286 939 1373 1036 Ἢ

108 1057 182 1115 crite·
199 1075 217 1115 o
234 1066 320 1134 putre
335 1075 404 1116 meo.
438 1050 514 1136 Quis
532 1053 568 1116 dc
583 1071 619 1116 eo
635 1051 768 1116 dubitare
786 1043 910 1134 amplius
928 1051 1045 1134 potest?
1069 1046 1267 1132 Quamobrem
1283 1025 1376 1144 ilfi}-

108 1155 167 1219 boe
183 1155 300 1220 divinus
319 1153 413 1241 ipsius
438 1175 473 1220 ac
490 1155 608 1239 sapiens
631 1173 730 1216 sermo
752 1153 955 1215 demonstrare
973 1150 1083 1231 uoluit,
1108 1151 1185 1215 nulla
1205 1169 1270 1237 per·
1326 1145 1328 1151 ’

108 1279 250 1322 sonarum
269 1258 459 1343 acceptione,
484 1257 537 1322 sed
556 1277 596 1320 ex
613 1257 755 1339 cuiusque
776 1254 884 1318 merito
909 1273 971 1317 rem
995 1275 1110 1318 omnem
1133 1254 1268 1338 transigi.

109 1357 234 1426 lionini
258 1361 337 1426 enim
363 1371 409 1425 est
432 1361 588 1438 onnlcrre3
619 1359 735 1422 conlert
753 1367 850 1421 autem
877 1356 1032 1442 unicnique
1056 1377 1109 1443 pro
1129 1357 1270 1442 dignitate

109 1464 297 1528 meritorum.
343 1461 552 1548 Unusquisque
577 1461 654 1524 onim
672 1459 720 1545 qui
738 1459 815 1544 qnod
837 1458 944 1522 iustum
969 1470 1014 1522 cst
1031 1459 1193 1544 praestitit,
1218 1479 1271 1545 pro

108 1566 222 1630 inbonis
237 1567 284 1631 sui
303 1565 418 1630 ratione
435 1565 600 1628 mercedem
619 1563 741 1648 recipit,
766 1581 820 1624 nec
837 1561 922 1624 alteri
937 1560 1067 1624 tribuere
1084 1561 1164 1639 licet,
1187 1581 1272 1646 prae·

110 1677 244 1754 terquam
271 1669 298 1732 ei
321 1669 371 1752 qui
396 1687 430 1732 sc
455 1666 573 1750 dignum
597 1663 767 1728 reddiderit.
814 1661 918 1727 Dicam
943 1663 1022 1726 enim
1046 1665 1203 1742 audacter,
1236 1685 1271 1728 ne

108 1770 435 1856 ipsiusquidemesse,
469 1767 525 1832 nisi
550 1767 725 1844 boemode,
759 1767 848 1843 dare,
880 1786 1053 1851 quamquam
1077 1767 1132 1830 boc
1155 1768 1184 1830 in
1208 1767 1272 1830 cius

109 1881 258 1958 potestate
276 1872 364 1936 sitnm
376 1882 439 1950 est,
464 1871 516 1935 sed
531 1871 607 1954 quud
630 1889 812 1954 nequaquam
829 1867 856 1931 id
877 1869 966 1947 relit3
1001 1869 1059 1930 imo
1079 1891 1134 1932 noe
1151 1869 1271 1954 spiritus

109 1995 181 2040 esse
196 1975 309 2052 sancti,
334 1973 467 2058 quamvis
484 1984 514 2036 ct
538 1973 601 2057 ipsc
624 1970 754 2035 tribuere
773 1970 885 2056 possit,
917 1980 948 2033 ut
971 1991 1010 2034 ex
1031 1971 1086 2034 boe
1110 1971 1273 2056 scripturae

107 2078 178 2141 loen
197 2078 385 2140 manifestum
400 2087 464 2154 est,
489 2080 563 2138 Herc
579 2079 688 2157 porilem
706 2079 793 2136 detur
806 2078 945 2153 sapientiis
963 2095 1018 2153 per
1037 2079 1180 2154 spritium,
1206 2079 1271 2138 bule
1285 2081 1426 2138 Mirm

108 2201 178 2242 cero
198 2201 306 2260 genero
329 2183 493 2260 dirguornm
516 2183 546 2240 in
567 2181 662 2239 eodem
678 2181 799 2257 spiritu,
831 2178 920 2236 attere·
940 2179 1138 2256 interpretatio
1158 2182 1272 2258 langare-

107 2303 193 2356 rum,
218 2285 285 2344 huic
307 2287 414 2354 omncs,
448 2285 515 2342 duic
535 2284 683 2342 doctrino.-
715 2300 789 2340 unua
811 2289 966 2340 ostentent
988 2283 1124 2358 spiritus,
1159 2285 1211 2361 qui
1229 2286 1273 2343 di·

106 2389 183 2450 cana
203 2387 355 2466 umbrn'puc
364 2395 457 2465 prom
470 2386 540 2444 uult.
588 2379 659 2445 Non
679 2379 773 2459 dixit,
797 2377 890 2443 Prout
908 2379 1045 2458 iubetur,
1070 2383 1135 2461 sed,
1161 2378 1273 2464 Quate-

110 2509 169 2551 nus
185 2488 258 2551 uult.
305 2486 352 2550 Ad
371 2485 460 2563 baec,
485 2489 674 2566 utrumquem
697 2487 759 2546 cult
780 2485 919 2564 anbfficnt,
943 2494 972 2543 et
989 2493 1073 2562 poter
1094 2496 1178 2546 vocnt
1193 2507 1271 2567 quem
1288 2481 1367 2578 Ῑξᾛ·

109 2592 357 2670 ccltcdfilrinn.
405 2585 565 2654 Praeterea
589 2607 684 2670 neque
702 2596 804 2670 pater,
835 2595 886 2648 aut
910 2585 1003 2664 lilius,
1036 2605 1131 2669 neque
1153 2562 1367 2682 spiritual-,22

109 2702 234 2756 sanctus
253 2711 445 2776 personarum
466 2691 496 2754 in
515 2691 649 2754 vocando
667 2689 802 2752 dandore
818 2709 853 2752 ac
873 2687 1041 2772 largiendo,
1067 2687 1114 2750 rel
1135 2689 1275 2774 cuiusque
1314 2669 1321 2690 ⁸

112 2794 228 2858 meritis
252 2793 478 2881 compensandis
504 2793 648 2856 rationem
675 2791 778 2869 babet,
809 2791 861 2854 scd
889 2789 944 2854 boc
970 2789 1089 2854 omnino
1111 2803 1273 2876 spectatur,

110 2897 355 2982 quemadmodum
376 2917 409 2962 se
430 2893 553 2980 quisque
575 2894 711 2958 idoneum
733 2895 910 2978 dignumque
932 2904 1094 2978 comparet.
1140 2893 1276 2980 Denique

110 2999 163 3064 laic
182 3017 289 3064 senam
308 3009 371 3077 est,
394 2996 466 3062 Non
488 3005 536 3061 est
557 3015 653 3060 meum
670 2997 757 3075 dare,
782 2997 834 3060 sed
850 2997 875 3060 si
894 2994 1120 3076 laboraveritis,
1144 3008 1275 3082 paratum

111 3102 174 3166 crit
194 3101 278 3166 vobis
301 3123 318 3165 a
342 3111 424 3187 patre
447 3121 532 3180 mco,
565 3121 709 3165 summum
733 3108 831 3162 autem
854 3120 889 3162 ac
912 3099 1074 3184 perlectum
1097 3109 1159 3178 est,
1188 3121 1277 3182 quoa·

110 3211 172 3268 aum
193 3227 246 3286 ego
267 3226 331 3266 sum
352 3209 420 3266 cito.
467 3199 557 3267 Nune
581 3203 617 3266 ad
641 3202 698 3265 alia
720 3201 955 3288 progrediamur.

202 3305 355 3374 0biioiunt
373 3305 461 3370 illude
494 3303 622 3389 Quinam
644 3303 723 3368 illum
748 3325 787 3367 ex
813 3303 944 3389 perlecta
963 3303 1116 3368 divinitate
1138 3303 1185 3367 dei
1206 3305 1345 3390 pro-Car·
1360 3307 1431 3359 ΗΧ·

113 3410 206 3474 diisse
224 3409 339 3474 dicitis?
384 3407 464 3472 Ecce
483 3409 560 3472 enim
584 3407 734 3492 apostulus
751 3406 795 3470 sic
812 3407 850 3470 de
866 3405 916 3470 illo
931 3406 1051 3471 scribit:
1086 3413 1163 3470 Deus
1184 3413 1275 3470 susci·
1288 3371 1429 3469 blial?

113 3517 190 3575 tacit
209 3517 288 3575 illum
310 3535 328 3574 a
350 3517 479 3574 mortun.
527 3507 660 3594 Exque
687 3519 766 3594 patet
790 3508 836 3572 dei
861 3509 941 3573 illum
971 3508 1100 3588 attxilio,
1133 3510 1276 3594 quises
1306 3475 1385 3529 Μ’

113 3615 242 3678 mortuis
263 3615 412 3678 excitaret
435 3609 676 3698 npus‘babuissc.
722 3608 909 3695 Proiudcqne
935 3612 1010 3675 alius
1032 3623 1079 3675 est
1101 3611 1150 3696 qui
1174 3623 1277 3697 suapte

112 3715 198 3780 illum
215 3716 244 3780 ri
264 3715 399 3795 suscitat,
423 3715 498 3779 alius
515 3725 546 3779 et
562 3714 666 3778 eodem
683 3712 820 3794 interior,
844 3712 891 3798 qui
907 3714 1107 3798 praepotentis
1122 3713 1200 3776 illius
1217 3713 1277 3778 vir·

113 3826 179 3881 tntc
196 3818 367 3884 suscitatur.
407 3815 486 3901 Quid
502 3817 626 3903 amplius
643 3816 800 3902 perfrictae
819 3816 924 3880 lrontis
943 3815 1090 3880 bominum
1109 3816 1278 3880 refellendis

114 3921 205 4004 nugis
227 3941 261 3983 ac
283 3921 407 3985 somniis
430 3921 640 3986 immoramur?
683 3916 760 4002 Quis
774 3916 924 3983 Lazarum
944 3917 1088 3982 excitarit
1106 3919 1140 3981 ad
1164 3917 1275 3984 ritaml
1288 3916 1412 4015 ἴῃῖῃ·

115 4019 195 4105 Quis
214 4023 321 4086 viduae
340 4023 370 4086 in
389 4023 494 4108 oppido
509 4020 599 4088 Nnim
618 4021 706 4086 lilium
724 4021 802 4085 vitae
819 4021 968 4085 restituit?
1011 4017 1088 4103 Quis
1105 4041 1276 4108 synagogae
1290 4023 1407 4121 mit-,t

114 4124 258 4212 principis
275 4125 351 4188 liliae
370 4125 463 4203 dixit,
489 4129 572 4188 Curti
589 4127 708 4198 tulitin,
733 4123 788 4188 boc
803 4133 868 4202 est,
893 4125 990 4204 Surge
1001 4126 1082 4205 filit.
1130 4120 1206 4206 Quis
1228 4125 1273 4188 iu·
1286 4125 1425 4237 ,liffim

116 4237 227 4292 vocato
245 4226 282 4292 ab
299 4227 441 4313 apostolis
457 4225 575 4290 nominc
594 4225 700 4290 mortni
716 4228 837 4290 suntad
855 4225 944 4290 vitam
960 4226 1110 4290 revocati?
1155 4227 1196 4291 tu
1212 4227 1275 4311 isti,

152 4376 280 4436 &adeda
297 4383 365 4433 codd.
383 4396 439 4434 mss.
454 4386 558 4444 uterw.
725 4383 805 4430 Ettom
823 4382 952 4432 Carnarius
977 4383 1044 4430 cerat
1071 4378 1172 4432 Dicant.
1213 4379 1281 4450 φησὶ

154 4448 215 4502 Gur.
231 4449 303 4502 ΗΧ.
329 4477 363 4492 -
399 4452 421 4502 1.
438 4447 690 4512 balaenaceam.
723 4450 835 4501 monn.
853 4451 921 4517 (etat
935 4447 1171 4515 commeatu
