<?xml version="1.0" encoding="UTF-8"?>
<!DOCTYPE html PUBLIC "-//W3C//DTD XHTML 1.0 Transitional//EN"
    "http://www.w3.org/TR/xhtml1/DTD/xhtml1-transitional.dtd">
<html xmlns="http://www.w3.org/1999/xhtml" xml:lang="en" lang="en">
 <head>
  <title>
</title>
<meta http-equiv="Content-Type" content="text/html;charset=utf-8" />
  <meta name='ocr-system' content='tesseract 3.04.00' />
  <meta name='ocr-capabilities' content='ocr_page ocr_carea ocr_par ocr_line ocrx_word'/>
</head>
<body>
  <div class='ocr_page' id='page_1' title='image "./corporishaerese02oehlgoog_0153.png"; bbox 0 0 3128 4930; ppageno 0'>
   <div class='ocr_carea' id='block_1_1' title="bbox 359 251 1098 316">
    <p class='ocr_par' dir='ltr' id='par_1_1' title="bbox 359 251 1098 316">
     <span class='ocr_line' id='line_1_1' title="bbox 359 251 1098 316; baseline -0.011 -2"><span class='ocrx_word' id='word_1_1' title='bbox 359 251 420 316; x_wconf 76' lang='lat'><strong><em>132</em></strong></span> <span class='ocrx_word' id='word_1_2' title='bbox 785 257 907 310; x_wconf 76' lang='grc' dir='ltr'><strong><em>οιαστι</em></strong></span> <span class='ocrx_word' id='word_1_3' title='bbox 927 255 1098 310; x_wconf 73' lang='grc' dir='ltr'><strong><em>αιιειιιιιιι</em></strong></span> 
     </span>
    </p>
   </div>
   <div class='ocr_carea' id='block_1_2' title="bbox 228 369 1516 2710">
    <p class='ocr_par' dir='ltr' id='par_1_2' title="bbox 357 369 1514 766">
     <span class='ocr_line' id='line_1_2' title="bbox 358 369 1512 462; baseline -0.005 -18"><span class='ocrx_word' id='word_1_4' title='bbox 358 377 452 462; x_wconf 85' lang='grc' dir='ltr'><strong><em>αι’πῆν</em></strong></span> <span class='ocrx_word' id='word_1_5' title='bbox 473 375 528 460; x_wconf 80' lang='grc' dir='ltr'><strong><em>τῆν</em></strong></span> <span class='ocrx_word' id='word_1_6' title='bbox 551 379 606 440; x_wconf 88' lang='grc' dir='ltr'><strong><em>νῦν</em></strong></span> <span class='ocrx_word' id='word_1_7' title='bbox 623 372 817 460; x_wconf 75' lang='grc' dir='ltr'><strong><em>Ἰερουσαλήμ</em></strong></span> <span class='ocrx_word' id='word_1_8' title='bbox 838 376 1040 456; x_wconf 74' lang='grc' dir='ltr'><strong><em>καλουμένην,</em></strong></span> <span class='ocrx_word' id='word_1_9' title='bbox 1069 371 1139 438; x_wconf 79' lang='grc' dir='ltr'><strong><em>ποτέ</em></strong></span> <span class='ocrx_word' id='word_1_10' title='bbox 1158 369 1191 438; x_wconf 81' lang='grc' dir='ltr'><strong><em>δέ</em></strong></span> <span class='ocrx_word' id='word_1_11' title='bbox 1211 371 1328 456; x_wconf 84' lang='grc' dir='ltr'><strong><em>Ἰεβοῦς</em></strong></span> <span class='ocrx_word' id='word_1_12' title='bbox 1347 376 1512 460; x_wconf 70' lang='grc' dir='ltr'><strong><em>λεγομένην,</em></strong></span> 
     </span>
     <span class='ocr_line' id='line_1_3' title="bbox 358 473 1514 565; baseline -0.007 -18"><span class='ocrx_word' id='word_1_13' title='bbox 358 481 439 547; x_wconf 81' lang='grc' dir='ltr'><strong><em>ύλλοι</em></strong></span> <span class='ocrx_word' id='word_1_14' title='bbox 461 480 494 544; x_wconf 79' lang='grc' dir='ltr'><strong><em>δέ</em></strong></span> <span class='ocrx_word' id='word_1_15' title='bbox 515 480 630 559; x_wconf 72' lang='grc' dir='ltr'><strong><em>ἔφασαν</em></strong></span> <span class='ocrx_word' id='word_1_16' title='bbox 648 475 737 560; x_wconf 79' lang='grc' dir='ltr'><strong><em>ύλλην</em></strong></span> <span class='ocrx_word' id='word_1_17' title='bbox 752 474 817 542; x_wconf 83' lang='grc' dir='ltr'><strong><em>τινοί</em></strong></span> <span class='ocrx_word' id='word_1_18' title='bbox 835 474 940 558; x_wconf 82' lang='grc' dir='ltr'><strong><em>Σαλῆμ</em></strong></span> <span class='ocrx_word' id='word_1_19' title='bbox 963 473 1037 540; x_wconf 89' lang='grc' dir='ltr'><strong><em>είναι</em></strong></span> <span class='ocrx_word' id='word_1_20' title='bbox 1056 477 1086 540; x_wconf 80' lang='grc' dir='ltr'><strong><em>έν</em></strong></span> <span class='ocrx_word' id='word_1_21' title='bbox 1106 483 1146 562; x_wconf 82' lang='grc' dir='ltr'><strong><em>τᾳῖ</em></strong></span> <span class='ocrx_word' id='word_1_22' title='bbox 1170 479 1261 565; x_wconf 76' lang='grc' dir='ltr'><strong><em>πεδίῳ</em></strong></span> <span class='ocrx_word' id='word_1_23' title='bbox 1281 481 1433 558; x_wconf 80' lang='grc' dir='ltr'><strong><em>Σικίμων,</em></strong></span> <span class='ocrx_word' id='word_1_24' title='bbox 1455 473 1514 541; x_wconf 83' lang='grc' dir='ltr'><strong><em>κατ’</em></strong></span> 
     </span>
     <span class='ocr_line' id='line_1_4' title="bbox 357 571 1514 668; baseline -0.007 -19"><span class='ocrx_word' id='word_1_25' title='bbox 357 580 498 668; x_wconf 72' lang='grc' dir='ltr'><strong><em>ἄντικρύς</em></strong></span> <span class='ocrx_word' id='word_1_26' title='bbox 511 587 563 662; x_wconf 87' lang='grc' dir='ltr'><strong><em>τῆς</em></strong></span> <span class='ocrx_word' id='word_1_27' title='bbox 578 581 645 644; x_wconf 89' lang='grc' dir='ltr'><strong><em>νανλ</em></strong></span> <span class='ocrx_word' id='word_1_28' title='bbox 662 578 840 654; x_wconf 85' lang='grc' dir='ltr'><strong><em>Νεαπόλεοις</em></strong></span> <span class='ocrx_word' id='word_1_29' title='bbox 856 580 1048 659; x_wconf 78' lang='grc' dir='ltr'><strong><em>καλουμένης.</em></strong></span> <span class='ocrx_word' id='word_1_30' title='bbox 1093 581 1164 644; x_wconf 85' lang='grc' dir='ltr'><strong><em>Είτε</em></strong></span> <span class='ocrx_word' id='word_1_31' title='bbox 1179 571 1235 643; x_wconf 87' lang='grc' dir='ltr'><strong><em>οῦν</em></strong></span> <span class='ocrx_word' id='word_1_32' title='bbox 1252 581 1407 656; x_wconf 76' lang='grc' dir='ltr'><strong><em>ἐντεῦθεν,</em></strong></span> <span class='ocrx_word' id='word_1_33' title='bbox 1429 577 1451 659; x_wconf 81' lang='grc' dir='ltr'><strong><em>ῆ</em></strong></span> <span class='ocrx_word' id='word_1_34' title='bbox 1467 581 1514 642; x_wconf 77' lang='grc' dir='ltr'><strong><em>καλ</em></strong></span> 
     </span>
     <span class='ocr_line' id='line_1_5' title="bbox 358 678 1512 766; baseline -0.006 -15"><span class='ocrx_word' id='word_1_35' title='bbox 358 689 474 752; x_wconf 75' lang='grc' dir='ltr'><strong><em>ἐκεῖθεν</em></strong></span> <span class='ocrx_word' id='word_1_36' title='bbox 497 679 545 760; x_wconf 84' lang='grc' dir='ltr'><strong><em>(ού</em></strong></span> <span class='ocrx_word' id='word_1_37' title='bbox 562 679 680 766; x_wconf 84' lang='grc' dir='ltr'><strong><em>μακρύν</em></strong></span> <span class='ocrx_word' id='word_1_38' title='bbox 703 679 834 763; x_wconf 74' lang='grc' dir='ltr'><strong><em>ἀλλήλων</em></strong></span> <span class='ocrx_word' id='word_1_39' title='bbox 850 679 1035 763; x_wconf 84' lang='grc' dir='ltr'><strong><em>διεστήκασιν</em></strong></span> <span class='ocrx_word' id='word_1_40' title='bbox 1055 683 1086 746; x_wconf 91' lang='grc' dir='ltr'><strong><em>οῖ</em></strong></span> <span class='ocrx_word' id='word_1_41' title='bbox 1100 679 1216 764; x_wconf 88' lang='grc' dir='ltr'><strong><em>τύποι),</em></strong></span> <span class='ocrx_word' id='word_1_42' title='bbox 1244 679 1345 764; x_wconf 79' lang='grc' dir='ltr'><strong><em>ιι’ἱμως</em></strong></span> <span class='ocrx_word' id='word_1_43' title='bbox 1366 678 1512 762; x_wconf 82' lang='grc' dir='ltr'><strong><em>ῆύπύθε-</em></strong></span> 
     </span>
    </p>

    <p class='ocr_par' dir='ltr' id='par_1_3' title="bbox 228 780 1515 1692">
     <span class='ocr_line' id='line_1_6' title="bbox 228 780 1513 874; baseline -0.005 -22"><span class='ocrx_word' id='word_1_44' title='bbox 228 848 239 868; x_wconf 48' lang='grc' dir='ltr'><em>Ι</em></span> <span class='ocrx_word' id='word_1_45' title='bbox 359 810 405 864; x_wconf 87' lang='grc' dir='ltr'><strong><em>σις</em></strong></span> <span class='ocrx_word' id='word_1_46' title='bbox 426 791 512 869; x_wconf 90' lang='grc' dir='ltr'><strong><em>δηλοῖ</em></strong></span> <span class='ocrx_word' id='word_1_47' title='bbox 529 783 561 850; x_wconf 85' lang='grc' dir='ltr'><strong><em>τύ</em></strong></span> <span class='ocrx_word' id='word_1_48' title='bbox 583 787 678 870; x_wconf 74' lang='grc' dir='ltr'><strong><em>ἔργον.</em></strong></span> <span class='ocrx_word' id='word_1_49' title='bbox 720 781 881 869; x_wconf 79' lang='grc' dir='ltr'><strong><em>Ἐξῆνεγκε</em></strong></span> <span class='ocrx_word' id='word_1_50' title='bbox 900 781 973 868; x_wconf 86' lang='grc' dir='ltr'><strong><em>γύρ,</em></strong></span> <span class='ocrx_word' id='word_1_51' title='bbox 996 784 1087 864; x_wconf 80' lang='grc' dir='ltr'><strong><em>φησί,</em></strong></span> <span class='ocrx_word' id='word_1_52' title='bbox 1116 791 1157 874; x_wconf 76' lang='grc' dir='ltr'><strong><em>τῷ</em></strong></span> <span class='ocrx_word' id='word_1_53' title='bbox 1173 780 1314 868; x_wconf 66' lang='grc' dir='ltr'><strong><em>’Λβραῦμ</em></strong></span> <span class='ocrx_word' id='word_1_54' title='bbox 1336 780 1447 868; x_wconf 81' lang='grc' dir='ltr'><strong><em>ύρτσνς</em></strong></span> <span class='ocrx_word' id='word_1_55' title='bbox 1467 785 1513 846; x_wconf 83' lang='grc' dir='ltr'><strong><em>καί</em></strong></span> 
     </span>
     <span class='ocr_line' id='line_1_7' title="bbox 357 879 1512 969; baseline -0.005 -15"><span class='ocrx_word' id='word_1_56' title='bbox 357 887 454 968; x_wconf 90' lang='grc' dir='ltr'><strong><em>οἱνον,</em></strong></span> <span class='ocrx_word' id='word_1_57' title='bbox 476 889 528 954; x_wconf 88' lang='grc' dir='ltr'><strong><em>καλ</em></strong></span> <span class='ocrx_word' id='word_1_58' title='bbox 546 879 585 968; x_wconf 83' lang='grc' dir='ltr'><strong><em>ῆν</em></strong></span> <span class='ocrx_word' id='word_1_59' title='bbox 603 885 698 968; x_wconf 87' lang='grc' dir='ltr'><strong><em>ἱερεύς</em></strong></span> <span class='ocrx_word' id='word_1_60' title='bbox 716 894 768 952; x_wconf 91' lang='grc' dir='ltr'><strong><em>τοῦ</em></strong></span> <span class='ocrx_word' id='word_1_61' title='bbox 786 883 915 966; x_wconf 86' lang='grc' dir='ltr'><strong><em>ύψίστου</em></strong></span> <span class='ocrx_word' id='word_1_62' title='bbox 938 883 1001 950; x_wconf 88' lang='grc' dir='ltr'><strong><em>κατ’</em></strong></span> <span class='ocrx_word' id='word_1_63' title='bbox 1018 888 1132 950; x_wconf 80' lang='grc' dir='ltr'><strong><em>ἐκεῖνον</em></strong></span> <span class='ocrx_word' id='word_1_64' title='bbox 1154 882 1205 950; x_wconf 89' lang='grc' dir='ltr'><strong><em>τδν</em></strong></span> <span class='ocrx_word' id='word_1_65' title='bbox 1222 884 1344 969; x_wconf 86' lang='grc' dir='ltr'><strong><em>χρόνον,</em></strong></span> <span class='ocrx_word' id='word_1_66' title='bbox 1374 884 1407 961; x_wconf 84' lang='grc' dir='ltr'><strong><em>λῖς</em></strong></span> <span class='ocrx_word' id='word_1_67' title='bbox 1428 882 1512 967; x_wconf 83' lang='grc' dir='ltr'><strong><em>ηύλύ·</em></strong></span> 
     </span>
     <span class='ocr_line' id='line_1_8' title="bbox 357 981 1515 1076; baseline -0.005 -20"><span class='ocrx_word' id='word_1_68' title='bbox 357 1013 426 1076; x_wconf 91' lang='grc' dir='ltr'><strong><em>γησε</em></strong></span> <span class='ocrx_word' id='word_1_69' title='bbox 450 988 504 1056; x_wconf 84' lang='grc' dir='ltr'><strong><em>τύν</em></strong></span> <span class='ocrx_word' id='word_1_70' title='bbox 523 987 679 1072; x_wconf 77' lang='grc' dir='ltr'><strong><em>Ἀβραύμ,</em></strong></span> <span class='ocrx_word' id='word_1_71' title='bbox 706 990 758 1053; x_wconf 83' lang='grc' dir='ltr'><strong><em>καὶ</em></strong></span> <span class='ocrx_word' id='word_1_72' title='bbox 783 985 910 1069; x_wconf 78' lang='grc' dir='ltr'><em>δεκάτην</em></span> <span class='ocrx_word' id='word_1_73' title='bbox 934 991 1018 1070; x_wconf 72' lang='grc' dir='ltr'><strong><em>ἔλαβε</em></strong></span> <span class='ocrx_word' id='word_1_74' title='bbox 1043 985 1112 1072; x_wconf 86' lang='grc' dir='ltr'><strong><em>παρ’</em></strong></span> <span class='ocrx_word' id='word_1_75' title='bbox 1137 981 1239 1052; x_wconf 84' lang='grc' dir='ltr'><strong><em>αύτοῦ.</em></strong></span> <span class='ocrx_word' id='word_1_76' title='bbox 1275 986 1367 1052; x_wconf 76' lang='grc' dir='ltr'><strong><em>Ἔδει</em></strong></span> <span class='ocrx_word' id='word_1_77' title='bbox 1387 985 1444 1072; x_wconf 80' lang='grc' dir='ltr'><strong><em>γῦρ</em></strong></span> <span class='ocrx_word' id='word_1_78' title='bbox 1466 985 1515 1051; x_wconf 86' lang='grc' dir='ltr'><strong><em>τύν</em></strong></span> 
     </span>
     <span class='ocr_line' id='line_1_9' title="bbox 358 1088 1515 1179; baseline -0.005 -21"><span class='ocrx_word' id='word_1_79' title='bbox 358 1095 437 1179; x_wconf 86' lang='grc' dir='ltr'><strong><em>ἱερέα</em></strong></span> <span class='ocrx_word' id='word_1_80' title='bbox 453 1098 507 1158; x_wconf 88' lang='grc' dir='ltr'><strong><em>τοῦ</em></strong></span> <span class='ocrx_word' id='word_1_81' title='bbox 525 1089 658 1172; x_wconf 84' lang='grc' dir='ltr'><strong><em>ύψίστον</em></strong></span> <span class='ocrx_word' id='word_1_82' title='bbox 677 1088 759 1176; x_wconf 82' lang='grc' dir='ltr'><strong><em>παρύ</em></strong></span> <span class='ocrx_word' id='word_1_83' title='bbox 776 1089 888 1155; x_wconf 91' lang='grc' dir='ltr'><strong><em>δούλου</em></strong></span> <span class='ocrx_word' id='word_1_84' title='bbox 903 1098 979 1156; x_wconf 88' lang='grc' dir='ltr'><strong><em>θεοῦ</em></strong></span> <span class='ocrx_word' id='word_1_85' title='bbox 993 1098 1172 1172; x_wconf 74' lang='grc' dir='ltr'><strong><em>τιμηθῆναι,</em></strong></span> <span class='ocrx_word' id='word_1_86' title='bbox 1194 1093 1246 1155; x_wconf 87' lang='grc' dir='ltr'><strong><em>καῖ</em></strong></span> <span class='ocrx_word' id='word_1_87' title='bbox 1262 1095 1381 1176; x_wconf 76' lang='grc' dir='ltr'><strong><em>πρῶτον</em></strong></span> <span class='ocrx_word' id='word_1_88' title='bbox 1398 1091 1452 1172; x_wconf 75' lang='grc' dir='ltr'><strong><em>μέν</em></strong></span> <span class='ocrx_word' id='word_1_89' title='bbox 1467 1088 1515 1154; x_wconf 85' lang='grc' dir='ltr'><strong><em>τῦν</em></strong></span> 
     </span>
     <span class='ocr_line' id='line_1_10' title="bbox 355 1189 1514 1282; baseline -0.004 -21"><span class='ocrx_word' id='word_1_90' title='bbox 355 1193 495 1281; x_wconf 76' lang='grc' dir='ltr'><strong><em>Ἀβραολμ</em></strong></span> <span class='ocrx_word' id='word_1_91' title='bbox 511 1195 703 1280; x_wconf 85' lang='grc' dir='ltr'><strong><em>προςενέγκαι</em></strong></span> <span class='ocrx_word' id='word_1_92' title='bbox 719 1198 759 1280; x_wconf 78' lang='grc' dir='ltr'><strong><em>τῷ</em></strong></span> <span class='ocrx_word' id='word_1_93' title='bbox 777 1195 809 1257; x_wconf 77' lang='grc' dir='ltr'><strong><em>ἐν</em></strong></span> <span class='ocrx_word' id='word_1_94' title='bbox 826 1190 1008 1282; x_wconf 84' lang='grc' dir='ltr'><strong><em>ύκροβυστίᾳ</em></strong></span> <span class='ocrx_word' id='word_1_95' title='bbox 1026 1196 1098 1276; x_wconf 88' lang='grc' dir='ltr'><strong><em>ἱερεῖ</em></strong></span> <span class='ocrx_word' id='word_1_96' title='bbox 1110 1195 1321 1278; x_wconf 86' lang='grc' dir='ltr'><strong><em>ἱερουργοῦντι,</em></strong></span> <span class='ocrx_word' id='word_1_97' title='bbox 1344 1194 1395 1256; x_wconf 82' lang='grc' dir='ltr'><strong><em>καί</em></strong></span> <span class='ocrx_word' id='word_1_98' title='bbox 1414 1189 1514 1272; x_wconf 72' lang='grc' dir='ltr'><strong><em>ἐπειδὴ</em></strong></span> 
     </span>
     <span class='ocr_line' id='line_1_11' title="bbox 356 1292 1515 1380; baseline -0.005 -16"><span class='ocrx_word' id='word_1_99' title='bbox 356 1301 387 1376; x_wconf 76' lang='grc' dir='ltr'><strong><em>ἐξ</em></strong></span> <span class='ocrx_word' id='word_1_100' title='bbox 402 1296 495 1362; x_wconf 87' lang='grc' dir='ltr'><strong><em>αῦτοῦ</em></strong></span> <span class='ocrx_word' id='word_1_101' title='bbox 515 1295 637 1377; x_wconf 77' lang='grc' dir='ltr'><strong><em>ἤμελλεν</em></strong></span> <span class='ocrx_word' id='word_1_102' title='bbox 659 1297 692 1360; x_wconf 86' lang='grc' dir='ltr'><strong><em>έκ</em></strong></span> <span class='ocrx_word' id='word_1_103' title='bbox 709 1302 870 1379; x_wconf 79' lang='grc' dir='ltr'><strong><em>περιτομῆς</em></strong></span> <span class='ocrx_word' id='word_1_104' title='bbox 885 1301 1019 1380; x_wconf 89' lang='grc' dir='ltr'><strong><em>γίνεσθαι</em></strong></span> <span class='ocrx_word' id='word_1_105' title='bbox 1039 1293 1060 1376; x_wconf 83' lang='grc' dir='ltr'><strong><em>ῆ</em></strong></span> <span class='ocrx_word' id='word_1_106' title='bbox 1075 1295 1236 1380; x_wconf 88' lang='grc' dir='ltr'><strong><em>ἱερωσύνη,</em></strong></span> <span class='ocrx_word' id='word_1_107' title='bbox 1257 1299 1307 1360; x_wconf 84' lang='grc' dir='ltr'><strong><em>ἱνα</em></strong></span> <span class='ocrx_word' id='word_1_108' title='bbox 1322 1301 1384 1359; x_wconf 85' lang='grc' dir='ltr'><strong><em>πῦν</em></strong></span> <span class='ocrx_word' id='word_1_109' title='bbox 1401 1292 1515 1375; x_wconf 82' lang='grc' dir='ltr'><strong><em>ῦψωμο</em></strong></span> 
     </span>
     <span class='ocr_line' id='line_1_12' title="bbox 356 1395 1514 1484; baseline -0.005 -18"><span class='ocrx_word' id='word_1_110' title='bbox 356 1398 553 1484; x_wconf 78' lang='grc' dir='ltr'><strong><em>ἐπαιρόμενον</em></strong></span> <span class='ocrx_word' id='word_1_111' title='bbox 569 1395 643 1462; x_wconf 66' lang='lat' dir='ltr'><strong><em>nard</em></strong></span> <span class='ocrx_word' id='word_1_112' title='bbox 659 1405 713 1480; x_wconf 87' lang='grc' dir='ltr'><strong><em>τῆς</em></strong></span> <span class='ocrx_word' id='word_1_113' title='bbox 728 1397 862 1483; x_wconf 85' lang='grc' dir='ltr'><strong><em>γνύσεως</em></strong></span> <span class='ocrx_word' id='word_1_114' title='bbox 879 1406 932 1462; x_wconf 90' lang='grc' dir='ltr'><strong><em>τοῦ</em></strong></span> <span class='ocrx_word' id='word_1_115' title='bbox 947 1405 1023 1464; x_wconf 92' lang='grc' dir='ltr'><strong><em>θεοῦ</em></strong></span> <span class='ocrx_word' id='word_1_116' title='bbox 1042 1397 1091 1463; x_wconf 82' lang='grc' dir='ltr'><strong><em>διαί</em></strong></span> <span class='ocrx_word' id='word_1_117' title='bbox 1107 1407 1162 1480; x_wconf 85' lang='grc' dir='ltr'><strong><em>τῆς</em></strong></span> <span class='ocrx_word' id='word_1_118' title='bbox 1178 1397 1313 1484; x_wconf 85' lang='grc' dir='ltr'><strong><em>γνύσεως</em></strong></span> <span class='ocrx_word' id='word_1_119' title='bbox 1326 1406 1514 1480; x_wconf 86' lang='grc' dir='ltr'><strong><em>καθαιροῖτο,</em></strong></span> 
     </span>
     <span class='ocr_line' id='line_1_13' title="bbox 357 1497 1514 1587; baseline -0.005 -19"><span class='ocrx_word' id='word_1_120' title='bbox 357 1500 435 1587; x_wconf 85' lang='grc' dir='ltr'><strong><em>πρύς</em></strong></span> <span class='ocrx_word' id='word_1_121' title='bbox 453 1500 485 1566; x_wconf 87' lang='grc' dir='ltr'><strong><em>τύ</em></strong></span> <span class='ocrx_word' id='word_1_122' title='bbox 509 1499 550 1582; x_wconf 81' lang='grc' dir='ltr'><strong><em>μῆ</em></strong></span> <span class='ocrx_word' id='word_1_123' title='bbox 570 1497 719 1582; x_wconf 84' lang='grc' dir='ltr'><strong><em>αύγοῦσαν</em></strong></span> <span class='ocrx_word' id='word_1_124' title='bbox 739 1498 792 1581; x_wconf 83' lang='grc' dir='ltr'><strong><em>τῆν</em></strong></span> <span class='ocrx_word' id='word_1_125' title='bbox 813 1500 975 1584; x_wconf 76' lang='grc' dir='ltr'><strong><em>περιτομὴν</em></strong></span> <span class='ocrx_word' id='word_1_126' title='bbox 993 1502 1059 1586; x_wconf 83' lang='grc' dir='ltr'><strong><em>περί</em></strong></span> <span class='ocrx_word' id='word_1_127' title='bbox 1083 1500 1244 1586; x_wconf 71' lang='grc' dir='ltr'><strong><em>ἱερωσύνης</em></strong></span> <span class='ocrx_word' id='word_1_128' title='bbox 1265 1498 1416 1564; x_wconf 83' lang='grc' dir='ltr'><strong><em>δύνασθαι</em></strong></span> <span class='ocrx_word' id='word_1_129' title='bbox 1439 1497 1514 1562; x_wconf 80' lang='grc' dir='ltr'><strong><em>ύντι-</em></strong></span> 
     </span>
     <span class='ocr_line' id='line_1_14' title="bbox 356 1599 1514 1692; baseline -0.003 -24"><span class='ocrx_word' id='word_1_130' title='bbox 356 1606 449 1692; x_wconf 90' lang='grc' dir='ltr'><strong><em>λέγειν</em></strong></span> <span class='ocrx_word' id='word_1_131' title='bbox 470 1610 507 1692; x_wconf 78' lang='grc' dir='ltr'><strong><em>τῆ</em></strong></span> <span class='ocrx_word' id='word_1_132' title='bbox 523 1611 577 1685; x_wconf 86' lang='grc' dir='ltr'><strong><em>τῆς</em></strong></span> <span class='ocrx_word' id='word_1_133' title='bbox 595 1600 680 1687; x_wconf 77' lang='grc' dir='ltr'><strong><em>ἁγίας</em></strong></span> <span class='ocrx_word' id='word_1_134' title='bbox 697 1605 850 1684; x_wconf 80' lang='grc' dir='ltr'><strong><em>ἐκκλησίας</em></strong></span> <span class='ocrx_word' id='word_1_135' title='bbox 870 1601 1025 1690; x_wconf 88' lang='grc' dir='ltr'><strong><em>ἱερωσύνη.</em></strong></span> <span class='ocrx_word' id='word_1_136' title='bbox 1070 1606 1113 1666; x_wconf 67' lang='lat' dir='ltr'><strong><em>Ei</em></strong></span> <span class='ocrx_word' id='word_1_137' title='bbox 1131 1603 1187 1688; x_wconf 83' lang='grc' dir='ltr'><strong><em>γύρ</em></strong></span> <span class='ocrx_word' id='word_1_138' title='bbox 1202 1599 1334 1685; x_wconf 74' lang='grc' dir='ltr'><strong><em>Ἆβραύμ</em></strong></span> <span class='ocrx_word' id='word_1_139' title='bbox 1349 1606 1391 1690; x_wconf 79' lang='grc' dir='ltr'><strong><em>τῷ</em></strong></span> <span class='ocrx_word' id='word_1_140' title='bbox 1407 1607 1514 1682; x_wconf 79' lang='grc' dir='ltr'><strong><em>Μελχι-</em></strong></span> 
     </span>
    </p>

    <p class='ocr_par' dir='ltr' id='par_1_4' title="bbox 228 1702 1516 2710">
     <span class='ocr_line' id='line_1_15' title="bbox 228 1702 1513 1792; baseline -0.005 -20"><span class='ocrx_word' id='word_1_141' title='bbox 228 1707 336 1766; x_wconf 59' lang='lat' dir='ltr'><strong><em>fflffl·</em></strong></span> <span class='ocrx_word' id='word_1_142' title='bbox 355 1707 439 1772; x_wconf 79' lang='grc' dir='ltr'><strong><em>σεδέκ</em></strong></span> <span class='ocrx_word' id='word_1_143' title='bbox 452 1704 633 1792; x_wconf 86' lang='grc' dir='ltr'><strong><em>ιτροςῆνεγκε</em></strong></span> <span class='ocrx_word' id='word_1_144' title='bbox 649 1703 790 1786; x_wconf 79' lang='grc' dir='ltr'><strong><em>δεκάτην,</em></strong></span> <span class='ocrx_word' id='word_1_145' title='bbox 812 1707 845 1769; x_wconf 89' lang='grc' dir='ltr'><strong><em>οῖ</em></strong></span> <span class='ocrx_word' id='word_1_146' title='bbox 863 1705 895 1769; x_wconf 86' lang='grc' dir='ltr'><strong><em>δέ</em></strong></span> <span class='ocrx_word' id='word_1_147' title='bbox 918 1702 978 1770; x_wconf 67' lang='lat' dir='ltr'><strong><em>dmi</em></strong></span> <span class='ocrx_word' id='word_1_148' title='bbox 996 1703 1136 1790; x_wconf 70' lang='grc' dir='ltr'><strong><em>Ἆβραύμ</em></strong></span> <span class='ocrx_word' id='word_1_149' title='bbox 1157 1712 1198 1792; x_wconf 80' lang='grc' dir='ltr'><strong><em>τῷ</em></strong></span> <span class='ocrx_word' id='word_1_150' title='bbox 1214 1705 1292 1768; x_wconf 90' lang='grc' dir='ltr'><strong><em>Λενλ</em></strong></span> <span class='ocrx_word' id='word_1_151' title='bbox 1312 1705 1513 1786; x_wconf 83' lang='grc' dir='ltr'><strong><em>προςφέρουσι</em></strong></span> 
     </span>
     <span class='ocr_line' id='line_1_16' title="bbox 356 1805 1515 1896; baseline -0.004 -22"><span class='ocrx_word' id='word_1_152' title='bbox 356 1811 407 1874; x_wconf 87' lang='grc' dir='ltr'><strong><em>καλ</em></strong></span> <span class='ocrx_word' id='word_1_153' title='bbox 426 1815 468 1896; x_wconf 81' lang='grc' dir='ltr'><strong><em>τῷ</em></strong></span> <span class='ocrx_word' id='word_1_154' title='bbox 485 1805 615 1892; x_wconf 78' lang='grc' dir='ltr'><strong><em>Ἀαροδν,</em></strong></span> <span class='ocrx_word' id='word_1_155' title='bbox 639 1805 711 1890; x_wconf 84' lang='grc' dir='ltr'><strong><em>μετύ</em></strong></span> <span class='ocrx_word' id='word_1_156' title='bbox 726 1805 834 1891; x_wconf 79' lang='grc' dir='ltr'><strong><em>χρόνον</em></strong></span> <span class='ocrx_word' id='word_1_157' title='bbox 850 1807 883 1871; x_wconf 83' lang='grc' dir='ltr'><strong><em>δέ</em></strong></span> <span class='ocrx_word' id='word_1_158' title='bbox 899 1814 953 1872; x_wconf 89' lang='grc' dir='ltr'><strong><em>τοῦ</em></strong></span> <span class='ocrx_word' id='word_1_159' title='bbox 970 1806 1058 1872; x_wconf 76' lang='grc' dir='ltr'><strong><em>πάλιν</em></strong></span> <span class='ocrx_word' id='word_1_160' title='bbox 1075 1805 1148 1872; x_wconf 86' lang='grc' dir='ltr'><strong><em>είναι</em></strong></span> <span class='ocrx_word' id='word_1_161' title='bbox 1166 1805 1220 1888; x_wconf 85' lang='grc' dir='ltr'><strong><em>τῆν</em></strong></span> <span class='ocrx_word' id='word_1_162' title='bbox 1237 1805 1399 1889; x_wconf 88' lang='grc' dir='ltr'><strong><em>ἱερωσύνην</em></strong></span> <span class='ocrx_word' id='word_1_163' title='bbox 1417 1807 1450 1870; x_wconf 78' lang='grc' dir='ltr'><strong><em>ἐκ</em></strong></span> <span class='ocrx_word' id='word_1_164' title='bbox 1467 1829 1515 1868; x_wconf 88' lang='grc' dir='ltr'><strong><em>πε-</em></strong></span> 
     </span>
     <span class='ocr_line' id='line_1_17' title="bbox 356 1905 1514 1994; baseline -0.003 -20"><span class='ocrx_word' id='word_1_165' title='bbox 356 1917 480 1994; x_wconf 80' lang='grc' dir='ltr'><strong><em>ριτομῆς</em></strong></span> <span class='ocrx_word' id='word_1_166' title='bbox 496 1908 544 1974; x_wconf 84' lang='grc' dir='ltr'><strong><em>διύ</em></strong></span> <span class='ocrx_word' id='word_1_167' title='bbox 559 1907 682 1994; x_wconf 72' lang='grc' dir='ltr'><strong><em>Ἀαρών,</em></strong></span> <span class='ocrx_word' id='word_1_168' title='bbox 700 1911 751 1973; x_wconf 85' lang='grc' dir='ltr'><strong><em>καί</em></strong></span> <span class='ocrx_word' id='word_1_169' title='bbox 766 1916 825 1973; x_wconf 81' lang='grc' dir='ltr'><strong><em>τοῖν</em></strong></span> <span class='ocrx_word' id='word_1_170' title='bbox 839 1913 913 1974; x_wconf 85' lang='grc' dir='ltr'><strong><em>υἱῦν</em></strong></span> <span class='ocrx_word' id='word_1_171' title='bbox 927 1906 1021 1974; x_wconf 85' lang='grc' dir='ltr'><strong><em>αύτοῦ</em></strong></span> <span class='ocrx_word' id='word_1_172' title='bbox 1036 1913 1176 1992; x_wconf 76' lang='grc' dir='ltr'><strong><em>καθεξῆς,</em></strong></span> <span class='ocrx_word' id='word_1_173' title='bbox 1194 1908 1303 1989; x_wconf 85' lang='grc' dir='ltr'><strong><em>φύσκει</em></strong></span> <span class='ocrx_word' id='word_1_174' title='bbox 1316 1906 1337 1991; x_wconf 77' lang='grc' dir='ltr'><em>ἦ</em></span> <span class='ocrx_word' id='word_1_175' title='bbox 1349 1907 1451 1992; x_wconf 73' lang='grc' dir='ltr'><strong><em>γραφὴ</em></strong></span> <span class='ocrx_word' id='word_1_176' title='bbox 1466 1905 1514 1972; x_wconf 86' lang='grc' dir='ltr'><strong><em>διύ</em></strong></span> 
     </span>
     <span class='ocr_line' id='line_1_18' title="bbox 356 2009 1516 2096; baseline -0.005 -18"><span class='ocrx_word' id='word_1_177' title='bbox 356 2021 410 2078; x_wconf 88' lang='grc' dir='ltr'><strong><em>τοῦ</em></strong></span> <span class='ocrx_word' id='word_1_178' title='bbox 425 2014 537 2095; x_wconf 84' lang='grc' dir='ltr'><strong><em>Δαβλδ,</em></strong></span> <span class='ocrx_word' id='word_1_179' title='bbox 559 2011 629 2094; x_wconf 79' lang='grc' dir='ltr'><strong><em>μεταλ</em></strong></span> <span class='ocrx_word' id='word_1_180' title='bbox 646 2018 746 2096; x_wconf 85' lang='grc' dir='ltr'><strong><em>γενεαῖς</em></strong></span> <span class='ocrx_word' id='word_1_181' title='bbox 763 2011 890 2078; x_wconf 90' lang='grc' dir='ltr'><strong><em>δεκαδύο</em></strong></span> <span class='ocrx_word' id='word_1_182' title='bbox 907 2019 961 2093; x_wconf 87' lang='grc' dir='ltr'><strong><em>τῆς</em></strong></span> <span class='ocrx_word' id='word_1_183' title='bbox 975 2018 1028 2077; x_wconf 88' lang='grc' dir='ltr'><strong><em>τοῦ</em></strong></span> <span class='ocrx_word' id='word_1_184' title='bbox 1042 2014 1121 2076; x_wconf 85' lang='grc' dir='ltr'><strong><em>Λενλ</em></strong></span> <span class='ocrx_word' id='word_1_185' title='bbox 1137 2011 1314 2096; x_wconf 83' lang='grc' dir='ltr'><strong><em>γεννήσεως,</em></strong></span> <span class='ocrx_word' id='word_1_186' title='bbox 1336 2009 1468 2096; x_wconf 82' lang='grc' dir='ltr'><strong><em>έβδύμης</em></strong></span> <span class='ocrx_word' id='word_1_187' title='bbox 1487 2011 1516 2072; x_wconf 80' lang='grc' dir='ltr'><strong><em>δέ</em></strong></span> 
     </span>
     <span class='ocr_line' id='line_1_19' title="bbox 356 2110 1514 2203; baseline -0.003 -23"><span class='ocrx_word' id='word_1_188' title='bbox 356 2113 416 2180; x_wconf 86' lang='grc' dir='ltr'><strong><em>ύπδ</em></strong></span> <span class='ocrx_word' id='word_1_189' title='bbox 435 2121 489 2196; x_wconf 88' lang='grc' dir='ltr'><strong><em>τῆς</em></strong></span> <span class='ocrx_word' id='word_1_190' title='bbox 502 2111 618 2198; x_wconf 83' lang='grc' dir='ltr'><strong><em>Ἀαροῖν</em></strong></span> <span class='ocrx_word' id='word_1_191' title='bbox 632 2117 787 2196; x_wconf 85' lang='grc' dir='ltr'><strong><em>διαδοχῆς,</em></strong></span> <span class='ocrx_word' id='word_1_192' title='bbox 810 2114 899 2195; x_wconf 86' lang='grc' dir='ltr'><strong><em>φύσει</em></strong></span> <span class='ocrx_word' id='word_1_193' title='bbox 922 2117 1021 2191; x_wconf 78' lang='grc' dir='ltr'><strong><em>ἔδοξεν</em></strong></span> <span class='ocrx_word' id='word_1_194' title='bbox 1045 2111 1101 2180; x_wconf 85' lang='grc' dir='ltr'><strong><em>οῦκ</em></strong></span> <span class='ocrx_word' id='word_1_195' title='bbox 1125 2117 1157 2180; x_wconf 80' lang='grc' dir='ltr'><strong><em>έν</em></strong></span> <span class='ocrx_word' id='word_1_196' title='bbox 1179 2121 1216 2203; x_wconf 76' lang='grc' dir='ltr'><strong><em>τῇ</em></strong></span> <span class='ocrx_word' id='word_1_197' title='bbox 1238 2119 1348 2200; x_wconf 72' lang='grc' dir='ltr'><strong><em>παλαιᾷ</em></strong></span> <span class='ocrx_word' id='word_1_198' title='bbox 1369 2110 1514 2198; x_wconf 80' lang='grc' dir='ltr'><strong><em>ἱερωσύνη</em></strong></span> 
     </span>
     <span class='ocr_line' id='line_1_20' title="bbox 355 2214 1515 2302; baseline -0.005 -20"><span class='ocrx_word' id='word_1_199' title='bbox 355 2216 388 2283; x_wconf 88' lang='grc' dir='ltr'><strong><em>τδ</em></strong></span> <span class='ocrx_word' id='word_1_200' title='bbox 406 2214 554 2302; x_wconf 71' lang='grc' dir='ltr'><strong><em>ἱερατικὸν</em></strong></span> <span class='ocrx_word' id='word_1_201' title='bbox 571 2219 727 2294; x_wconf 73' lang='grc' dir='ltr'><strong><em>ἵστασθαι,</em></strong></span> <span class='ocrx_word' id='word_1_202' title='bbox 754 2218 984 2299; x_wconf 81' lang='grc' dir='ltr'><strong><em>μετατιθεμένης</em></strong></span> <span class='ocrx_word' id='word_1_203' title='bbox 1004 2215 1066 2298; x_wconf 69' lang='grc' dir='ltr'><strong><em>2δῆ</em></strong></span> <span class='ocrx_word' id='word_1_204' title='bbox 1083 2220 1124 2292; x_wconf 86' lang='grc' dir='ltr'><strong><em>είς</em></strong></span> <span class='ocrx_word' id='word_1_205' title='bbox 1145 2215 1198 2298; x_wconf 82' lang='grc' dir='ltr'><strong><em>τῆν</em></strong></span> <span class='ocrx_word' id='word_1_206' title='bbox 1221 2214 1279 2298; x_wconf 87' lang='grc' dir='ltr'><strong><em>πρύ</em></strong></span> <span class='ocrx_word' id='word_1_207' title='bbox 1296 2222 1351 2280; x_wconf 88' lang='grc' dir='ltr'><strong><em>τοῦ</em></strong></span> <span class='ocrx_word' id='word_1_208' title='bbox 1367 2216 1446 2278; x_wconf 80' lang='grc' dir='ltr'><strong><em>Λευὶ</em></strong></span> <span class='ocrx_word' id='word_1_209' title='bbox 1463 2218 1515 2278; x_wconf 84' lang='grc' dir='ltr'><strong><em>καλ</em></strong></span> 
     </span>
     <span class='ocr_line' id='line_1_21' title="bbox 353 2316 1515 2406; baseline -0.005 -20"><span class='ocrx_word' id='word_1_210' title='bbox 353 2319 412 2406; x_wconf 87' lang='grc' dir='ltr'><strong><em>πρδ</em></strong></span> <span class='ocrx_word' id='word_1_211' title='bbox 429 2317 544 2404; x_wconf 78' lang='grc' dir='ltr'><strong><em>Ἀαρούν</em></strong></span> <span class='ocrx_word' id='word_1_212' title='bbox 564 2316 639 2383; x_wconf 85' lang='grc' dir='ltr'><strong><em>ιιοιτύ</em></strong></span> <span class='ocrx_word' id='word_1_213' title='bbox 660 2317 715 2399; x_wconf 85' lang='grc' dir='ltr'><strong><em>τῆν</em></strong></span> <span class='ocrx_word' id='word_1_214' title='bbox 736 2317 818 2395; x_wconf 82' lang='grc' dir='ltr'><strong><em>τύξιν</em></strong></span> <span class='ocrx_word' id='word_1_215' title='bbox 834 2319 1014 2400; x_wconf 76' lang='grc' dir='ltr'><strong><em>Μελχισεδέκ</em></strong></span> <span class='ocrx_word' id='word_1_216' title='bbox 1032 2325 1084 2400; x_wconf 88' lang='grc' dir='ltr'><strong><em>τῆς</em></strong></span> <span class='ocrx_word' id='word_1_217' title='bbox 1100 2316 1273 2402; x_wconf 85' lang='grc' dir='ltr'><strong><em>ἱερωσύνης·</em></strong></span> <span class='ocrx_word' id='word_1_218' title='bbox 1294 2316 1368 2402; x_wconf 73' lang='grc' dir='ltr'><strong><em>ὅπερ</em></strong></span> <span class='ocrx_word' id='word_1_219' title='bbox 1391 2317 1459 2382; x_wconf 86' lang='grc' dir='ltr'><strong><em>νννλ</em></strong></span> <span class='ocrx_word' id='word_1_220' title='bbox 1485 2317 1515 2380; x_wconf 64' lang='lat' dir='ltr'><strong><em>ir</em></strong></span> 
     </span>
     <span class='ocr_line' id='line_1_22' title="bbox 352 2418 1514 2514; baseline -0.006 -25"><span class='ocrx_word' id='word_1_221' title='bbox 352 2431 389 2514; x_wconf 80' lang='grc' dir='ltr'><strong><em>τῆ</em></strong></span> <span class='ocrx_word' id='word_1_222' title='bbox 411 2425 548 2510; x_wconf 76' lang='grc' dir='ltr'><strong><em>ἐκκλησίᾳ</em></strong></span> <span class='ocrx_word' id='word_1_223' title='bbox 572 2418 770 2498; x_wconf 80' lang='grc' dir='ltr'><strong><em>πολιτεύεται,</em></strong></span> <span class='ocrx_word' id='word_1_224' title='bbox 802 2418 861 2484; x_wconf 76' lang='grc' dir='ltr'><strong><em>ιλιαδ</em></strong></span> <span class='ocrx_word' id='word_1_225' title='bbox 885 2425 1016 2506; x_wconf 80' lang='grc' dir='ltr'><strong><em>Χριστοῦ</em></strong></span> <span class='ocrx_word' id='word_1_226' title='bbox 1040 2422 1092 2485; x_wconf 83' lang='grc' dir='ltr'><strong><em>καλ</em></strong></span> <span class='ocrx_word' id='word_1_227' title='bbox 1110 2424 1199 2504; x_wconf 92' lang='grc' dir='ltr'><strong><em>δεῦρο</em></strong></span> <span class='ocrx_word' id='word_1_228' title='bbox 1219 2421 1329 2500; x_wconf 75' lang='grc' dir='ltr'><strong><em>’μηκέτι</em></strong></span> <span class='ocrx_word' id='word_1_229' title='bbox 1350 2426 1407 2483; x_wconf 89' lang='grc' dir='ltr'><strong><em>τοῦ</em></strong></span> <span class='ocrx_word' id='word_1_230' title='bbox 1428 2419 1514 2501; x_wconf 64' lang='grc' dir='ltr'><strong><em>σπέρι</em></strong></span> 
     </span>
     <span class='ocr_line' id='line_1_23' title="bbox 353 2519 1514 2609; baseline -0.005 -18"><span class='ocrx_word' id='word_1_231' title='bbox 353 2550 444 2608; x_wconf 87' lang='grc' dir='ltr'><strong><em>ματος</em></strong></span> <span class='ocrx_word' id='word_1_232' title='bbox 461 2523 536 2590; x_wconf 84' lang='grc' dir='ltr'><strong><em>κατύ</em></strong></span> <span class='ocrx_word' id='word_1_233' title='bbox 554 2521 696 2608; x_wconf 83' lang='grc' dir='ltr'><strong><em>διαδογῆν</em></strong></span> <span class='ocrx_word' id='word_1_234' title='bbox 716 2525 923 2609; x_wconf 83' lang='grc' dir='ltr'><strong><em>ίκλεγομένου,</em></strong></span> <span class='ocrx_word' id='word_1_235' title='bbox 953 2521 1024 2586; x_wconf 79' lang='grc' dir='ltr'><strong><em>οίλλύ</em></strong></span> <span class='ocrx_word' id='word_1_236' title='bbox 1047 2531 1099 2588; x_wconf 90' lang='grc' dir='ltr'><strong><em>τοῦ</em></strong></span> <span class='ocrx_word' id='word_1_237' title='bbox 1122 2521 1197 2587; x_wconf 85' lang='grc' dir='ltr'><strong><em>κατοῖ</em></strong></span> <span class='ocrx_word' id='word_1_238' title='bbox 1219 2519 1326 2606; x_wconf 82' lang='grc' dir='ltr'><strong><em>ύριτῆν</em></strong></span> <span class='ocrx_word' id='word_1_239' title='bbox 1347 2519 1448 2586; x_wconf 90' lang='grc' dir='ltr'><strong><em>τύπου</em></strong></span> <span class='ocrx_word' id='word_1_240' title='bbox 1469 2527 1514 2600; x_wconf 78' lang='grc' dir='ltr'><strong><em>ζη-</em></strong></span> 
     </span>
     <span class='ocr_line' id='line_1_24' title="bbox 352 2629 506 2710; baseline -0.013 -18"><span class='ocrx_word' id='word_1_241' title='bbox 352 2629 506 2710; x_wconf 84' lang='grc' dir='ltr'><strong><em>τουμίνου.</em></strong></span> 
     </span>
    </p>
   </div>
   <div class='ocr_carea' id='block_1_3' title="bbox 223 2929 1522 4249">
    <p class='ocr_par' dir='ltr' id='par_1_5' title="bbox 223 2929 1522 4249">
     <span class='ocr_line' id='line_1_25' title="bbox 223 2929 1514 3022; baseline -0.002 -24"><span class='ocrx_word' id='word_1_242' title='bbox 223 2931 291 2998; x_wconf 58' lang='grc' dir='ltr'><strong><em>Κεφ·</em></strong></span> <span class='ocrx_word' id='word_1_243' title='bbox 304 2929 335 2996; x_wconf 71' lang='grc' dir='ltr'><strong><em>γ’·</em></strong></span> <span class='ocrx_word' id='word_1_244' title='bbox 440 2930 551 3018; x_wconf 84' lang='grc' dir='ltr'><strong><em>Πρύτη</em></strong></span> <span class='ocrx_word' id='word_1_245' title='bbox 568 2932 624 3016; x_wconf 84' lang='grc' dir='ltr'><strong><em>γύρ</em></strong></span> <span class='ocrx_word' id='word_1_246' title='bbox 640 2933 782 3016; x_wconf 84' lang='grc' dir='ltr'><strong><em>ἱερωσύνη</em></strong></span> <span class='ocrx_word' id='word_1_247' title='bbox 799 2935 831 2999; x_wconf 88' lang='grc' dir='ltr'><strong><em>έν</em></strong></span> <span class='ocrx_word' id='word_1_248' title='bbox 848 2932 1029 3022; x_wconf 72' lang='grc' dir='ltr'><strong><em>ἀκροβυστίᾳ</em></strong></span> <span class='ocrx_word' id='word_1_249' title='bbox 1047 2932 1096 3000; x_wconf 83' lang='grc' dir='ltr'><strong><em>διοῖ</em></strong></span> <span class='ocrx_word' id='word_1_250' title='bbox 1112 2941 1166 2999; x_wconf 90' lang='grc' dir='ltr'><strong><em>τοῦ</em></strong></span> <span class='ocrx_word' id='word_1_251' title='bbox 1177 2932 1266 3016; x_wconf 73' lang='grc' dir='ltr'><strong><em>’Λβελ</em></strong></span> <span class='ocrx_word' id='word_1_252' title='bbox 1284 2942 1419 3010; x_wconf 88' lang='grc' dir='ltr'><strong><em>τελεῖται,</em></strong></span> <span class='ocrx_word' id='word_1_253' title='bbox 1444 2929 1514 2996; x_wconf 78' lang='grc' dir='ltr'><strong><em>ύλλιῖ</em></strong></span> 
     </span>
     <span class='ocr_line' id='line_1_26' title="bbox 351 3031 1514 3119; baseline -0.003 -19"><span class='ocrx_word' id='word_1_254' title='bbox 351 3037 404 3100; x_wconf 85' lang='grc' dir='ltr'><strong><em>καῖ</em></strong></span> <span class='ocrx_word' id='word_1_255' title='bbox 422 3031 493 3098; x_wconf 86' lang='grc' dir='ltr'><strong><em>καθ’</em></strong></span> <span class='ocrx_word' id='word_1_256' title='bbox 510 3035 577 3116; x_wconf 84' lang='grc' dir='ltr'><strong><em>έξῆς</em></strong></span> <span class='ocrx_word' id='word_1_257' title='bbox 593 3033 642 3099; x_wconf 80' lang='grc' dir='ltr'><strong><em>διαί</em></strong></span> <span class='ocrx_word' id='word_1_258' title='bbox 658 3043 711 3100; x_wconf 90' lang='grc' dir='ltr'><strong><em>τοῦ</em></strong></span> <span class='ocrx_word' id='word_1_259' title='bbox 728 3043 809 3114; x_wconf 84' lang='grc' dir='ltr'><strong><em>Ναῖε,</em></strong></span> <span class='ocrx_word' id='word_1_260' title='bbox 837 3042 939 3119; x_wconf 84' lang='grc' dir='ltr'><strong><em>1τρίτη</em></strong></span> <span class='ocrx_word' id='word_1_261' title='bbox 958 3039 989 3102; x_wconf 82' lang='grc' dir='ltr'><strong><em>δέ</em></strong></span> <span class='ocrx_word' id='word_1_262' title='bbox 1006 3035 1056 3101; x_wconf 84' lang='grc' dir='ltr'><strong><em>διύ</em></strong></span> <span class='ocrx_word' id='word_1_263' title='bbox 1074 3044 1126 3101; x_wconf 89' lang='grc' dir='ltr'><strong><em>τοῦ</em></strong></span> <span class='ocrx_word' id='word_1_264' title='bbox 1144 3037 1333 3119; x_wconf 83' lang='grc' dir='ltr'><strong><em>Μελχισεδέκ,</em></strong></span> <span class='ocrx_word' id='word_1_265' title='bbox 1356 3041 1438 3100; x_wconf 63' lang='grc' dir='ltr'><strong><em>’τοῦ</em></strong></span> <span class='ocrx_word' id='word_1_266' title='bbox 1458 3031 1514 3097; x_wconf 82' lang='grc' dir='ltr'><strong><em>οῦιι</em></strong></span> 
     </span>
     <span class='ocr_line' id='line_1_27' title="bbox 350 3133 1513 3228; baseline -0.001 -26"><span class='ocrx_word' id='word_1_267' title='bbox 350 3137 383 3202; x_wconf 81' lang='grc' dir='ltr'><strong><em>έν</em></strong></span> <span class='ocrx_word' id='word_1_268' title='bbox 398 3143 556 3225; x_wconf 75' lang='grc' dir='ltr'><strong><em>περιτομῇ,</em></strong></span> <span class='ocrx_word' id='word_1_269' title='bbox 580 3133 652 3200; x_wconf 84' lang='grc' dir='ltr'><strong><em>α’λλοῖ</em></strong></span> <span class='ocrx_word' id='word_1_270' title='bbox 668 3139 698 3202; x_wconf 78' lang='grc' dir='ltr'><strong><em>έν</em></strong></span> <span class='ocrx_word' id='word_1_271' title='bbox 712 3138 886 3228; x_wconf 76' lang='grc' dir='ltr'><strong><em>δικαιοσύνη</em></strong></span> <span class='ocrx_word' id='word_1_272' title='bbox 904 3140 973 3220; x_wconf 73' lang='grc' dir='ltr'><strong><em>μέν,</em></strong></span> <span class='ocrx_word' id='word_1_273' title='bbox 995 3138 1150 3221; x_wconf 86' lang='grc' dir='ltr'><strong><em>τελειότητι</em></strong></span> <span class='ocrx_word' id='word_1_274' title='bbox 1169 3141 1221 3203; x_wconf 85' lang='grc' dir='ltr'><strong><em>καλ</em></strong></span> <span class='ocrx_word' id='word_1_275' title='bbox 1239 3136 1345 3228; x_wconf 78' lang='grc' dir='ltr'><strong><em>ύρετῆ,</em></strong></span> <span class='ocrx_word' id='word_1_276' title='bbox 1368 3140 1400 3201; x_wconf 76' lang='grc' dir='ltr'><strong><em>ἐν</em></strong></span> <span class='ocrx_word' id='word_1_277' title='bbox 1424 3133 1513 3218; x_wconf 73' lang='grc' dir='ltr'><strong><em>νίτρον</em></strong></span> 
     </span>
     <span class='ocr_line' id='line_1_28' title="bbox 350 3236 1515 3326; baseline 0 -24"><span class='ocrx_word' id='word_1_278' title='bbox 350 3241 456 3326; x_wconf 89' lang='grc' dir='ltr'><strong><em>βυστίᾳ</em></strong></span> <span class='ocrx_word' id='word_1_279' title='bbox 477 3239 509 3302; x_wconf 80' lang='grc' dir='ltr'><strong><em>δέ</em></strong></span> <span class='ocrx_word' id='word_1_280' title='bbox 527 3237 637 3323; x_wconf 89' lang='grc' dir='ltr'><strong><em>σαρκύς</em></strong></span> <span class='ocrx_word' id='word_1_281' title='bbox 654 3245 718 3326; x_wconf 78' lang='grc' dir='ltr'><strong><em>θεῷ</em></strong></span> <span class='ocrx_word' id='word_1_282' title='bbox 741 3239 971 3324; x_wconf 87' lang='grc' dir='ltr'><strong><em>ἱερατεύσαντος.</em></strong></span> <span class='ocrx_word' id='word_1_283' title='bbox 1017 3243 1078 3305; x_wconf 82' lang='grc' dir='ltr'><strong><em>Καί</em></strong></span> <span class='ocrx_word' id='word_1_284' title='bbox 1094 3241 1140 3306; x_wconf 82' lang='grc' dir='ltr'><strong><em>ύτι</em></strong></span> <span class='ocrx_word' id='word_1_285' title='bbox 1157 3242 1210 3324; x_wconf 77' lang='grc' dir='ltr'><strong><em>μέν</em></strong></span> <span class='ocrx_word' id='word_1_286' title='bbox 1226 3238 1244 3306; x_wconf 82' lang='grc' dir='ltr'>ὁ</span> <span class='ocrx_word' id='word_1_287' title='bbox 1262 3240 1445 3322; x_wconf 79' lang='grc' dir='ltr'><strong><em>Μελχισεδέκ</em></strong></span> <span class='ocrx_word' id='word_1_288' title='bbox 1463 3236 1515 3302; x_wconf 81' lang='grc' dir='ltr'><strong><em>ύν-</em></strong></span> 
     </span>
     <span class='ocr_line' id='line_1_29' title="bbox 349 3331 1515 3432; baseline 0 -28"><span class='ocrx_word' id='word_1_289' title='bbox 349 3350 476 3427; x_wconf 85' lang='grc' dir='ltr'><strong><em>θρωπος</em></strong></span> <span class='ocrx_word' id='word_1_290' title='bbox 494 3331 548 3420; x_wconf 81' lang='grc' dir='ltr'><strong><em>ῆν,</em></strong></span> <span class='ocrx_word' id='word_1_291' title='bbox 571 3339 660 3417; x_wconf 84' lang='grc' dir='ltr'><strong><em>αύτδς</em></strong></span> <span class='ocrx_word' id='word_1_292' title='bbox 678 3338 719 3406; x_wconf 77' lang='lat'><strong><em>³6</em></strong></span> <span class='ocrx_word' id='word_1_293' title='bbox 729 3340 814 3424; x_wconf 77' lang='grc' dir='ltr'><strong><em>ύγιος</em></strong></span> <span class='ocrx_word' id='word_1_294' title='bbox 829 3350 905 3408; x_wconf 85' lang='grc' dir='ltr'><strong><em>θεοῦ</em></strong></span> <span class='ocrx_word' id='word_1_295' title='bbox 927 3341 1092 3420; x_wconf 85' lang='grc' dir='ltr'><strong><em>ύιτύστολος</em></strong></span> <span class='ocrx_word' id='word_1_296' title='bbox 1110 3347 1142 3408; x_wconf 81' lang='grc' dir='ltr'><strong><em>έν</em></strong></span> <span class='ocrx_word' id='word_1_297' title='bbox 1166 3350 1202 3432; x_wconf 79' lang='grc' dir='ltr'><strong><em>τῆ</em></strong></span> <span class='ocrx_word' id='word_1_298' title='bbox 1221 3345 1358 3431; x_wconf 81' lang='grc' dir='ltr'><strong><em>ίπιστολῆ</em></strong></span> <span class='ocrx_word' id='word_1_299' title='bbox 1377 3339 1515 3424; x_wconf 85' lang='grc' dir='ltr'><strong><em>δηλύσει.</em></strong></span> 
     </span>
     <span class='ocr_line' id='line_1_30' title="bbox 351 3441 1516 3530; baseline 0 -23"><span class='ocrx_word' id='word_1_300' title='bbox 351 3442 466 3508; x_wconf 85' lang='grc' dir='ltr'><strong><em>Φύσκει</em></strong></span> <span class='ocrx_word' id='word_1_301' title='bbox 484 3443 516 3506; x_wconf 81' lang='grc' dir='ltr'><strong><em>δέ</em></strong></span> <span class='ocrx_word' id='word_1_302' title='bbox 538 3441 644 3519; x_wconf 75' lang='grc' dir='ltr'><strong><em>οὕτως·</em></strong></span> <span class='ocrx_word' id='word_1_303' title='bbox 674 3441 707 3507; x_wconf 88' lang='grc' dir='ltr'><em>Ὁ</em></span> <span class='ocrx_word' id='word_1_304' title='bbox 725 3445 757 3509; x_wconf 83' lang='grc' dir='ltr'><strong><em>δὲ</em></strong></span> <span class='ocrx_word' id='word_1_305' title='bbox 776 3443 846 3527; x_wconf 61' lang='grc' dir='ltr'><strong><em>*μῆ</em></strong></span> <span class='ocrx_word' id='word_1_306' title='bbox 868 3444 1132 3530; x_wconf 77' lang='grc' dir='ltr'><strong><em>γενεαλογούμενος</em></strong></span> <span class='ocrx_word' id='word_1_307' title='bbox 1154 3448 1185 3522; x_wconf 82' lang='grc' dir='ltr'><strong><em>έξ</em></strong></span> <span class='ocrx_word' id='word_1_308' title='bbox 1207 3442 1306 3508; x_wconf 82' lang='grc' dir='ltr'><strong><em>αῦτοῖν</em></strong></span> <span class='ocrx_word' id='word_1_309' title='bbox 1329 3441 1516 3508; x_wconf 80' lang='grc' dir='ltr'><strong><em>δεδεκύτωιιε</em></strong></span> 
     </span>
     <span class='ocr_line' id='line_1_31' title="bbox 347 3539 1518 3632; baseline -0.001 -21"><span class='ocrx_word' id='word_1_310' title='bbox 347 3545 399 3611; x_wconf 88' lang='grc' dir='ltr'><strong><em>τύν</em></strong></span> <span class='ocrx_word' id='word_1_311' title='bbox 412 3542 602 3628; x_wconf 79' lang='grc' dir='ltr'><strong><em>πατριάρχην.</em></strong></span> <span class='ocrx_word' id='word_1_312' title='bbox 647 3553 747 3628; x_wconf 87' lang='grc' dir='ltr'><strong><em>Δῆλον</em></strong></span> <span class='ocrx_word' id='word_1_313' title='bbox 767 3539 850 3613; x_wconf 67' lang='grc' dir='ltr'><strong><em>ὅοῦν</em></strong></span> <span class='ocrx_word' id='word_1_314' title='bbox 871 3547 919 3613; x_wconf 77' lang='grc' dir='ltr'><strong><em>ὅτι</em></strong></span> <span class='ocrx_word' id='word_1_315' title='bbox 944 3551 1000 3625; x_wconf 73' lang='grc' dir='ltr'><strong><em>οἐξ</em></strong></span> <span class='ocrx_word' id='word_1_316' title='bbox 1017 3546 1116 3612; x_wconf 86' lang='grc' dir='ltr'><strong><em>αῦτῦν</em></strong></span> <span class='ocrx_word' id='word_1_317' title='bbox 1142 3545 1180 3612; x_wconf 85' lang='grc' dir='ltr'><strong><em>ού</em></strong></span> <span class='ocrx_word' id='word_1_318' title='bbox 1203 3553 1432 3632; x_wconf 88' lang='grc' dir='ltr'><strong><em>γενεαλογεῖται,</em></strong></span> <span class='ocrx_word' id='word_1_319' title='bbox 1458 3548 1518 3621; x_wconf 64' lang='grc' dir='ltr'><strong><em>ἱέξ</em></strong></span> 
     </span>
     <span class='ocr_line' id='line_1_32' title="bbox 348 3646 1516 3735; baseline -0.003 -20"><span class='ocrx_word' id='word_1_320' title='bbox 348 3648 443 3715; x_wconf 73' lang='grc' dir='ltr'><strong><em>ἄλλων</em></strong></span> <span class='ocrx_word' id='word_1_321' title='bbox 467 3647 499 3712; x_wconf 78' lang='grc' dir='ltr'><strong><em>δέ</em></strong></span> <span class='ocrx_word' id='word_1_322' title='bbox 519 3655 737 3734; x_wconf 87' lang='grc' dir='ltr'><strong><em>γενεαλογεῖται.</em></strong></span> <span class='ocrx_word' id='word_1_323' title='bbox 784 3649 882 3714; x_wconf 86' lang='grc' dir='ltr'><strong><em>Πόσοι</em></strong></span> <span class='ocrx_word' id='word_1_324' title='bbox 901 3651 934 3714; x_wconf 79' lang='grc' dir='ltr'><strong><em>δὲ</em></strong></span> <span class='ocrx_word' id='word_1_325' title='bbox 955 3649 1036 3715; x_wconf 82' lang='grc' dir='ltr'><strong><em>ῦλλοι</em></strong></span> <span class='ocrx_word' id='word_1_326' title='bbox 1059 3648 1097 3715; x_wconf 88' lang='grc' dir='ltr'><strong><em>οῦ</em></strong></span> <span class='ocrx_word' id='word_1_327' title='bbox 1120 3657 1356 3735; x_wconf 85' lang='grc' dir='ltr'><strong><em>γενεαλογοῦνται</em></strong></span> <span class='ocrx_word' id='word_1_328' title='bbox 1379 3646 1456 3713; x_wconf 82' lang='grc' dir='ltr'><strong><em>κατιί</em></strong></span> <span class='ocrx_word' id='word_1_329' title='bbox 1479 3646 1516 3712; x_wconf 81' lang='grc' dir='ltr'><strong><em>τύ</em></strong></span> 
     </span>
     <span class='ocr_line' id='line_1_33' title="bbox 349 3748 1519 3836; baseline -0.001 -21"><span class='ocrx_word' id='word_1_330' title='bbox 349 3749 573 3836; x_wconf 74' lang='grc' dir='ltr'><strong><em>φανερύτατονς</em></strong></span> <span class='ocrx_word' id='word_1_331' title='bbox 596 3748 727 3832; x_wconf 83' lang='grc' dir='ltr'><strong><em>Δανιῆλ,</em></strong></span> <span class='ocrx_word' id='word_1_332' title='bbox 751 3751 883 3834; x_wconf 83' lang='grc' dir='ltr'><strong><em>Σεδρύχ,</em></strong></span> <span class='ocrx_word' id='word_1_333' title='bbox 907 3752 1030 3832; x_wconf 81' lang='grc' dir='ltr'><strong><em>Μισύκ,</em></strong></span> <span class='ocrx_word' id='word_1_334' title='bbox 1053 3750 1235 3836; x_wconf 71' lang='grc' dir='ltr'><strong><em>Ἀβδεναγοδ,</em></strong></span> <span class='ocrx_word' id='word_1_335' title='bbox 1256 3751 1355 3826; x_wconf 84' lang='grc' dir='ltr'><strong><em>Ἠλίας</em></strong></span> <span class='ocrx_word' id='word_1_336' title='bbox 1371 3748 1391 3816; x_wconf 85' lang='grc' dir='ltr'><strong><em>δ</em></strong></span> <span class='ocrx_word' id='word_1_337' title='bbox 1410 3754 1519 3832; x_wconf 84' lang='grc' dir='ltr'><strong><em>Θεσβί-</em></strong></span> 
     </span>
     <span class='ocr_line' id='line_1_34' title="bbox 348 3850 1518 3940; baseline -0.002 -22"><span class='ocrx_word' id='word_1_338' title='bbox 348 3879 415 3934; x_wconf 83' lang='grc' dir='ltr'><strong><em>της·</em></strong></span> <span class='ocrx_word' id='word_1_339' title='bbox 438 3854 490 3918; x_wconf 88' lang='grc' dir='ltr'><strong><em>καί</em></strong></span> <span class='ocrx_word' id='word_1_340' title='bbox 509 3855 540 3918; x_wconf 80' lang='grc' dir='ltr'><strong><em>έν</em></strong></span> <span class='ocrx_word' id='word_1_341' title='bbox 553 3850 663 3927; x_wconf 88' lang='grc' dir='ltr'><strong><em>πύσαις</em></strong></span> <span class='ocrx_word' id='word_1_342' title='bbox 680 3855 785 3935; x_wconf 80' lang='grc' dir='ltr'><strong><em>ῥηταῖς</em></strong></span> <span class='ocrx_word' id='word_1_343' title='bbox 798 3857 913 3936; x_wconf 89' lang='grc' dir='ltr'><strong><em>βίβλοις</em></strong></span> <span class='ocrx_word' id='word_1_344' title='bbox 932 3854 1068 3940; x_wconf 77' lang='grc' dir='ltr'><strong><em>οὐδαμοῦ</em></strong></span> <span class='ocrx_word' id='word_1_345' title='bbox 1084 3856 1261 3938; x_wconf 83' lang='grc' dir='ltr'><strong><em>έμφέρονται</em></strong></span> <span class='ocrx_word' id='word_1_346' title='bbox 1276 3852 1390 3919; x_wconf 86' lang='grc' dir='ltr'><strong><em>τούτων</em></strong></span> <span class='ocrx_word' id='word_1_347' title='bbox 1406 3855 1438 3918; x_wconf 87' lang='grc' dir='ltr'><strong><em>οἱ</em></strong></span> <span class='ocrx_word' id='word_1_348' title='bbox 1456 3877 1518 3916; x_wconf 78' lang='grc' dir='ltr'><strong><em>ιτα·</em></strong></span> 
     </span>
     <span class='ocr_line' id='line_1_35' title="bbox 346 3953 1519 4042; baseline 0.003 -27"><span class='ocrx_word' id='word_1_349' title='bbox 346 3957 427 4038; x_wconf 88' lang='grc' dir='ltr'><strong><em>τέρες</em></strong></span> <span class='ocrx_word' id='word_1_350' title='bbox 444 3979 474 4018; x_wconf 90' lang='grc' dir='ltr'><strong><em>τε</em></strong></span> <span class='ocrx_word' id='word_1_351' title='bbox 490 3956 541 4018; x_wconf 88' lang='grc' dir='ltr'><strong><em>καλ</em></strong></span> <span class='ocrx_word' id='word_1_352' title='bbox 555 3956 686 4040; x_wconf 87' lang='grc' dir='ltr'><strong><em>μητέρες.</em></strong></span> <span class='ocrx_word' id='word_1_353' title='bbox 722 3953 794 4021; x_wconf 77' lang='grc' dir='ltr'><strong><em>Ἵνα</em></strong></span> <span class='ocrx_word' id='word_1_354' title='bbox 811 3956 843 4020; x_wconf 74' lang='grc' dir='ltr'><strong><em>δὲ</em></strong></span> <span class='ocrx_word' id='word_1_355' title='bbox 866 3954 906 4039; x_wconf 83' lang='grc' dir='ltr'><strong><em>μῆ</em></strong></span> <span class='ocrx_word' id='word_1_356' title='bbox 924 3958 1000 4022; x_wconf 75' lang='grc' dir='ltr'><strong><em>κατὰ</em></strong></span> <span class='ocrx_word' id='word_1_357' title='bbox 1017 3966 1103 4024; x_wconf 90' lang='grc' dir='ltr'><strong><em>τοῦτο</em></strong></span> <span class='ocrx_word' id='word_1_358' title='bbox 1126 3957 1223 4039; x_wconf 87' lang='grc' dir='ltr'><strong><em>πλύνη</em></strong></span> <span class='ocrx_word' id='word_1_359' title='bbox 1240 3981 1284 4032; x_wconf 92' lang='grc' dir='ltr'><strong><em>τις</em></strong></span> <span class='ocrx_word' id='word_1_360' title='bbox 1305 3957 1439 4042; x_wconf 81' lang='grc' dir='ltr'><strong><em>γίνηται,</em></strong></span> <span class='ocrx_word' id='word_1_361' title='bbox 1462 3953 1519 4020; x_wconf 76' lang='grc' dir='ltr'><strong><em>σύ·</em></strong></span> 
     </span>
     <span class='ocr_line' id='line_1_36' title="bbox 346 4053 1520 4145; baseline 0.002 -26"><span class='ocrx_word' id='word_1_362' title='bbox 346 4055 397 4120; x_wconf 74' lang='grc' dir='ltr'><strong><em>δέν</em></strong></span> <span class='ocrx_word' id='word_1_363' title='bbox 419 4054 543 4139; x_wconf 81' lang='grc' dir='ltr'><strong><em>λυπήσει</em></strong></span> <span class='ocrx_word' id='word_1_364' title='bbox 564 4054 585 4120; x_wconf 69' lang='grc' dir='ltr'><strong><em>δι’</em></strong></span> <span class='ocrx_word' id='word_1_365' title='bbox 606 4059 658 4122; x_wconf 85' lang='grc' dir='ltr'><strong><em>καί</em></strong></span> <span class='ocrx_word' id='word_1_366' title='bbox 685 4061 717 4123; x_wconf 86' lang='grc' dir='ltr'><strong><em>έν</em></strong></span> <span class='ocrx_word' id='word_1_367' title='bbox 740 4058 920 4142; x_wconf 86' lang='grc' dir='ltr'><strong><em>παραδύσεσι</em></strong></span> <span class='ocrx_word' id='word_1_368' title='bbox 946 4060 1162 4144; x_wconf 82' lang='grc' dir='ltr'><strong><em>κατειλῆφαμεν</em></strong></span> <span class='ocrx_word' id='word_1_369' title='bbox 1184 4062 1286 4145; x_wconf 82' lang='grc' dir='ltr'><strong><em>λέγειν.</em></strong></span> <span class='ocrx_word' id='word_1_370' title='bbox 1329 4053 1520 4143; x_wconf 80' lang='grc' dir='ltr'><strong><em>Εύρῆιιιιμεα</em></strong></span> 
     </span>
     <span class='ocr_line' id='line_1_37' title="bbox 346 4153 1522 4249; baseline 0.004 -30"><span class='ocrx_word' id='word_1_371' title='bbox 346 4153 401 4239; x_wconf 81' lang='grc' dir='ltr'><strong><em>γδρ</em></strong></span> <span class='ocrx_word' id='word_1_372' title='bbox 424 4164 478 4222; x_wconf 88' lang='grc' dir='ltr'><strong><em>τοῦ</em></strong></span> <span class='ocrx_word' id='word_1_373' title='bbox 496 4157 609 4242; x_wconf 89' lang='grc' dir='ltr'><strong><em>Δανιῆλ</em></strong></span> <span class='ocrx_word' id='word_1_374' title='bbox 632 4157 684 4224; x_wconf 85' lang='grc' dir='ltr'><strong><em>τδν</em></strong></span> <span class='ocrx_word' id='word_1_375' title='bbox 705 4163 819 4246; x_wconf 88' lang='grc' dir='ltr'><strong><em>πατέρα</em></strong></span> <span class='ocrx_word' id='word_1_376' title='bbox 837 4160 964 4249; x_wconf 85' lang='grc' dir='ltr'><strong><em>Σαβαύν</em></strong></span> <span class='ocrx_word' id='word_1_377' title='bbox 986 4187 1051 4228; x_wconf 90' lang='grc' dir='ltr'><strong><em>τινα</em></strong></span> <span class='ocrx_word' id='word_1_378' title='bbox 1067 4161 1261 4245; x_wconf 80' lang='grc' dir='ltr'><strong><em>καλούμενον·</em></strong></span> <span class='ocrx_word' id='word_1_379' title='bbox 1289 4166 1343 4226; x_wconf 87' lang='grc' dir='ltr'><strong><em>τοῦ</em></strong></span> <span class='ocrx_word' id='word_1_380' title='bbox 1365 4159 1400 4225; x_wconf 76' lang='grc' dir='ltr'><strong><em>δέ</em></strong></span> <span class='ocrx_word' id='word_1_381' title='bbox 1420 4158 1522 4225; x_wconf 78' lang='grc' dir='ltr'><strong><em>Ἠλία</em></strong></span> 
     </span>
    </p>
   </div>
   <div class='ocr_carea' id='block_1_4' title="bbox 379 4291 1523 4366">
    <p class='ocr_par' dir='ltr' id='par_1_6' title="bbox 379 4291 1523 4366">
     <span class='ocr_line' id='line_1_38' title="bbox 379 4291 1523 4366; baseline 0.012 -26"><span class='ocrx_word' id='word_1_382' title='bbox 379 4291 439 4341; x_wconf 75' lang='grc' dir='ltr'><strong><em>(λιν.</em></strong></span> <span class='ocrx_word' id='word_1_383' title='bbox 459 4295 489 4342; x_wconf 89' lang='grc'><strong><em>11.</em></strong></span> <span class='ocrx_word' id='word_1_384' title='bbox 508 4323 541 4334; x_wconf 93' lang='grc'>-</span> <span class='ocrx_word' id='word_1_385' title='bbox 578 4300 599 4348; x_wconf 85' lang='lat'><strong><em>1.</em></strong></span> <span class='ocrx_word' id='word_1_386' title='bbox 618 4303 723 4349; x_wconf 75' lang='lat' dir='ltr'><strong><em>Fortasse</em></strong></span> <span class='ocrx_word' id='word_1_387' title='bbox 742 4294 824 4365; x_wconf 81' lang='grc' dir='ltr'><strong><em>ὁμῶς.</em></strong></span> <span class='ocrx_word' id='word_1_388' title='bbox 979 4302 1003 4352; x_wconf 75' lang='lat'><strong><em>2.</em></strong></span> <span class='ocrx_word' id='word_1_389' title='bbox 1031 4305 1105 4351; x_wconf 74' lang='lat' dir='ltr'><strong><em>Verba</em></strong></span> <span class='ocrx_word' id='word_1_390' title='bbox 1126 4301 1169 4354; x_wconf 82' lang='grc' dir='ltr'><strong><em>τοῦ</em></strong></span> <span class='ocrx_word' id='word_1_391' title='bbox 1191 4297 1238 4354; x_wconf 88' lang='grc' dir='ltr'><strong><em>ούιι</em></strong></span> <span class='ocrx_word' id='word_1_392' title='bbox 1256 4329 1269 4338; x_wconf 95' lang='grc'>-</span> <span class='ocrx_word' id='word_1_393' title='bbox 1284 4329 1300 4338; x_wconf 78' lang='lat'>=</span> <span class='ocrx_word' id='word_1_394' title='bbox 1317 4295 1523 4366; x_wconf 78' lang='grc' dir='ltr'><strong><em>λερατεῦσαντος</em></strong></span> 
     </span>
    </p>
   </div>
   <div class='ocr_carea' id='block_1_5' title="bbox 343 4359 1522 4487">
    <p class='ocr_par' dir='ltr' id='par_1_7' title="bbox 343 4359 1522 4487">
     <span class='ocr_line' id='line_1_39' title="bbox 343 4359 1522 4487; baseline -0.003 -66"><span class='ocrx_word' id='word_1_395' title='bbox 343 4359 530 4478; x_wconf 44' lang='grc' dir='ltr'><strong><em>’ἐρυμνοῦ</em></strong></span> <span class='ocrx_word' id='word_1_396' title='bbox 554 4362 590 4430; x_wconf 69' lang='grc' dir='ltr'><strong><em>οη</em></strong></span> <span class='ocrx_word' id='word_1_397' title='bbox 616 4381 661 4428; x_wconf 74' lang='grc' dir='ltr'><strong><em>αι</em></strong></span> <span class='ocrx_word' id='word_1_398' title='bbox 685 4364 730 4432; x_wconf 81' lang='grc' dir='ltr'><strong><em>οε,</em></strong></span> <span class='ocrx_word' id='word_1_399' title='bbox 765 4369 829 4431; x_wconf 70' lang='grc' dir='ltr'><strong><em>μοι</em></strong></span> <span class='ocrx_word' id='word_1_400' title='bbox 855 4371 910 4419; x_wconf 77' lang='grc' dir='ltr'><strong><em>ινιτ</em></strong></span> <span class='ocrx_word' id='word_1_401' title='bbox 942 4372 1013 4487; x_wconf 69' lang='grc' dir='ltr'><strong><em>ρηηηι</em></strong></span> <span class='ocrx_word' id='word_1_402' title='bbox 1027 4385 1074 4420; x_wconf 64' lang='grc' dir='ltr'><strong><em>σοι</em></strong></span> <span class='ocrx_word' id='word_1_403' title='bbox 1090 4375 1176 4420; x_wconf 62' lang='lat' dir='ltr'><strong><em>utana</em></strong></span> <span class='ocrx_word' id='word_1_404' title='bbox 1211 4371 1335 4420; x_wconf 75' lang='grc' dir='ltr'><strong><em>ιιαααι</em></strong></span> <span class='ocrx_word' id='word_1_405' title='bbox 1351 4383 1382 4420; x_wconf 75' lang='grc' dir='ltr'><strong><em>α</em></strong></span> <span class='ocrx_word' id='word_1_406' title='bbox 1399 4370 1449 4418; x_wconf 76' lang='grc' dir='ltr'><strong><em>αα</em></strong></span> <span class='ocrx_word' id='word_1_407' title='bbox 1472 4371 1522 4418; x_wconf 73' lang='grc' dir='ltr'><strong><em>νι-</em></strong></span> 
     </span>
    </p>
   </div>
   <div class='ocr_carea' id='block_1_6' title="bbox 378 4495 1524 4565">
    <p class='ocr_par' dir='ltr' id='par_1_8' title="bbox 378 4495 1524 4565">
     <span class='ocr_line' id='line_1_40' title="bbox 378 4495 1524 4565; baseline 0.009 -18"><span class='ocrx_word' id='word_1_408' title='bbox 378 4495 438 4547; x_wconf 71' lang='lat' dir='ltr'><strong><em>Cu.</em></strong></span> <span class='ocrx_word' id='word_1_409' title='bbox 452 4497 498 4546; x_wconf 84' lang='lat'>111.</span> <span class='ocrx_word' id='word_1_410' title='bbox 519 4523 549 4534; x_wconf 83' lang='lat'>-</span> <span class='ocrx_word' id='word_1_411' title='bbox 584 4499 607 4548; x_wconf 85' lang='lat'><strong><em>1.</em></strong></span> <span class='ocrx_word' id='word_1_412' title='bbox 624 4499 703 4565; x_wconf 78' lang='grc' dir='ltr'><strong><em>τρίτον</em></strong></span> <span class='ocrx_word' id='word_1_413' title='bbox 720 4505 772 4554; x_wconf 75' lang='grc' dir='ltr'><strong><em>ωδ.</em></strong></span> <span class='ocrx_word' id='word_1_414' title='bbox 791 4505 866 4554; x_wconf 69' lang='lat' dir='ltr'><em>Vena.</em></span> <span class='ocrx_word' id='word_1_415' title='bbox 974 4505 1001 4557; x_wconf 78' lang='lat'><strong><em>3.</em></strong></span> <span class='ocrx_word' id='word_1_416' title='bbox 1019 4505 1092 4556; x_wconf 78' lang='grc' dir='ltr'><strong><em>Εσῖδλ</em></strong></span> <span class='ocrx_word' id='word_1_417' title='bbox 1105 4506 1163 4556; x_wconf 75' lang='lat' dir='ltr'><strong><em>haec</em></strong></span> <span class='ocrx_word' id='word_1_418' title='bbox 1177 4508 1250 4556; x_wconf 80' lang='grc' dir='ltr'><strong><em>υττδα</em></strong></span> <span class='ocrx_word' id='word_1_419' title='bbox 1263 4505 1392 4557; x_wconf 84' lang='grc' dir='ltr'><strong><em>ιιιιιιιιλιιια</em></strong></span> <span class='ocrx_word' id='word_1_420' title='bbox 1406 4509 1524 4556; x_wconf 65' lang='lat' dir='ltr'><strong><em>auotori-</em></strong></span> 
     </span>
    </p>
   </div>
   <div class='ocr_carea' id='block_1_7' title="bbox 0 0 1568 4930">
    <p class='ocr_par' dir='ltr' id='par_1_9' title="bbox 0 0 1568 4930">
     <span class='ocr_line' id='line_1_41' title="bbox 0 0 1568 4930; baseline 0 0"><span class='ocrx_word' id='word_1_421' title='bbox 0 0 1568 4930; x_wconf 95' lang='lat' dir='ltr'><strong><em> </em></strong></span> 
     </span>
    </p>
   </div>
  </div>
 </body>
</html>
