3128 4930
358 267 492 320 ennnnrr
509 267 572 320 orn.
587 269 620 320 ιι.
636 269 718 322 ron.
732 271 751 320 ι.
769 267 867 322 cnon.
881 269 960 324 orn.
1177 258 1234 324 161

156 387 398 452 Animadvertite
417 389 513 467 euim,
539 389 646 454 fratres
668 388 830 470 carissimi,
853 389 920 474 quid
939 401 1008 454 ante
1028 390 1172 477 scriptura
1195 391 1238 455 di·
1256 389 1382 458 eapvu.

82 490 167 568 uerit,
193 511 248 554 sen
267 491 365 574 potius
384 491 518 554 dominus
535 490 611 576 ipse,
636 502 667 556 ut
683 491 768 555 initio
787 492 889 577 capitis
904 491 1044 577 scriptum
1061 505 1118 556 est.
1153 491 1237 559 Unde

83 591 369 671 cummaioribus,
394 593 513 677 quaein
532 603 593 656 toto
609 594 705 679 capite
723 606 780 674 est,
805 595 974 658 narratione
992 607 1236 681 argumentoque,

83 689 248 758 Christiana
265 696 338 759 tides
356 705 402 758 est
417 697 687 760 commonstranda.
734 695 786 762 Sic
806 697 883 762 onim
906 699 964 762 ait:
994 704 1175 780 Interrogare
1196 721 1239 762 me
1251 711 1305 757 lut·
1318 712 1352 770 at,
1366 713 1390 759 ιι

83 801 112 858 de
128 799 210 876 filiis
232 803 301 860 merle
323 811 353 860 et
369 800 509 879 fletebus,
541 811 569 859 et
594 801 782 880 deoperitur
807 822 937 862 munuum
960 822 1084 864 meorum
1109 806 1239 867 mandate
1289 777 1338 820 'qq'

82 902 153 960 neti.
200 903 269 980 Ego
284 903 364 982 secr',
394 901 503 985 inquit,
534 913 654 977 terrem,
683 915 712 965 et
736 905 871 964 hommem
894 907 924 965 a'n
948 909 1019 984 r'pco.
1065 908 1131 984 Ego
1152 927 1238 968 moro

81 1023 134 1062 neu
154 1003 282 1082 [ιιιιιίιιιιί
292 1007 415 1077 coelum,
440 1025 494 1083 ego
513 1006 642 1066 omnebus
659 1007 751 1068 stellis
768 1010 919 1086 praecepi,
944 1028 998 1086 ego
1019 1011 1158 1068 suscitavi
1175 1029 1238 1070 curn

82 1109 186 1166 moro
211 1127 324 1185 regem,
355 1116 386 1166 et
403 1125 497 1168 omnes
522 1111 584 1168 orire
603 1113 663 1168 eries
683 1119 789 1170 rector.
835 1112 893 1170 Iste
915 1110 1078 1190 oedrfloobe't
1098 1113 1238 1170 oriu'totenr

82 1229 178 1282 neom,
204 1219 235 1269 et
251 1213 440 1288 captivitatem
464 1221 623 1272 convertet:
648 1233 703 1272 nort
729 1231 791 1272 curn
813 1216 923 1291 pretio,
948 1234 1003 1274 non
1028 1233 1091 1276 curn
1115 1217 1239 1274 muneri·

82 1310 142 1384 dor,
167 1315 213 1372 ur't
228 1314 357 1374 domrirva
371 1316 557 1374 exercituum.
604 1308 720 1376 Deinde
737 1311 852 1390 subdit,
876 1315 1033 1376 Laborooit
1044 1319 1196 1394 Aegyptus
1211 1325 1241 1374 et

81 1417 284 1492 mononem
297 1417 479 1495 Aetdropvrm
505 1425 535 1477 ot
551 1425 661 1480 cetere.
708 1418 844 1494 Quonrirm
861 1419 891 1476 r'n
907 1428 933 1477 te
946 1419 1016 1478 deors
1030 1427 1082 1477 eet.
1130 1412 1165 1480 in
1180 1437 1238 1499 quo

82 1535 149 1578 vero
163 1515 225 1578 aiio
240 1537 327 1599 quam
344 1516 374 1580 io
391 1526 515 1600 paterno
531 1517 623 1583 verbo
640 1519 725 1582 deum
743 1517 842 1580 inesse
858 1517 1007 1582 dicemus?
1035 1516 1117 1582 Vere
1134 1517 1239 1603 quippe

82 1617 148 1680 deos
167 1618 294 1682 verbum
318 1619 393 1681 tilius
411 1628 475 1698 cst,
499 1618 529 1682 in
550 1639 642 1703 eoque
663 1619 854 1704 cognoscitur
873 1629 973 1704 pater,
998 1621 1239 1705 quemadmodum

82 1719 138 1804 ipse
158 1731 304 1784 testatur:
331 1724 388 1799 (tot
402 1724 474 1782 cr'dit
488 1742 546 1796 me,
571 1726 643 1784 ocidit
661 1734 691 1784 et
703 1733 826 1803 patrem.
874 1719 965 1787 item:
990 1727 1054 1802 Ego
1073 1725 1393 1826 glomficaor'pppppppp

80 1845 176 1886 nomen
193 1836 273 1886 turem
291 1828 320 1885 r'n
336 1835 425 1885 terro.
473 1820 606 1888 Deindee
629 1828 694 1904 Ego
710 1828 966 1904 curor'toot‘regern.
1014 1823 1122 1908 inquo
1140 1814 1393 1890 corner-oieb

81 1926 227 2011 propriam
246 1925 336 2012 patris
352 1945 456 1988 vocem
476 1925 631 2010 agnoscis,
656 1947 731 2010 qnae
752 1947 854 1992 verum
875 1949 913 1992 ex
931 1947 1000 1992 sese
1017 1927 1138 1992 verbum
1158 1927 1241 1992 exci-

82 2038 144 2092 tana
163 2047 266 2112 regem
289 2029 418 2092 cronium
441 2028 608 2108 constituit,
632 2049 699 2092 enm
724 2029 837 2092 scilieet
859 2051 944 2114 quem
962 2051 1034 2102 vere
1057 2051 1152 2094 exse
1176 2031 1241 2095 sine

81 2129 136 2192 olio
160 2131 246 2193 initio
269 2151 304 2194 ac
328 2141 460 2216 tempore
484 2130 607 2214 genuit?
650 2128 710 2214 Qui
730 2131 846 2215 quidem
866 2133 990 2198 eundem
1013 2155 1117 2197 rursus
1139 2154 1239 2217 regern

82 2232 242 2311 excitavit,
267 2243 299 2295 ot
314 2233 464 2319 apostotus
482 2233 527 2296 his
545 2231 645 2296 verbis
661 2235 827 2318 expressit:
862 2238 970 2313 Quodsi
981 2241 1100 2317 spiritus
1116 2241 1177 2298 eries
1190 2240 1243 2318 qui
1253 2246 1347 2304 ΒΜ,
1360 2249 1393 2294 tt

80 2339 229 2396 suscitavit
244 2339 388 2398 Ctrrttum
402 2357 420 2397 o
436 2340 557 2397 mortuis
571 2337 681 2398 hobe'tot
696 2341 725 2398 r'n
749 2338 844 2413 oobr'r5
868 2343 920 2418 qui
933 2343 1084 2400 auecr'toor't
1097 2342 1240 2400 centrum

82 2443 248 2512 emortuos,
274 2437 430 2519 orir'fficcbr't
441 2450 472 2500 et
483 2441 615 2500 mortalit
629 2461 750 2520 corporo
764 2451 858 2502 vestro
871 2462 926 2520 por
940 2442 1140 2502 endom'tonterr
1154 2444 1241 2522 epm·-

84 2551 137 2600 tron
152 2563 235 2602 auom
253 2546 283 2602 r'n
304 2542 393 2602 robis.
439 2537 481 2606 Ut
496 2551 526 2603 et
548 2541 755 2626 prophetorum
780 2542 897 2606 oracula
916 2562 981 2606 oum
1001 2540 1186 2626 apostolicis,
1211 2551 1241 2604 et

84 2642 243 2725 apostolica
262 2663 328 2704 com
346 2642 546 2726 evangelicis,
575 2654 604 2706 ct
629 2644 888 2728 evangelicarum
912 2642 1100 2729 apostolicis,
1124 2655 1241 2731 aposto·

84 2743 138 2806 lica
158 2744 284 2829 denique
309 2765 373 2807 conr
399 2744 577 2830 propheticis
603 2747 800 2809 consentiant.
844 2744 1001 2831 Sequitur:
1033 2750 1394 2818 Smetramnermom

82 2865 153 2922 gem.
201 2843 241 2908 Et
265 2847 312 2910 bic
334 2846 499 2910 declaratur
518 2847 567 2910 itte
586 2848 635 2932 qui
654 2843 803 2912 Christum
821 2869 838 2912 a
856 2850 978 2913 mortuis
998 2848 1153 2914 excitavit.
1199 2849 1243 2913 Ar

85 2969 145 3010 oum
164 2949 252 3028 dicit,
276 2953 311 3012 In
330 2962 357 3012 te
376 2954 445 3012 deur
462 2961 520 3024 ert,
547 2961 655 3034 quanto
675 2972 738 3014 oum
764 2953 923 3036 mysterio,
948 2973 1093 3036 quamquo
1113 2949 1348 3024 admira-trater,
1361 2967 1395 3014 ιι.

84 3047 178 3113 biiiter
201 3049 298 3114 omnia
322 3051 576 3136 scripturaruum
600 3055 756 3138 proponit?
799 3051 916 3116 Etenim
942 3053 972 3118 in
996 3075 1086 3118 carne
1108 3055 1190 3118 velut
1210 3055 1240 3118 in
1347 3090 1351 3098 ·

85 3153 187 3236 tempto
203 3155 327 3238 quodam
348 3153 574 3239 praevidebatur
590 3165 677 3239 atque
696 3153 843 3220 bominum
861 3156 923 3241 spei
945 3177 999 3240 per
1013 3158 1240 3222 conversionem

85 3255 222 3321 addeum
251 3257 461 3322 ostendebatur
486 3255 637 3320 diviniter.
684 3255 834 3342 Siquidem
856 3257 902 3321 dei
928 3259 1003 3321 fitius
1026 3280 1061 3321 ao
1084 3260 1155 3323 deus
1177 3260 1241 3346 ipse

85 3359 219 3438 verbum,
244 3358 329 3443 quasi
347 3359 376 3422 in
394 3369 496 3424 sancta
514 3360 635 3443 quadarn
654 3359 725 3423 urbe
744 3361 940 3445 religiosoque
958 3361 1078 3446 templo,
1103 3362 1239 3426 nimirum

86 3458 111 3521 io
133 3471 284 3546 assumpta
308 3461 434 3526 bominis
454 3473 559 3526 natura
579 3473 610 3525 et
629 3462 831 3528 incarnatione
851 3464 923 3526 deus
943 3464 1095 3544 existens,
1120 3464 1149 3528 in
1172 3485 1240 3528 sao-

86 3562 211 3628 ctissirno
235 3563 354 3648 inquam
375 3565 483 3651 templo
503 3563 636 3628 babitans
659 3565 699 3628 ita
720 3565 863 3649 loquiture
896 3570 1004 3628 Solvite
1019 3570 1149 3648 ternplum
1169 3569 1234 3642 too,
1248 3571 1393 3630 temnere.

86 3675 112 3724 ct
125 3671 153 3728 in
168 3668 263 3730 ottus
279 3669 377 3728 dr'ebrm
392 3668 522 3730 eocr'todo
544 3670 625 3728 atiud.
674 3664 822 3750 Quoniam
845 3689 897 3752 per
920 3671 1092 3754 mysterium
1116 3668 1238 3731 admini-

87 3777 151 3831 strat
169 3769 270 3832 omnia
289 3789 354 3832 oum
372 3788 462 3832 carne
484 3768 592 3832 missus
607 3791 625 3833 a
642 3769 746 3856 spiritu
769 3772 842 3836 deuo
861 3770 1001 3849 verbum,
1025 3781 1111 3854 atque
1133 3770 1239 3834 arctis·

87 3869 183 3934 sinum
204 3869 338 3936 caritatis
358 3891 468 3934 nexum
492 3872 651 3936 osteudens
675 3873 783 3952 allicit,
808 3894 873 3938 oum
898 3893 933 3936 se
957 3872 1130 3958 praesertim
1153 3883 1238 3938 exte-

87 3974 182 4037 roavit
203 3987 329 4057 maguus
345 3973 407 4058 ipse
426 3975 514 4054 deus,
539 3974 720 4059 verbumque
740 3976 775 4040 de
793 3976 907 4058 virgioe
928 3975 1095 4039 interventu
1118 3975 1238 4060 spiritns

86 4075 173 4138 sancti
188 4075 308 4160 genitus
327 4075 374 4140 dei
392 4075 484 4157 iilius,
509 4077 558 4161 qoi
578 4097 652 4140 onus
671 4087 758 4161 atque
780 4077 856 4140 idem
878 4097 946 4140 sese
964 4097 1053 4140 earne
1075 4077 1238 4164 spirituque

87 4177 215 4260 perierit.
261 4173 330 4260 Quo
345 4177 414 4242 ittut
435 4179 578 4262 pertincte
604 4182 661 4258 (tui
673 4182 830 4254 descendit,
855 4183 975 4262 r'prreert
992 4184 1092 4262 etqui
1110 4186 1390 4252 memoriaenon.

80 4279 159 4355 filius
179 4283 314 4356 domairr'r,
338 4287 391 4363 qrn'
409 4293 452 4344 ost
473 4287 502 4344 r'rr
524 4285 611 4345 coelo.

118 4499 142 4552 3.
163 4503 236 4566 t'vtpo
251 4505 302 4554 or'ne
320 4503 466 4554 distinctione
489 4499 552 4564 bede
569 4497 643 4570 λόγος
659 4495 811 4563 ἀποσταλεὶς
830 4507 880 4554 eor.

137 4583 221 4641 crepon
235 4583 373 4630 fleereaeol.
388 4584 448 4629 ut
995 4598 1031 4657 qq
