3186 4928
391 206 526 260 ιιιιιιιι
542 207 606 262 ιιι
621 206 653 261 ιι.
670 205 752 262 rota.
766 209 798 260 ιι.
815 205 916 260 nsua.
930 205 1010 264 uxr.
1210 158 1273 260 'est

123 345 193 392 esse
211 325 260 412 qui
279 336 392 413 potest,
418 327 466 412 qui
481 347 629 413 nunquam
645 328 684 394 sit
697 328 833 412 genitus?
875 324 982 390 Filium
1003 347 1074 394 reru
1097 327 1276 414 unigenitum

124 440 230 510 voeatq
254 450 291 494 ne
308 429 333 494 is
357 439 440 515 pater
457 429 661 511 existimetur,
685 441 736 496 sut
754 451 791 494 ne
809 429 918 510 verbo,
942 429 1018 513 quod
1035 430 1066 493 in
1084 430 1211 494 hominis
1233 441 1279 494 est
1400 414 1408 424 ¹

126 543 265 619 pestere,
294 532 366 596 deus
387 532 507 597 verbum
531 531 635 596 similis
661 551 728 596 esse
753 533 900 598 eradatur.
946 528 1032 614 Quod
1057 533 1133 596 euim
1156 532 1277 598 verbum

125 633 249 715 dieitur,
272 634 301 698 id
317 655 352 698 eo
370 634 418 714 lit,
443 655 480 698 ne
497 634 561 718 quis
576 655 593 698 a
609 634 656 698 dei
670 635 761 720 patris
777 633 941 698 substantia
956 633 1082 698 alieuuum
1100 653 1166 698 esse
1182 633 1278 720 suspi-
1363 658 1371 671 ·

124 747 220 801 retur.
265 733 371 821 Neque
396 736 516 802 verbum
538 735 606 800 illud
634 736 824 801 subsistentia
849 747 947 814 earet,
979 737 1031 800 sed
1058 755 1094 800 ea
1116 736 1277 822 praeditum

123 851 188 917 est,
211 838 286 924 quud
303 839 348 902 uis
364 839 462 908 uerbis
481 838 661 902 declaratur:
698 843 863 920 Uor'genitar
881 841 984 920 plenae
998 844 1114 920 gratam
1130 849 1161 900 et
1175 843 1278 900 verita·
1288 845 1432 903 tumult·

123 947 173 1004 tis.
220 939 312 1006 Vides
329 963 414 1026 quam
433 941 531 1006 multis
548 939 703 1026 praesidiis
721 941 781 1004 rita
799 951 898 1005 nostra
917 939 1082 1004 muniatur?
1125 937 1186 1003 lam
1205 961 1278 1004 uero

123 1044 201 1128 qnod
223 1044 363 1128 seriptum
385 1054 448 1122 est,
474 1049 561 1108 Deum
578 1065 658 1106 omno
672 1047 743 1106 uidit
757 1066 896 1124 anquam,
923 1040 1000 1106 lunae
1015 1064 1100 1111 usum
1119 1041 1223 1123 habet,
1248 1052 1280 1106 nt
1305 1043 1411 1140 ¹4¹qu

123 1157 236 1231 patrem
252 1147 374 1230 eiusque
391 1145 572 1210 diuinitatem
589 1146 707 1210 minime
726 1145 779 1209 sub
795 1157 944 1232 aspectum
962 1145 1068 1208 eadere
1087 1154 1277 1224 monstraret,
1326 1125 1334 1149 ’

125 1269 183 1332 quo
202 1247 364 1312 divinitatis
380 1268 471 1328 suae,
494 1269 568 1332 quae
585 1269 636 1334 per
648 1269 769 1312 ¹enroem
785 1245 961 1333 apparebat,
986 1247 1070 1312 iidem
1088 1257 1245 1312 astrueret.

209 1348 304 1434 Quam
321 1351 409 1414 multa
427 1359 579 1435 praeterea
596 1351 631 1413 ad
650 1371 714 1414 eam
737 1371 798 1414 rem
824 1350 1067 1435 comprobandam
1091 1349 1188 1433 colligi
1210 1368 1279 1434 pos·

121 1463 210 1532 sunt,
234 1463 264 1516 et
278 1453 421 1518 adversus
440 1449 659 1517 samosatensis
673 1452 816 1517 insaniam
834 1453 955 1516 afferri?
999 1451 1116 1520 Etenim
1135 1450 1207 1514 siin
1228 1471 1278 1536 pa·

122 1565 170 1620 tre
186 1566 284 1634 esset,
308 1554 547 1640 quemadmodum
570 1553 695 1618 hominis
713 1554 742 1617 in
762 1555 850 1618 eorde
873 1554 1013 1635 verbnm,
1037 1554 1154 1638 qmnann
1174 1553 1278 1618 adesse

122 1656 228 1741 potuit,
251 1665 339 1741 atque
357 1677 397 1720 ex
416 1656 532 1742 propria
551 1655 744 1742 intelligentia
760 1655 964 1741 sententiaque
978 1657 1077 1742 loqui?
1107 1655 1182 1720 Cum
1200 1654 1277 1720 enim

121 1759 159 1822 ad
181 1757 336 1844 discipulos
358 1779 429 1823 suos
445 1757 535 1824 rerba
559 1759 687 1838 iaceret,
710 1758 749 1822 ita
768 1759 858 1823 dixit:
893 1763 950 1840 Qai
965 1763 1034 1821 antiit
1054 1781 1111 1834 are,
1136 1761 1208 1820 vidit
1223 1766 1431 1838 patrm-lu

122 1873 205 1923 neat.
252 1858 324 1924 Nou
345 1861 435 1940 dixit,
460 1865 523 1942 liga
540 1883 601 1924 suen
621 1873 716 1942 pater,
741 1862 793 1925 setl
813 1883 875 1926 vox
892 1865 941 1924 Me
962 1861 992 1924 in
1015 1872 1096 1947 patre
1119 1859 1275 1945 signifieat.

119 1961 230 2046 Neque
243 1983 321 2028 uera
341 1963 433 2042 dixit,
458 1961 523 2048 Ego
541 1985 606 2027 sum
622 1963 690 2043 ille,
713 1964 783 2044 sed,
817 1968 888 2026 Veni
908 1969 936 2026 io
959 1969 1070 2028 nomme
1088 1968 1183 2045 patrus
1204 1967 1431 2038 ,perpotasse

121 2076 171 2129 et:
195 2069 250 2128 Hie
267 2077 313 2128 eat
326 2071 378 2147 qui
391 2071 576 2130 testinnonium
595 2067 727 2147 perhibet
741 2071 775 2128 de
789 2089 841 2130 me.
890 2063 961 2132 ltenr
984 2067 1020 2131 de
1036 2066 1143 2150 spiritu
1160 2076 1275 2146 saneto,

64 2193 68 2200 ·
119 2171 222 2231 Atrtmr
241 2171 418 2250 peruentum
436 2173 542 2230 mattam
566 2171 651 2232 aedat.
697 2168 908 2234 Animadverte
931 2169 1175 2254 quemadmodum
1196 2169 1431 2234 vectum-aue.

119 2270 178 2334 bus
203 2269 260 2334 illis
284 2280 399 2350 utatur,
424 2275 536 2334 Mittunt
556 2275 643 2334 aliam
670 2281 701 2336 et
720 2275 799 2352 Ege,
823 2293 882 2356 qun
905 2283 936 2335 et
956 2282 1068 2358 patrem
1093 2284 1122 2336 et
1144 2271 1276 2358 spiritura

119 2383 256 2437 sanatum
280 2393 334 2437 sna
354 2384 509 2458 utrumque
528 2384 665 2438 onustare
684 2373 804 2438 doceret
826 2373 988 2460 hypostasi.
1032 2378 1086 2438 Ille
1107 2398 1149 2438 me
1169 2375 1433 2454 adopt-umanu-

118 2476 212 2549 eodit,
238 2475 279 2539 ait
297 2476 333 2540 de
350 2475 454 2562 spiritu
470 2486 573 2540 saneto
589 2475 730 2561 loquens,
754 2481 819 2560 qaia
834 2479 870 2538 de
883 2499 942 2539 meo
960 2481 1088 2559 arripiet.
1137 2473 1278 2559 Qualem·

119 2599 190 2642 nam
205 2587 302 2642 autem
320 2578 399 2642 illum
419 2577 508 2643 lusit?
552 2582 637 2658 Quia
653 2590 738 2659 patre
754 2582 900 2660 presedit,
926 2579 1035 2664 inquit,
1059 2584 1133 2642 etde
1148 2601 1207 2642 aneo
1228 2600 1277 2640 aa·

118 2685 216 2762 sapiet.
265 2677 442 2762 Quinetiam.
458 2679 516 2744 alio
536 2681 564 2744 io
588 2680 669 2760 loeo,
693 2686 756 2744 Duo
777 2683 933 2758 tamtarn,
957 2681 1015 2760 ait,
1040 2687 1197 2744 tesninaoia
1217 2672 1366 2771 sta-{w

119 2785 208 2858 bunun·
234 2791 280 2862 et,
303 2787 368 2864 Ego
385 2787 569 2846 testemonium
582 2785 704 2865 praebeo
719 2788 754 2845 de
767 2788 880 2864 mapsa,
907 2793 953 2861 et,
982 2788 1177 2848 Testimonium
1188 2806 1275 2864 prae-

117 2888 167 2947 bet
181 2889 216 2946 de
233 2908 276 2950 me
292 2890 430 2967 qaa'ma'sit
444 2907 486 2948 me
497 2897 591 2966 pater.
641 2882 737 2968 Quam
753 2884 843 2949 multa
861 2896 929 2950 sunt
946 2906 1067 2950 nurnero
1087 2885 1206 2950 totidem
1226 2885 1275 2950 ad·

118 3007 215 3071 eoque
239 2988 321 3073 plura
341 2987 529 3053 testimoniet
571 2985 652 3052 Eone
678 2987 728 3052 tibi
747 2986 790 3052 sie
807 2986 856 3051 ille
877 2988 1000 3073 quodam
1020 2988 1051 3052 in
1072 2992 1139 3054 lene
1162 2999 1273 3052 rrarrat.

119 3092 265 3172 Confiteor
284 3091 337 3151 nti
353 3102 437 3171 pater
456 3095 565 3154 domnine
585 3094 660 3154 caeli
677 3113 711 3154 aa
730 3103 840 3166 terrae,
865 3094 994 3172 quantiam
1016 3093 1191 3156 ahseoodt'sti
1205 3095 1274 3154 daea
1295 3089 1379 3189 {¹¹¹2}-

117 3215 137 3256 a
153 3195 328 3274 repetuntur
343 3205 374 3255 et
388 3195 591 3275 prandentibus,
616 3205 646 3256 ei
659 3196 794 3256 revelasti
808 3214 841 3254 eo
860 3196 1007 3273 ρινυιίιιε
1032 3198 1072 3256 itu
1091 3207 1187 3276 pater,
1207 3217 1275 3276 pao-
1325 3174 1333 3198 ’
1370 3175 1375 3186 ’

116 3300 196 3358 aram
210 3300 253 3357 aie
266 3299 403 3377 plaeitaor
420 3309 462 3360 est
479 3307 545 3359 ante
565 3309 601 3358 te.
650 3301 747 3359 Omnia
762 3299 833 3357 mr‘dr'
850 3299 956 3358 tradita
972 3309 1042 3360 sunt
1059 3317 1078 3358 a
1095 3308 1180 3377 patre
1201 3319 1270 3370 mea,

117 3409 150 3459 et
169 3421 248 3460 nemo
264 3403 345 3461 nouit
355 3402 454 3481 stisiam
477 3404 537 3462 nisi
551 3410 653 3482 μαῖον,
676 3412 705 3462 et
721 3411 831 3482 patrem
851 3421 930 3460 nemo
950 3404 1028 3462 aaut
1050 3403 1109 3460 atei
1118 3401 1222 3480 stirias,
1247 3413 1277 3463 et

118 3502 266 3581 eaifilias
283 3505 464 3564 revelaverit.-
490 3505 643 3576 denelasti,
669 3501 777 3585 inquit,
801 3522 834 3563 ea
846 3505 994 3582 mraulr‘s,
1020 3512 1067 3581 et,
1092 3506 1190 3564 Omnia
1207 3506 1278 3564 mr'li

119 3606 228 3664 tradita
241 3614 309 3666 suot
322 3625 340 3666 a
353 3615 438 3684 patre
451 3625 521 3678 meo,
547 3615 579 3668 ut
593 3604 778 3690 peregrinam
796 3602 832 3667 eh
845 3603 909 3667 istis
925 3603 1121 3688 excogitatam
1138 3605 1274 3688 loquendi

118 3703 264 3769 rationem
287 3700 480 3789 praesideret.

207 3806 318 3894 dspiee
340 3827 416 3872 noua
441 3808 508 3893 quid
534 3808 651 3873 lrumani
672 3809 791 3894 generis
816 3808 952 3873 assiduus
975 3808 1068 3872 hostis
1089 3807 1221 3873 diabolus
1243 3809 1274 3873 io
1293 3809 1416 3879 eupvtt.

117 3921 223 3976 eodum
246 3909 351 3974 animis
374 3911 538 3997 pepererit,
562 3911 637 3995 quud
658 3911 739 3976 uelut
758 3911 836 3976 illius
855 3912 951 3976 afflatu
976 3910 1080 3997 perciti
1104 3911 1274 3997 pronuntia·

117 4023 199 4078 reat.
235 4010 314 4080 Nam
332 4013 474 4078 adversus
489 4009 540 4078 illa
556 4033 679 4098 purgare
695 4033 764 4078 sese
779 4014 896 4078 student
911 4009 1049 4078 Iudaicae
1063 4012 1209 4099 opinionis
1224 4035 1273 4079 aa·

117 4116 247 4193 tellites,
271 4115 503 4200 quandoquidem
522 4115 574 4180 lux
592 4115 640 4180 illa
654 4114 822 4194 doetrinae,
847 4135 920 4199 qnae
938 4115 968 4180 iu
987 4116 1094 4181 divinis
1111 4115 1273 4201 evangeliis

116 4307 218 4358 Petauia
239 4306 341 4368 perant
358 4305 486 4354 Carnarius
499 4309 589 4355 eatena
607 4320 679 4354 voees
714 4306 744 4354 tt
759 4303 869 4354 Pausias
886 4305 959 4354 edidit
976 4297 1015 4357 ’ὅτι
1032 4301 1063 4356 ἐκ
1076 4305 1120 4358 τοῦ
1137 4301 1210 4371 ἐμοῦ.

117 4373 237 4431 Mittam,
255 4381 281 4421 et
298 4369 394 4433 Alium,
413 4383 439 4422 et
456 4373 518 4440 Ego.
746 4369 771 4424 4¹·
794 4375 831 4424 tta
848 4375 901 4422 libri
921 4385 978 4423 mss.
998 4377 1021 4424 et
1041 4373 1077 4425 tal.
1090 4389 1128 4438 pr.
1162 4377 1273 4427 aaran

152 4440 177 4494 3.
203 4443 245 4494 Sir
267 4441 320 4494 tttrt
340 4455 425 4498 nonu,
439 4443 531 4493 manti
550 4445 572 4493 et
589 4441 625 4492 ed
641 4455 679 4506 pr.
713 4441 786 4492 edidit
803 4438 848 4494 και
864 4437 893 4492 ia
910 4440 954 4494 τοῦ
973 4437 1044 4508 ἐμοῦ.
