3148 4938
348 253 485 306 reusam
502 246 566 304 ιιι.
577 249 609 304 ιι.
626 249 707 304 uon.
721 249 754 303 ιι.
768 249 868 302 neus.
878 245 974 302 uxot.
1175 227 1237 300 *stt

170 370 295 438 Praeter
306 373 379 437 ltuee
395 390 486 454 uero,
510 381 543 434 nt
561 371 794 458 duas‘personss
811 367 988 449 introdusit,
1012 389 1045 433 aa
1062 349 1145 434 suum
1159 369 1238 433 illum
1249 365 1374 486 Lxcpqqu

28 493 31 498 ·
97 486 253 540 naturatum
280 476 537 562 et⁸prineipiorum
562 476 677 559 origine
705 474 866 538 errantium
889 493 924 535 oo
946 472 1074 536 radioum
1094 473 1237 538 dinarium
1376 472 1383 488 ⁸

97 579 224 659 affirmet,
252 579 396 663 idemque·
410 579 440 642 iu
462 578 551 642 rebus
572 577 645 663 ipsis
665 575 821 640 divortium
847 577 1022 656 constituam
1053 575 1124 639 haee
1147 578 1235 658 enim,

96 691 124 743 ut
138 693 217 744 antea
235 681 381 759 diximus,
407 701 547 767 separare
564 680 730 758 eontendlt3
754 689 785 744 ut
801 679 855 742 hoo
870 679 960 762 igitur
975 678 1160 764 comprobet,
1185 680 1238 743 ab·

93 783 175 846 iioere
197 783 265 848 illud
281 805 341 846 uon
358 795 489 848 seretur.
535 781 647 862 Vetus,
670 781 782 868 iuquit,
805 791 1011 846 testamentum
1036 783 1077 844 ita
1097 782 1235 866 loquitur,

93 889 181 948 rtem
196 899 241 948 est
252 909 369 963 omum,
394 906 488 950 meum
505 897 549 948 est
567 899 732 968 argentum:
765 906 871 948 ntorum
892 895 1012 962 eontra,
1037 889 1122 946 omre
1131 905 1237 966 paupe*
1250 907 1305 962 agg.
1316 905 1364 962 ι,ι.

93 1011 138 1050 res
154 995 269 1072 apeldra,
295 996 425 1073 quoniam
443 995 567 1072 ι’ριονιιιιι
582 999 625 1052 est
640 1007 758 1069 ιοὲιιιιιιι
774 991 924 1050 raedorum.
971 984 1038 1050 Nee
1052 987 1123 1050 illud
1145 988 1236 1066 ridet,
1247 981 1388 1040 “ml-⁵¹²

92 1092 174 1155 etiam
187 1091 217 1156 iu
232 1101 333 1157 vetere
349 1093 417 1156 illud
437 1113 505 1156 esse
521 1093 645 1166 dietum,
676 1097 762 1154 Ite'oer
781 1101 810 1154 et
824 1109 934 1172 pauper
953 1103 1143 1154 occurremur
1161 1095 1233 1152 nitri·
1247 1111 1388 1164 emam.

93 1213 167 1270 eem,·
187 1201 314 1258 dominns
336 1207 429 1258 autem
450 1197 546 1258 omdos
562 1197 647 1278 jerit.
695 1190 752 1258 Cui
770 1203 800 1256 et
818 1212 926 1256 novum
945 1203 1148 1256 testamentum
1168 1195 1237 1257 nsti-

89 1299 216 1384 pulutur,
240 1301 268 1361 ia
285 1318 342 1384 quo
359 1312 567 1382 nonnunquam
590 1298 638 1382 qui
656 1297 753 1383 reipsa
776 1315 919 1382 pauperes
938 1305 1008 1360 stunt
1025 1297 1128 1362 lelioes
1154 1315 1238 1382 prae·

89 1399 237 1482 dicautur,
261 1402 333 1466 alias
353 1401 401 1486 qui
426 1402 529 1486 spiritu
549 1419 691 1485 pauperes
710 1411 795 1478 sunt,
827 1419 884 1485 quo
903 1399 1036 1463 nimirum
1056 1401 1171 1486 utrique
1193 1402 1238 1466 vis

87 1523 141 1567 aaa
157 1515 315 1568 omusteret.
361 1506 459 1589 Atqam
477 1515 509 1567 ut
528 1501 633 1567 Petrus
650 1523 714 1567 oum
733 1502 882 1566 sodalibus
899 1503 960 1566 suis
976 1523 1076 1568 reram
1096 1505 1237 1568 donorum
1375 1585 1381 1594 Ι

86 1605 210 1692 inopium
233 1608 404 1693 proeliante
428 1606 580 1692 gloriando
603 1615 721 1690 posset,
752 1611 930 1686 Argentum,
954 1605 1064 1690 iuquit,
1087 1619 1118 1670 et
1136 1627 1237 1670 uomens
1251 1629 1364 1682 neunt.

86 1731 143 1771 non
165 1721 208 1771 ert
221 1713 303 1786 neti,
336 1715 411 1794 qaod
426 1723 519 1772 autem
539 1711 627 1770 dedeo
649 1711 703 1770 tor
719 1709 836 1770 ddr'do:
868 1713 898 1772 ιἰι
922 1715 1032 1772 nomine
1051 1715 1117 1772 Iesu
1132 1715 1243 1773 Cllra'rtt'

85 1833 183 1893 surge,
207 1823 237 1875 et
252 1813 374 1876 amma.
409 1811 448 1879 Ut
464 1813 539 1900 quod
557 1822 679 1896 egentes
696 1831 730 1874 no
747 1829 892 1896 pauperes
911 1811 987 1875 luenti
1007 1831 1073 1876 esse
1089 1814 1236 1894 dictentur,

85 1935 152 1979 oum
174 1937 210 1979 eo
229 1937 286 1980 non
304 1927 465 2002 repugnet,
498 1918 573 2002 quod
598 1915 700 1977 eadem
721 1913 769 1978 illa
791 1913 896 2000 spiritu
919 1915 1091 2001 pauperibus
1115 1917 1239 1982 beatitas

84 2019 240 2099 tribuitur,
260 2007 313 2104 'qui
334 2039 398 2082 eom
416 2019 556 2084 nonnullo
576 2017 641 2080 iure
667 2017 853 2102 possideant,
885 2037 1031 2104 pauperes
1053 2019 1239 2085 nihilominus

82 2117 174 2186 animi
191 2121 391 2188 moderatione
408 2131 439 2184 et
455 2121 617 2184 humilitate
633 2120 783 2202 dicuuturq
808 2122 843 2185 de
861 2122 964 2206 quibus
983 2122 1053 2186 liaeo
1070 2123 1237 2209 accipiendo

81 2239 171 2290 suut:
200 2229 321 2288 li'suro'm'
331 2237 360 2286 et
371 2228 487 2286 dedistis
503 2227 574 2286 midi
585 2229 775 2287 munducare:
797 2229 891 2300 salam,
915 2238 947 2287 et
956 2235 1053 2305 potam
1075 2229 1146 2288 mtto
1160 2231 1235 2289 dedi·
1250 2220 1336 2320 {¹⁵⁸2}-

78 2332 147 2390 see.
194 2323 271 2390 uum
288 2325 489 2404 tolloneum,
514 2345 553 2389 ex
575 2326 620 2389 nm
639 2347 714 2410 qnae
734 2327 790 2391 sot
811 2327 1005 2412 supponunt
1028 2328 1095 2392 tuos
1118 2331 1237 2394 recussi.
1282 2304 1289 2329 ’

78 2427 194 2509 Vides,
220 2439 251 2492 ut
267 2431 296 2492 iu
314 2439 416 2493 vetere
433 2449 467 2491 ao
486 2447 564 2492 noro
583 2439 759 2492 testamento
777 2447 851 2492 unos
874 2429 1009 2514 idemque
1031 2431 1151 2516 spiritus
1171 2453 1239 2517 pua-

77 2541 187 2619 perem'
205 2531 382 2617 divitemque
397 2519 550 2614 designet,
575 2541 661 2616 atque
677 2541 709 2596 ot
725 2531 809 2596 umbo
830 2553 845 2593 a
869 2532 1017 2597 salvatore
1034 2535 1239 2599 commenden-

75 2635 152 2700 tur?
195 2631 270 2700 Cum
287 2636 364 2698 euim
385 2633 414 2698 in
430 2633 670 2720 gazophylacium
684 2635 871 2715 intenderet,
895 2635 1102 2700 animaduertit
1116 2655 1168 2700 eos
1190 2639 1393 2722 quinimmo.

73 2737 186 2824 stipem
204 2737 234 2801 in
251 2737 492 2823 gazophylacium
506 2737 707 2818 immitterent,
733 2759 787 2801 neo
803 2735 924 2802 divitum
941 2761 1062 2804 munero
1080 2741 1237 2825 prohibuit,

72 2843 133 2906 sed
155 2851 186 2904 et
203 2841 315 2904 viduam
332 2838 410 2904 illam
428 2839 624 2918 collaudavit,
649 2861 723 2925 quae
744 2841 853 2904 minuto
874 2842 930 2904 duo
951 2841 1078 2922 ieoerat,
1103 2843 1140 2906 ab
1162 2843 1238 2908 illam

72 2962 168 3030 quem
185 2943 312 3006 diximus
329 2952 546 3030 paupertatem,
572 2951 602 3005 et
621 2951 652 3006 ut
670 2943 844 3029 impleretur
859 2945 937 3029 quod
950 2945 1089 3032 seriptum
1108 2957 1166 3028 ost,
1189 2951 1240 3011 tta·-

70 3067 127 3108 ues
149 3057 180 3107 et
202 3067 313 3128 pauper
327 3059 515 3108 evomuerunt
532 3051 663 3121 inuicem,
688 3049 816 3110 domninus
833 3057 925 3110 uatem
947 3051 1042 3111 omdos
1057 3053 1137 3132 serit.
1184 3051 1239 3113 At-

69 3169 136 3234 que
164 3157 196 3210 ιιι
214 3148 360 3234 intelligas
386 3150 509 3214 eundem
539 3169 607 3214 esse
630 3149 741 3214 ueteris
764 3171 798 3213 aa
821 3152 889 3213 nori
908 3153 1076 3216 testn'meuti
1093 3151 1237 3238 spiritum,

67 3251 148 3316 vide
176 3251 244 3334 quid
267 3252 416 3338 apostolus
440 3253 475 3315 do
499 3252 651 3316 veteribus
678 3253 826 3339 prophetis
848 3255 1015 3338 scripserit:
1054 3257 1176 3338 Deridet
1197 3265 1394 3324 mensurentu-

67 3367 209 3435 ternpus,
226 3354 348 3438 inquit,
371 3367 534 3416 remantem
550 3358 585 3415 de
600 3359 726 3430 Gedeoa,
751 3361 861 3432 Beroe,
886 3361 1022 3434 Samson,
1047 3361 1158 3441 Iephte,
1183 3365 1241 3422 Ito-

65 3461 142 3531 vr'd,
179 3477 215 3518 or
235 3461 336 3519 ceteris
351 3461 512 3539 prophetis,
538 3461 590 3540 qud
600 3462 777 3520 retrorserunt
794 3463 823 3521 ιιι
842 3463 967 3536 melotu‘s,
999 3465 1028 3524 nio
1049 3461 1171 3543 peld'dus
1192 3484 1239 3526 ea·
1317 3469 1324 3482 “
1351 3466 1354 3477 ’

57 3565 191 3644 mnus,
216 3563 332 3643 afflicti,
356 3565 529 3640 angustiati,
554 3563 664 3634 nerutt',
690 3561 790 3641 qrsr'dus
813 3565 918 3642 daginus
942 3585 998 3626 aon
1024 3577 1087 3627 erut
1109 3569 1236 3628 noradus.

61 3661 236 3747 Siquidem
258 3673 287 3725 et
311 3659 434 3739 isaiam,
459 3673 490 3726 et
510 3659 604 3726 Elium
630 3661 755 3725 oilioium
772 3661 902 3728 induisse
919 3663 1056 3750 legimns.
1102 3669 1243 3732 Anionad-

61 3765 176 3832 vertis
194 3765 319 3849 denique
339 3765 378 3828 uti
398 3775 456 3828 tam
486 3757 514 3827 iu
533 3773 634 3828 vetere
659 3784 744 3852 quam
768 3765 797 3828 lu
822 3787 898 3830 novo
925 3778 1100 3833 testamento
1122 3781 1151 3834 et
1172 3791 1242 3856 pno-

59 3887 172 3956 peres
196 3866 311 3953 pietatis
333 3887 367 3930 ao
389 3866 558 3952 religionis,
589 3880 619 3932 et
642 3868 747 3934 divites
773 3867 902 3934 iustitiae
930 3871 1048 3936 aomina
1076 3869 1152 3936 beati
1176 3890 1241 3938 esse
1352 3907 1357 3916 ·

58 3973 230 4036 dicantur.

169 4071 301 4137 Rursum
327 4091 398 4137 vera
419 4071 613 4138 Mattiultaeus
630 4073 737 4154 instet,
770 4083 799 4136 el
817 4075 917 4138 obiioil
935 4087 1019 4141 vetus
1036 4087 1240 4142 testamentum
1249 4043 1396 4166 LQH·

54 4231 216 4291 Petuntur,
233 4242 331 4292 quarum
349 4230 385 4278 dio
401 4225 592 4286 animadvertit,
610 4229 648 4278 itta
682 4231 733 4278 onst
750 4223 864 4295 Ἱιφθαι.

52 4297 141 4351 vidit
169 4299 336 4359 tuterpretotua
360 4299 398 4346 est.
440 4302 470 4347 At
492 4297 551 4346 aaut
573 4298 648 4348 onam
714 4297 739 4348 8.
757 4295 939 4366 resoluturum
952 4301 1002 4350 aad
1015 4305 1160 4366 mutaque
1175 4303 1242 4354 eled.

51 4369 209 4431 quominus
223 4368 364 4414 sedaremus
380 4367 553 4426 imperativum.
679 4367 754 4430 prlno

96 4431 132 4486 ὃ.
156 4427 281 4500 δόγματα
298 4434 349 4483 eod.
364 4433 460 4496 ttedtp.
714 4431 739 4486 9.
757 4431 802 4486 aul
818 4435 966 4488 redderetur
981 4441 1007 4489 tn
1021 4438 1144 4491 edt’dou.
1163 4441 1241 4492 Gotm

97 4501 132 4558 7.
156 4503 201 4553 lta
222 4505 316 4564 ιιιιιῃιιι
339 4499 408 4552 oodd.
430 4515 483 4553 rura.
519 4502 583 4552 utut
605 4503 648 4552 du·
680 4506 751 4564 repet.
1229 4508 1233 4516 '
