3116 4934
328 235 723 292 PANAltltLllt.tl.ToM.l.
748 235 932 289 suenum.
1147 221 1208 286 ²05

69 373 137 440 erat,
161 381 199 424 ne
219 359 283 444 quis
306 359 392 424 filiam
415 381 497 424 suam
517 359 661 444 virginem
683 355 799 422 ludaeis
822 357 852 420 in
874 353 1089 419 matrimonium
1113 355 1208 432 daret,

69 466 109 527 sed
128 459 306 527 Christianis
331 464 490 542 duntaxat,
519 463 567 546 qui
592 463 694 525 eadem
717 459 859 544 religione
883 468 1041 522 essentne
1063 457 1209 520 sententia

69 565 216 630 oooionoti.
262 562 397 648 Cumque
412 586 490 628 nova
506 577 574 628 tuno
590 575 672 628 esset
690 563 835 646 evangelii
852 559 1048 646 praedieatioq
1074 581 1132 624 uon
1149 579 1211 622 ma·

67 689 115 752 gna
141 669 249 753 ubique
275 663 513 733 Christianorum
544 677 627 745 erat,
663 661 909 748 Christianaeque
935 663 1086 726 doetrinae
1113 663 1208 747 eopia.

69 767 157 852 Quare
173 771 278 855 quilius
298 771 373 834 filiae
390 768 521 853 virgines
536 779 637 847 erent,
661 788 726 831 oum
744 763 943 831 Christianum
963 765 1008 829 eoi
1031 765 1211 828 eollooareut

69 873 203 936 neminem
221 872 376 949 haberent,
400 874 518 935 easdem
534 871 599 935 illas
614 870 746 954 virgines
765 869 926 932 diutissime
942 866 1112 946 servabant,
1137 887 1211 952 quae

68 1077 141 1141 mulis
157 1078 366 1142 incitabantur.
412 1073 497 1140 Unde
514 1089 545 1140 et
560 1075 722 1162 apostolos,
747 1095 813 1136 oum
828 1093 867 1136 ex
883 1083 1018 1137 aoourata
1032 1071 1080 1136 illa
1097 1071 1211 1135 ratione

68 1180 222 1243 detrimenti
243 1179 397 1265 plurimum
415 1179 515 1242 afferri
533 1179 663 1257 rideret,
687 1177 723 1240 iis
738 1175 838 1240 verbis
855 1176 991 1239 indulsit:
1017 1179 1097 1254 Quod
1108 1179 1364 1256 :ipsassusque

68 1287 196 1362 mgraem
210 1304 291 1344 raam
306 1285 385 1344 aedil.
430 1279 501 1344 Nou
522 1282 597 1344 dixit
612 1284 803 1360 armauetatem
820 1300 910 1340 suam.
956 1275 1063 1361 Neque
1080 1277 1157 1340 enim
1176 1275 1212 1339 de

68 1383 175 1469 proprio
192 1405 333 1470 corpore,
358 1383 409 1446 sed
433 1385 468 1446 de
487 1393 567 1468 patre
584 1382 760 1467 virginitatis
776 1383 897 1445 custode
920 1381 1105 1464 loquebatur.
1152 1375 1212 1442 Sed

67 1486 88 1549 si
104 1492 239 1568 arginem
259 1509 338 1549 :uam
364 1486 511 1571 proprium
531 1506 637 1570 eorpus
656 1483 996 1570 appellaredixerinrus‚
1021 1483 1092 1546 uilril
1114 1483 1213 1545 admo-

68 1589 124 1652 dum
140 1590 227 1654 uobis
243 1590 362 1654 obstare
382 1599 490 1673 potest.
524 1585 627 1672 Pergit
640 1608 746 1672 porro:
771 1591 839 1649 Stat
847 1589 978 1667 firmiter
994 1591 1023 1648 ia
1039 1590 1131 1648 ausim
1147 1607 1210 1657 suo,

66 1703 91 1751 et
105 1695 154 1754 doe
168 1694 254 1754 dedet
258 1695 378 1776 serere:
402 1693 515 1763 Nubat,
540 1689 650 1774 inquit,
674 1711 730 1752 aon
742 1701 853 1770 peceat.
898 1691 998 1751 Nalot
1013 1694 1043 1750 ei
1056 1709 1213 1770 quemeum-

67 1817 113 1875 que
131 1809 217 1858 nasta
231 1797 345 1878 suerit,
369 1815 424 1856 nou
446 1804 557 1875 meat.
604 1792 704 1876 Atque
728 1791 854 1870 ideireo,
883 1795 1034 1872 Alligatus
1054 1814 1085 1853 es
1106 1796 1214 1854 uaorr'?

66 1901 120 1960 aeli
130 1920 269 1980 quaerere
286 1901 463 1959 soluaoaem.
510 1899 629 1958 Sudines
648 1897 730 1956 asad
749 1902 861 1956 arare?
903 1897 975 1956 Noa·
992 1915 1128 1976 quaerere
1143 1915 1214 1955 uso-

66 2022 127 2062 rern.
174 2001 275 2084 Atque
291 1999 340 2063 ille
358 1999 405 2083 qui
421 1999 512 2062 dixit:
539 2001 606 2060 Volo
621 2019 715 2060 omues
729 2019 791 2058 essa
804 2002 880 2059 eraut
896 2002 1046 2080 meipsum,
1070 1997 1138 2060 illud
1156 2016 1214 2060 noa

66 2102 152 2168 dixit:
177 2107 215 2166 Si
233 2125 289 2165 noa
310 2107 469 2177 condurat,
493 2104 609 2164 namna.

142 2202 306 2269 Praetereo
328 2225 395 2268 oum
416 2203 545 2288 innuptis
569 2213 722 2290 praecepta
741 2203 840 2283 daret,
871 2207 943 2264 Br'eo
963 2214 1073 2278 auum,
1103 2201 1209 2287 inquit,
1230 2211 1291 2279 Gap.
1307 2212 1348 2262 vl.

65 2312 186 2390 nespas
204 2321 232 2370 et
250 2311 343 2369 aridate
360 2309 617 2387 neumamque,
642 2311 671 2368 si
685 2318 818 2368 maneam
829 2317 863 2367 ut
877 2327 940 2386 ego.
988 2302 1143 2387 Quomodo
1159 2304 1214 2388 igi·

67 2421 109 2472 tur
129 2411 208 2474 istud
232 2408 402 2495 usurpavit:
432 2412 583 2490 Alligatus
606 2432 636 2472 es
658 2414 760 2484 asari,
789 2412 852 2471 aolr'
870 2427 1006 2489 quaerere
1026 2411 1215 2469 solutionem?

65 2509 171 2576 Nonne
196 2513 374 2576 eontrarium
397 2511 505 2574 domini
528 2513 573 2576 sui
593 2513 713 2576 deoreto
730 2512 825 2596 legem
850 2521 980 2574 statuere
1001 2510 1135 2586 videtur,
1167 2508 1215 2594 qui

66 2613 101 2676 ita
121 2615 346 2700 pronuntiaret:
380 2617 437 2692 (lui
456 2635 513 2676 aaa
535 2618 673 2696 redapuit
690 2626 801 2696 panem
820 2625 851 2675 et
871 2625 986 2675 manera
1007 2624 1038 2673 et
1055 2615 1164 2694 fratrea
1185 2623 1367 2682 stauarum.

66 2729 223 2780 :sorenes
235 2719 320 2798 filios
334 2729 365 2778 et
376 2717 478 2798 fidas,
502 2739 557 2779 aaa
573 2729 618 2779 est
630 2739 707 2779 meas
723 2720 888 2797 dmarpulua.
935 2715 982 2779 Ad
1002 2715 1074 2779 hae:
1092 2714 1140 2800 qui
1163 2715 1215 2778 lto·

65 2831 177 2884 nasum
193 2819 348 2904 coniugem
366 2830 536 2904 patremque
551 2819 719 2904 relinquere
734 2819 832 2898 iubet,
856 2819 1001 2902 quomodo
1015 2818 1091 2882 idem
1108 2817 1166 2882 alio
1183 2817 1214 2882 io

65 2920 126 2985 loeo
151 2921 239 3001 dieit,
271 2923 463 3000 Qar'donorat
478 2933 588 3003 patrem
608 2935 638 2985 et
651 2934 784 2996 manera,
813 2925 866 2983 doe
888 2927 960 2984 enlin
982 2933 1025 2983 est
1040 2926 1163 3002 pniauns
1185 2924 1214 2981 ia
1224 2933 1366 2984 meamne.

60 3030 244 3102 mone
267 3027 443 3099 mendatium,
474 3035 520 3105 et,
546 3028 627 3104 Quod
646 3029 715 3086 deus
738 3029 889 3086 eonauaaa't
910 3028 991 3086 domo
1012 3047 1068 3088 aaa
1089 2985 1367 3105 separetiiiiuliioi's.

64 3123 173 3190 Verum
194 3125 293 3190 diviua
312 3127 408 3190 omnia
426 3125 517 3192 serbo
540 3146 598 3190 non
616 3127 653 3191 ad
671 3127 828 3210 allegorias
850 3127 1024 3205 referenda,
1055 3128 1107 3191 sed
1130 3137 1161 3190 ut
1182 3146 1215 3190 se

64 3227 170 3294 labent
185 3229 356 3314 arripienda
372 3240 451 3294 sont.
497 3227 744 3293 Consideratiouo
758 3250 831 3293 vero
848 3249 881 3292 aa
898 3249 987 3294 senso
1004 3250 1077 3315 opus
1094 3229 1212 3306 habent,

64 3342 93 3394 ut
108 3332 277 3416 argumenti
299 3331 441 3416 ouiusque
457 3333 503 3396 vis
527 3353 562 3396 no
585 3342 716 3418 potestus
739 3332 930 3416 intelligatur.
975 3329 1035 3396 Sed
1056 3331 1215 3396 traditione

62 3455 176 3519 quoqne
203 3455 279 3518 opus
301 3446 358 3498 est.
403 3433 511 3519 Neque
536 3435 612 3498 enim
638 3453 677 3498 ex
701 3433 855 3520 seripturis
878 3434 937 3520 peti
959 3446 1084 3522 possunt
1104 3433 1212 3500 omnia.

62 3533 175 3600 ldeirao
196 3538 255 3601 alia
271 3537 399 3622 scripto,
424 3537 580 3601 traditione
599 3537 656 3600 alia
672 3537 851 3602 sanctissimi
876 3539 998 3621 apostoli
1020 3537 1213 3624 reliquerunt.

63 3635 149 3720 Quod
165 3641 261 3724 ipsum
281 3639 321 3702 ila
337 3637 447 3703 Paulus
464 3641 602 3703 affirmat:
634 3642 865 3718 Quemadmodum
884 3644 991 3702 ararat
1006 3643 1093 3702 eodm.
1141 3635 1213 3700 ltem
1228 3643 1367 3742 {33qu

63 3741 119 3804 alio
134 3743 220 3804 loeo:
244 3745 291 3802 lta
308 3744 402 3818 doreo,
426 3747 509 3804 etita
524 3745 632 3804 tradidi¹
645 3747 675 3803 ia
690 3745 826 3804 :rohais
874 3739 965 3806 ltem:
989 3746 1211 3816 Sr'arenu'ar'stri,
1335 3727 1367 3753 ’¹

61 3849 119 3904 πίει·
129 3845 245 3922 frustra
258 3847 427 3906 masto.
459 3841 519 3910 lam
535 3865 606 3908 vero
621 3845 690 3909 illud
706 3845 741 3908 ab
757 3844 897 3932 apostolis
912 3855 1013 3909 saneta
1028 3842 1075 3907 dei
1089 3843 1215 3907 eoelesia

63 3946 355 4039 traditom'aeeepin
387 3957 455 4030 post
474 3949 622 4011 decretam
645 3945 843 4029 virginitatem
863 3948 898 4010 ad
917 3949 1033 4032 nuptias
1055 3965 1123 4010 sese
1145 3967 1216 4009 oon·

63 4049 162 4126 lame,
192 4049 306 4112 scelere
333 4049 510 4136 implicatum
537 4049 641 4114 uideri.
688 4049 808 4112 Ateninr
834 4050 984 4133 apostolus
1009 4049 1145 4133 scripsit:
1182 4053 1219 4111 Si
1283 4077 1284 4080 ¹

61 4155 191 4232 :remearit
203 4156 296 4232 aergo,
321 4173 376 4214 noa
389 4156 527 4233 peccauit.
566 4149 694 4234 Quinam
710 4149 800 4234 igilur
816 4151 901 4214 amhn
917 4151 988 4214 liaeo
1003 4151 1081 4215 inter
1097 4172 1130 4216 se
1145 4173 1216 4216 eou-

98 4339 161 4391 Crr.
177 4339 218 4390 vl.
237 4367 270 4377 -
306 4339 328 4390 1.
349 4333 465 4406 ἀγάμους
487 4343 625 4403 suapdmbo·
691 4339 716 4390 2.
734 4333 906 4408 ailldto‘alps:
920 4335 972 4408 ἔχει
986 4353 1036 4403 ean
1060 4341 1217 4392 Ldmdabeat

62 4411 99 4457 tur
114 4411 241 4459 d’etootur.¹
266 4409 518 4472 easaetenatone,
541 4413 626 4460 redama
659 4404 723 4462 ἀλλὰ
740 4403 776 4467 oie
793 4405 854 4476 ἔχει.

63 4472 176 4542 γάμους,
193 4481 285 4527 mutae
302 4469 512 4544 impendatur.
