3176 4930
352 253 490 308 romanu
507 253 571 307 aru.
588 253 620 305 m.
637 251 719 318 rom.
732 253 752 304 r.
767 251 869 303 uuus.
883 251 976 303 uxrv.
1178 235 1240 302 269

86 371 177 438 inisse
192 371 313 438 dixerit.
361 371 446 458 Quod
461 375 488 440 si
504 375 532 438 id
549 395 605 460 ego
621 372 818 456 comprobem,
843 392 900 436 ana
918 370 956 434 iis
972 390 1047 454 quun
1062 368 1123 433 dixi
1138 389 1241 436 assen-

85 476 132 538 tiri
156 477 309 540 convenit.
675 521 678 529 ·
1283 521 1343 588 cup·

168 578 218 641 Ad
237 579 310 643 buce
332 600 406 664 eqo,
431 577 505 644 liiud
524 599 615 659 vero,
639 575 867 663 cdgdaopbon,
892 597 990 641 nonne
1012 575 1064 640 tibi
1087 593 1239 660 perperam
1274 589 1359 638 xxm.

83 678 203 744 adetum
223 681 358 745 videtur?
400 679 478 764 Quid
504 683 572 746 iliud
598 681 662 746 esti
690 681 795 765 inquit.
841 675 976 764 Corpus,
998 680 1134 763 inquam,
1158 697 1240 741 csse·
1258 657 1375 724 (mi)

83 801 150 846 rere
172 783 283 846 vinculi
307 783 400 848 instar
420 803 456 847 oc
474 784 622 868 compedis
645 784 787 846 adversus
812 781 937 846 antimum
962 801 1029 846 csse
1053 781 1238 858 icbricntom,

83 887 159 968 qaod
179 897 209 948 ct
227 886 367 972 prophete
383 891 491 950 moetos
506 907 557 950 occ
574 891 604 948 ιιι
621 897 699 947 terro
718 905 786 948 esse
800 883 888 962 dicat,
913 895 944 947 et
957 881 1053 947 David
1072 887 1239 964 compeditos
1255 874 1341 982 Q·

83 987 232 1072 appellati
274 987 351 1052 'l'nm
367 989 429 1068 iiie,
453 987 659 1074 Respondete,
685 987 790 1071 inquit,
813 997 872 1052 tom
889 986 1027 1072 expedite
1044 986 1095 1050 tibi
1111 1003 1239 1069 nequeo.
1254 977 1291 1024 ¹³¹·
1305 979 1350 1034 ¹⁴⁵·
1363 979 1383 1021 ²·

83 1083 148 1154 Cur
164 1101 264 1154 auten
282 1113 346 1156 cum
363 1091 422 1155 aiio
439 1093 537 1177 potius
558 1111 616 1152 non
638 1089 787 1174 disputas?
830 1089 872 1152 At
895 1109 951 1172 ego
975 1091 1139 1174 (senseram
1161 1087 1241 1150 eninr

82 1191 238 1256 erubuisse
263 1193 426 1272 bominem,
451 1191 644 1276 convincique
667 1192 828 1275 metuere),
856 1188 937 1254 Num
959 1201 989 1254 tu
1012 1191 1127 1254 tandem
1151 1190 1241 1252 addu-

81 1305 160 1358 ctum
187 1315 234 1358 me
257 1294 367 1359 invidia
391 1305 476 1380 putas
499 1295 631 1360 voluisse
649 1293 803 1373 refellere,
826 1313 862 1358 nc
880 1313 940 1358 non
960 1293 1056 1378 potius
1079 1293 1154 1377 qaod
1177 1301 1241 1356 eret

80 1395 264 1483 propositum
284 1397 436 1462 declarare
454 1398 602 1462 voluisset
646 1393 706 1462 Sed
722 1396 794 1460 beas
812 1396 860 1459 tui
886 1415 942 1459 neo
958 1407 986 1459 te
1006 1395 1187 1478 interrogari
1197 1395 1241 1480 pi·

79 1509 162 1584 gent.
210 1497 303 1564 Vides
316 1500 396 1563 enim
412 1521 470 1564 non
489 1501 587 1585 parvis
604 1500 745 1563 derebus
767 1509 865 1561 natum
884 1498 960 1562 buno
978 1498 1062 1562 nubis
1084 1518 1150 1562 esse
1175 1517 1238 1561 scr·

80 1621 214 1679 monem,
237 1602 290 1664 sed
308 1602 345 1665 dc
361 1623 398 1666 eo
411 1603 537 1681 scilicet,
562 1621 686 1686 quanam
704 1600 820 1664 ratione
836 1601 1013 1666 credendum
1028 1600 1078 1663 sit.
1120 1599 1239 1664 Etenim

81 1703 195 1767 cnidum
215 1702 323 1768 bomini
348 1704 467 1788 gnavius
490 1704 595 1768 mulum
612 1703 748 1768 accidere
764 1723 851 1788 posse
868 1713 939 1788 puto
959 1723 1044 1787 quem
1062 1701 1241 1766 necessariis
1286 1781 1289 1786 Ι

80 1825 120 1869 ex
146 1805 256 1883 rebus,
280 1827 346 1870 cum
370 1807 472 1870 iaisnm
490 1807 525 1870 de
542 1805 601 1870 iilis
618 1806 784 1893 opinionem
800 1806 982 1891 conceperit.
1027 1803 1127 1869 Pedum
1150 1791 1240 1889 igitur

79 1928 196 1992 quaeso
212 1920 243 1973 ct
260 1908 397 1972 alacriter
414 1909 450 1972 ad
467 1909 649 1994 interrogate
668 1909 866 1994 respondens,
889 1929 925 1972 nc
940 1909 965 1972 si
985 1907 1052 1992 quid
1075 1906 1171 1971 oricus
1187 1925 1239 1970 re·

79 2031 146 2074 rum
172 2012 361 2096 proposuisse
383 2011 502 2090 videor,
534 2011 646 2075 maiore
671 2011 804 2076 veritatis
828 2031 911 2094 qunrn
938 2011 995 2074 mci
1016 2009 1113 2074 studio
1135 2009 1239 2074 ductus

77 2113 243 2198 redargue.
286 2111 365 2177 Nam
389 2113 526 2198 redargui
550 2114 643 2199 ipsum
662 2133 748 2198 quarn
770 2113 858 2177 adium
881 2113 1060 2196 redarguere
1076 2113 1163 2196 louge
1186 2133 1241 2175 cx·

78 2215 240 2278 ccidentius
257 2233 324 2278 esse
343 2215 451 2279 bunum
474 2215 620 2295 arbitror,
645 2237 703 2300 quc
724 2215 838 2279 sciiicet
859 2214 955 2278 maius
977 2224 1024 2278 est
1045 2215 1122 2278 meio
1143 2215 1238 2299 ipsum

79 2317 156 2402 eripi
175 2337 261 2401 quam
275 2316 349 2382 aiios
366 2318 493 2404 eripere.
534 2318 600 2401 Ape
614 2317 704 2401 igitar
721 2317 834 2382 coiintis
851 2317 975 2381 invicem
992 2315 1178 2382 sermonibus
1195 2317 1240 2380 vi-

79 2419 205 2482 desmas
223 2417 325 2502 ecquid
343 2440 408 2485 ase
425 2430 526 2484 mutuo
546 2419 732 2483 dissentiant.
778 2417 848 2484 Nun
866 2418 944 2482 enim
960 2419 1037 2482 levia
1052 2429 1122 2482 suut
1139 2419 1187 2480 iiia
1203 2418 1239 2482 de

78 2521 189 2605 quibus
204 2521 428 2602 contendimus,
452 2523 503 2586 sed
522 2521 683 2602 eiusmodi,
708 2533 739 2585 ut
756 2531 787 2586 et
805 2521 853 2584 iiio
871 2520 949 2584 scire
968 2521 1165 2606 praestantius
1186 2520 1236 2599 sit,

77 2635 109 2686 et
126 2623 268 2708 ignorare
286 2625 495 2709 turpissimum.
542 2621 592 2686 Τιι
613 2623 703 2707 igitur
719 2621 901 2688 reviviscere
927 2643 1033 2709 corpus
1057 2642 1115 2686 nou
1135 2622 1241 2686 existi·

76 2747 158 2804 mas,
184 2745 243 2810 ego
259 2745 332 2789 vern
349 2745 471 2790 censeo.
515 2721 560 2789 lta
577 2745 610 2790 sc
624 2745 674 2790 res
690 2725 789 2804 babet,
813 2724 918 2810 iuquit,
943 2745 983 2789 ex
999 2724 1044 2790 bis
1059 2745 1133 2810 quae
1151 2735 1238 2789 cutes

77 2829 157 2892 dixi.
204 2821 384 2907 Praeterea,
409 2829 542 2912 inquom,
572 2827 718 2892 vinculum
743 2828 819 2892 idem
845 2849 879 2892 ac
905 2828 1066 2892 custodiam
1089 2838 1119 2892 ct
1143 2828 1240 2914 sepul-

76 2951 163 2996 cruru
183 2949 221 2993 ee
245 2929 363 3014 pedicas
386 2949 454 2993 esse
475 2929 594 3009 dixisti,
626 2949 683 3014 ego
700 2951 772 2994 vero
790 2951 849 2994 non
868 2931 1026 2995 assentior.
1072 2927 1170 3008 Vere,
1193 2931 1240 2994 in·

76 3033 162 3118 quit,
188 3041 253 3096 ate
269 3032 326 3094 ista
343 3031 489 3097 dicuntur.
537 3033 582 3098 Ad
602 3031 675 3096 baec
695 3031 937 3118 intemperantis,
962 3053 1082 3111 errore,
1107 3033 1237 3112 tristitie,

73 3134 253 3212 iracundia,
277 3133 462 3218 ceterisque,
491 3145 523 3198 ut
545 3154 604 3198 uon
629 3134 720 3198 verbo
744 3134 856 3214 dicam,
880 3135 1032 3213 omnibus,
1062 3148 1185 3220 quorum
1208 3146 1240 3200 tu

73 3237 228 3302 maiorum
248 3255 380 3300 caussam
398 3235 546 3300 sustinere
568 3257 675 3322 corpus
698 3237 828 3317 asseris,
852 3237 966 3300 enimse
986 3239 1021 3301 nd
1042 3237 1162 3300 meliora
1185 3238 1240 3301 im·

72 3351 182 3426 petum
205 3339 371 3425 praepediri
393 3337 513 3419 dixisti,
538 3359 632 3423 neque
651 3339 751 3404 sinere
774 3339 883 3404 nosad
904 3359 1100 3424 eorumquae
1122 3360 1155 3402 re
1176 3341 1239 3425 ipss

70 3454 151 3507 sunt
164 3440 459 3527 comprehensionem
475 3462 510 3504 no
524 3440 676 3506 scientium
691 3443 859 3527 pervenire.
905 3440 1030 3525 Quoties
1044 3443 1122 3506 enim
1138 3463 1238 3506 eornm

71 3565 157 3630 quae
174 3554 247 3609 sant
261 3543 404 3628 indagare
419 3543 526 3627 aliquid
543 3544 695 3624 volumus,
721 3555 779 3614 tum
797 3545 900 3608 oborto
916 3545 1010 3629 cuiigo
1027 3545 1173 3610 ruentibus
1187 3565 1241 3608 no-

69 3649 151 3712 stris
176 3645 316 3711 tenebras
338 3646 479 3726 offundit,
510 3667 604 3730 neque
626 3646 780 3712 veritatem
805 3647 929 3711 dilucide
950 3667 967 3708 a
987 3646 1071 3710 nobis
1093 3646 1238 3732 pervideri

69 3750 204 3836 petitur.
249 3746 328 3813 Nam
352 3760 381 3812 et
403 3769 439 3812 ea
465 3749 614 3834 perceptio
632 3769 706 3834 quae
728 3749 758 3812 m
778 3750 898 3814 auribus
915 3749 1082 3834 plenissima
1106 3747 1240 3811 friducino

68 3863 144 3933 estq
179 3851 270 3915 iaiiox
295 3851 365 3914 item
389 3870 463 3936 quse
489 3852 583 3916 ocuiis
605 3871 640 3915 ac
660 3851 781 3935 reliquis
801 3849 920 3916 omnino
944 3851 1080 3915 sensibus
1103 3849 1236 3913 efficitur.

68 3953 192 4031 Vides,
217 3951 328 4038 inquit,
353 3951 479 4033 Eubuli,
503 3975 587 4039 quom
603 3975 661 4038 ego
675 3954 730 4018 sim
745 3953 775 4018 in
794 3954 834 4018 tui
851 3953 1046 4018 desudationem
1061 3972 1237 4038 propensus,

68 4081 144 4124 cum
175 4065 275 4140 operte
299 4055 494 4140 distincteque
516 4056 666 4141 loqueris?
1284 4101 1336 4172 cap

171 4154 214 4221 Ut
228 4156 329 4242 igitur,
353 4159 482 4242 inquam,
507 4179 552 4223 me
568 4157 728 4244 impensius
746 4156 905 4237 collaudes,
930 4157 955 4222 si
972 4177 1078 4242 corpus
1096 4159 1238 4243 quoddam
1264 4141 1362 4223 xxcit.

66 4261 226 4352 opinione
241 4271 342 4324 vestra
358 4261 506 4325 vincutum
522 4273 584 4341 nst,
609 4279 666 4324 noo
686 4269 783 4346 potest
798 4259 913 4324 enimse
928 4259 1122 4344 improbitntis
1144 4273 1174 4326 et
1195 4263 1240 4327 in·
1258 4239 1376 4307 (xm)

102 4412 133 4470 4.
154 4407 281 4480 ἀλλήλοις
297 4417 429 4478 surptcotuu
444 4421 478 4467 est
494 4417 614 4467 Petreius.
715 4411 740 4466 6.
760 4415 834 4478 vch
849 4409 908 4480 riv,
924 4416 1012 4468 citiore.

104 4487 133 4538 5.
160 4483 240 4545 Vviqo
258 4479 330 4549 ἔφην.
