3148 4938
344 221 482 278 rnunnn
499 225 563 278 nnn.
576 227 608 278 n.
625 227 708 280 non.
721 229 753 278 ιι.
771 227 871 278 unna.
884 227 977 278 nxvr.
1179 212 1242 280 547

103 343 218 408 micitiun
242 345 409 426 collocans,
440 365 515 430 qnae
540 344 627 409 bodie
647 342 757 409 iudaea
776 345 899 425 dicitur,
932 345 1008 410 titios
1031 345 1106 412 istos
1127 349 1242 432 genuit,

102 447 312 526 Amorrbacum,
346 445 570 531 Gergaeseum,
607 445 828 527 Pherezaeum,
863 445 1057 526 bcbusaeum,
1092 446 1240 530 Evaeum,

100 549 280 628 Arrucneum,
313 544 508 628 chettaeum,
542 549 733 629 Asenneum,
765 547 976 628 Samaraeum,
1007 547 1181 632 Sidonium,
1214 561 1244 616 et

99 647 284 714 philistaeum.
317 648 412 733 Ωιιιιιιι
432 651 469 715 ob
488 671 622 716 caussam
642 651 778 716 dominus
796 651 826 716 in
845 653 912 736 tege
928 652 1035 730 veteri,
1059 663 1091 715 nt
1108 655 1247 718 ostende-

98 753 174 816 setin
187 754 247 818 iure
264 754 388 818 iurando
403 754 518 817 iliorum
535 753 650 840 impleri
669 763 807 838 peccata,
830 757 973 828 Nondum,
998 754 1104 838 inquit,
1129 759 1242 836 rinpletc
1255 767 1398 824 contere.

97 859 403 918 euntAmorrlrcecr-um
415 867 545 936 peccatu.
590 853 637 920 Ob
656 856 685 918 id
708 857 737 920 in
757 868 855 920 monte
875 855 984 920 diutius
1007 857 1185 936 inuenerunt,
1209 879 1244 924 ac

98 979 183 1022 moras
204 957 233 1020 in
253 957 411 1022 solitudine
437 968 611 1036 traxerunt,
644 959 739 1022 donec
763 959 840 1022 uitro
864 958 980 1044 seipsos
1002 959 1044 1022 iiii
1069 960 1245 1026 condemna·

96 1072 169 1138 rent,
190 1081 223 1124 ec
244 1061 310 1124 titiis
330 1058 419 1137 Sem,
450 1082 525 1143 quos
549 1059 656 1124 iniuria
679 1061 789 1143 pridem
815 1061 993 1140 affecerant,
1025 1061 1132 1125 beilum
1157 1063 1245 1128 etiam

94 1163 234 1227 inferrent.
281 1159 396 1245 Quippe
416 1159 486 1226 Sem
504 1162 607 1245 genuit
623 1162 797 1247 Arpbaxnd,
823 1163 984 1246 Arptraxad
1008 1160 1150 1244 Cainam,
1176 1161 1246 1228 Cai-

94 1285 144 1328 uae
160 1261 274 1342 Salam,
298 1261 385 1328 Salas
405 1262 523 1342 Heben,
550 1263 650 1328 Heben
669 1263 796 1344 Pbaiec,
820 1263 931 1328 aniec
954 1263 1098 1350 Rbagau,
1120 1265 1246 1350 Rbagou

94 1363 215 1445 Serucb,
239 1364 355 1431 Serucb
373 1363 513 1443 Nacbor,
536 1365 662 1430 Nacbor
680 1365 799 1446 Tbnrc,
825 1366 927 1430 Tbare
948 1368 1090 1447 Amatam,
1113 1369 1245 1434 Abraam

92 1465 187 1546 isaac,
211 1466 297 1532 leaeo
317 1465 424 1547 laceb,
456 1465 545 1531 iacob
567 1465 687 1546 iudam,
719 1466 806 1532 iudas
824 1467 957 1548 Pbares,
986 1466 1100 1534 Pheres
1123 1468 1244 1549 Esrom,

90 1567 191 1632 Esrcm
207 1570 348 1648 Amnem,
373 1569 495 1632 Amnem
514 1568 698 1648 Aminadab,
722 1570 889 1634 Aminadnb
903 1569 1058 1654 Naasson.
1105 1567 1245 1636 Ceterum

89 1668 220 1734 Naasson
235 1668 332 1752 ¹luttere
359 1671 452 1734 tribus
477 1670 615 1756 principis
639 1683 668 1735 et
684 1669 753 1735 lesu
770 1671 858 1736 Nave
881 1672 931 1736 biii
949 1684 1081 1758 tempore
1105 1673 1154 1736 iiiii
1174 1671 1245 1738 Sem

88 1773 234 1855 regionem
254 1794 336 1838 suam
364 1795 422 1836 non
451 1774 537 1836 modo
560 1774 637 1837 notia
656 1773 827 1858 cuiusquam
851 1774 976 1854 iniuria,
1007 1777 1059 1839 sed
1085 1774 1247 1840 iustissimo

87 1875 173 1938 etiam
189 1875 233 1940 dei
251 1875 357 1939 iudicio
375 1887 562 1962 receperunt.
609 1873 703 1958 igitur
719 1875 919 1940 Hierichuntis
938 1878 1054 1941 moenia
1071 1888 1176 1964 sponte
1193 1899 1248 1942 sua

86 1976 212 2060 collapsa
232 1989 319 2058 sont3
353 1977 464 2040 iustitia
488 1979 566 2041 enim
594 1999 704 2063 poenas
727 1979 762 2041 de
788 1978 931 2044 iniustitia
952 1982 1071 2065 repetit.
1117 1977 1248 2044 Proinde

85 2089 197 2164 septem
215 2079 317 2144 diebus
332 2101 433 2144 moros
450 2079 628 2161 ambierunt,
648 2082 678 2144 in
696 2101 770 2166 quos
786 2081 940 2146 sabbatum
956 2080 1070 2162 incidit,
1089 2104 1147 2168 quo
1164 2083 1250 2168 piene

83 2192 182 2260 esset,
206 2182 411 2266 cumulataque
433 2181 557 2246 iustitia.

168 2383 237 2450 Nec
252 2386 320 2450 ittuo
339 2388 425 2450 modo
444 2386 566 2450 sabbato
584 2387 719 2471 contigit.
766 2386 826 2452 Sed
850 2409 914 2450 cnm
932 2388 1093 2452 sanctuarii
1113 2371 1402 2490 ⁰⁸¹¹d⁶¹³ffiyg⁸ffiivr

78 2489 167 2552 brum
188 2491 217 2552 in
234 2489 425 2553 tabernaculo
442 2489 601 2553 testimonii
617 2501 730 2574 septem
750 2488 886 2554 lucerna-s
901 2489 1033 2568 baberet,
1058 2509 1161 2553 omnes
1179 2489 1373 2554 tuomum

74 2590 212 2675 quotidie
230 2591 342 2676 pariter
362 2591 614 2668 accendebantur,
646 2611 702 2654 nee
722 2588 780 2654 otto
800 2592 847 2654 die
866 2591 1003 2656 cessabat
1021 2611 1123 2656 earum
1138 2591 1248 2674 atique,

71 2693 131 2756 sed
152 2693 255 2758 eadem
282 2694 334 2757 iux
359 2693 484 2776 singuiis
509 2693 612 2756 diebus
634 2693 766 2756 ardebat.
812 2690 933 2757 Etenim
953 2693 1106 2758 sabbatum
1131 2713 1192 2758 non
1213 2693 1250 2756 ad

69 2795 354 2873 intercludendum,
386 2795 438 2859 sed
463 2794 498 2858 ad
523 2797 728 2879 praestandum
748 2795 855 2859 bonum
877 2817 951 2880 opus
975 2807 1021 2860 est
1042 2795 1248 2860 coustitutum.

70 2893 219 2980 Cumque
237 2919 323 2961 nemo
340 2897 456 2981 penitus
481 2897 510 2960 in
533 2897 685 2962 duodecim
710 2897 841 2962 tribubus
867 2909 1006 2982 operatus
1030 2907 1128 2976 esset,
1153 2897 1249 2961 scium

66 2998 175 3062 attare
199 3019 345 3084 uunquam
371 2998 548 3077 feriabatur,
580 3009 612 3062 ut
634 2997 663 3061 in
682 2998 837 3081 evangelio
857 3009 983 3064 testetur
1005 3000 1158 3064 dominus:
1192 3003 1404 3067 Sir-nmmos.

66 3103 216 3164 cerdotes
234 3106 325 3162 centri
338 3102 446 3162 omlcnt
462 3106 492 3162 r'rr
511 3105 611 3182 templo
627 3101 792 3175 cattorum,
817 3122 851 3162 ue
868 3106 930 3162 arbre
950 3104 1034 3180 codro
1051 3113 1129 3162 nunt.
1175 3096 1251 3162 Pro·

62 3203 215 3289 pbaunre
235 3223 308 3267 vero
325 3201 400 3266 idern
417 3212 462 3266 est
480 3223 515 3266 ac
531 3203 662 3266 solvere.
710 3199 865 3285 Quomodo
883 3223 955 3267 vero
973 3202 1092 3266 scivere
1112 3203 1250 3267 dicuntur

64 3304 136 3370 nisi
156 3306 238 3389 quod
262 3305 318 3368 deo
343 3304 518 3368 sacrificium
535 3305 681 3384 offerunt,
711 3325 750 3368 nc
774 3305 867 3370 attare
884 3304 923 3369 sit
941 3304 1091 3368 otiosum?
1135 3300 1196 3367 Sed
1218 3312 1252 3366 ut

58 3409 132 3472 ista
157 3417 365 3491 praeteream,
391 3406 494 3470 eodem
511 3405 540 3469 in
560 3405 683 3470 sabbato
700 3407 743 3470 soi
762 3407 855 3470 oritur
874 3419 904 3471 et
921 3405 1044 3483 occidit,
1069 3405 1139 3469 luna
1161 3424 1252 3488 nugo·

57 3510 153 3588 scit,
184 3529 222 3572 ac
238 3508 395 3589 minuitur,
419 3518 575 3573 ventorum
593 3509 680 3573 datus
698 3509 856 3592 ingruunt,
880 3509 993 3572 tructus
1011 3507 1166 3591 pullulant,
1190 3523 1253 3568 ma·

59 3623 141 3676 tres
162 3611 301 3695 pariunt,
325 3622 484 3695 ceteraque
500 3609 572 3674 bunt
588 3611 696 3675 omnia.
733 3607 803 3673 ideo
820 3609 945 3674 veniens
963 3609 1027 3693 ipsc
1044 3607 1179 3672 dominus
1194 3625 1253 3670 uon

57 3713 223 3778 fabrilem
238 3714 269 3778 in
281 3713 403 3777 sabbato
418 3723 530 3789 artem,
555 3733 613 3776 non
638 3712 803 3791 aerariam,
828 3711 982 3776 antatium
1002 3709 1145 3792 ingenus
1165 3727 1254 3772 excr-

54 3814 152 3894 euit,
182 3816 239 3880 sed
256 3824 356 3900 utpote
370 3816 442 3880 deus
459 3815 589 3878 divinum
607 3835 682 3899 opus
697 3814 814 3880 molitus
831 3825 887 3879 est.
937 3815 1024 3886 Tolle,
1050 3810 1156 3893 inquit,
1177 3820 1334 3889 gro-rem.
1347 3819 1402 3875 ns.

51 3921 179 3982 batum
211 3929 305 3991 tunm,
340 3929 369 3979 et
391 3919 519 3991 corbulo,
552 3925 585 3980 ut
610 3937 650 3982 en
675 3916 740 4002 ipso
757 3926 893 4000 gestante
913 3916 949 3980 de
972 3911 1104 3978 miraculi
1129 3912 1257 3975 veritate

51 4029 263 4098 constaret,
295 4029 325 4084 et
348 4039 414 4084 eum
435 4039 539 4082 omncs
556 4028 754 4102 agnoscerent
770 4018 820 4102 qni
837 4029 869 4082 nt
884 4018 1011 4082 hnmano
1029 4011 1135 4099 generi
1149 4011 1258 4078 subve-

98 4172 132 4226 9.
158 4169 257 4239 tado,
275 4169 529 4239 epicoenomena.
691 4175 763 4224 etium
783 4174 880 4222 Gomon.
898 4174 923 4222 in
942 4171 1046 4220 nodone
1064 4168 1158 4218 Lcttnc
1193 4167 1258 4218 Edita·

39 4359 119 4412 (Μ’
693 4390 736 4427 mr.
753 4379 854 4437 curque.
889 4374 955 4424 Edttr'
968 4369 1071 4428 bucinna.

120 4447 152 4498 1.
179 4441 275 4500 tutuo
289 4446 358 4497 codd.
375 4459 448 4509 nnn,
468 4447 533 4510 cuod
547 4447 660 4509 eumont
727 4443 752 4494 2.
771 4440 895 4510 κράβατιι
915 4441 987 4494 codd.
1003 4453 1059 4492 narn

973 4524 1044 4592 35*
