3168 4942
357 239 495 294 ruuaau
513 230 718 294 eruu'mur.
729 243 760 294 u.
777 239 877 296 naen.
888 243 989 296 uxrx.
1197 233 1257 298 cat

106 359 207 424 retulit.
254 355 399 424 Similiter
418 373 448 425 et
467 359 545 426 lilios
566 361 658 448 patris
677 360 793 447 quidem
813 363 891 428 lilius
910 365 975 428 sine
1000 364 1059 429 ulla
1077 364 1260 430 dubitatione

107 463 205 528 abillis
225 464 357 527 creditur
380 473 412 527 et
434 465 575 529 adoratur
596 465 644 548 qui
666 464 757 529 vitam
780 465 915 530 obtinere
940 467 1071 551 cupiunt.
1117 465 1260 534 Pontifex

105 585 171 628 uero
196 565 306 630 idcirco
329 566 420 630 luisse
445 567 520 650 quod
546 567 576 630 in
600 588 655 632 suo
676 587 802 654 corpore
821 589 875 653 pro
899 567 1025 632 humano
1047 589 1159 652 genere
1182 570 1258 654 patri

105 669 285 752 semetipsum
312 667 464 732 obtulerit.
511 665 592 732 idem
613 680 645 734 et
660 670 800 734 sacerdos
819 669 906 736 simul
934 681 964 735 et
985 671 1081 734 hostia
1103 691 1155 754 pro
1179 673 1258 736 omni

105 781 233 834 creatura
256 771 443 856 pontificatus
469 771 565 834 officio
588 773 715 858 iungens
739 772 868 858 seipsum
893 773 1014 851 obtulit,
1049 783 1108 836 tum
1133 774 1259 859 spiritali

104 874 324 958 quodammodo
346 884 376 936 ot
391 872 506 958 ingenti
525 895 590 937 eum
610 875 704 959 glorio
727 875 886 940 subvectus
907 897 972 938 cum
991 875 1094 938 eodem
1120 875 1171 940 illo
1193 897 1261 939 cor·
1304 885 1305 890 ’

105 995 171 1060 pore
187 976 222 1038 ad
242 975 332 1060 patris
350 977 504 1040 dexteram
521 977 673 1057 consedit,
705 983 876 1040 consumme
898 983 928 1039 r'n
949 989 1094 1044 oeternum
1113 980 1256 1060 ponufee,

103 1099 137 1140 ao
154 1077 296 1140 coelestes
311 1077 400 1140 orbes
416 1079 508 1143 semel
528 1099 719 1165 permensus,
744 1090 776 1144 ut
791 1079 868 1142 idem
888 1080 1039 1165 apostulus
1059 1081 1089 1144 in
1107 1082 1259 1164 sequeuti-

103 1181 155 1244 bus
169 1179 307 1244 declarat.
354 1176 441 1245 Unde
456 1191 516 1244 tuta
535 1182 608 1245 haec
625 1183 740 1246 illorum
757 1183 793 1246 ad
810 1182 983 1246 calumniam
1004 1182 1259 1267 captationemqun

103 1281 259 1366 composita
282 1282 491 1368 descriptoris
511 1284 669 1368 disputatio
694 1286 825 1363 corruit3
859 1305 935 1369 quae
954 1284 1068 1367 quidem
1092 1286 1258 1372 scripturae

102 1407 164 1448 cum
181 1385 260 1447 vitae
284 1381 496 1469 impertiendae
521 1387 578 1450 vim
605 1387 731 1466 babent,
764 1399 824 1452 tum
849 1387 920 1452 nihil
946 1387 1099 1450 continent
1122 1388 1157 1451 ad
1182 1387 1259 1472 quod

102 1488 201 1552 lideles
219 1487 381 1566 offendant,
395 1499 446 1550 aut
458 1489 534 1572 quod
550 1490 585 1552 ed
604 1490 691 1553 ullam
708 1489 794 1554 verbi
810 1489 1016 1584 coutumeliam
1034 1489 1260 1573 eiusquedigui·

101 1590 168 1654 tatis
190 1588 422 1652 imminutionem
445 1592 661 1655 accommodari
684 1593 749 1656 iure
773 1593 876 1676 possit.
953 1620 955 1626 ·

182 1693 280 1756 Alium
301 1705 455 1777 praeterea
479 1695 575 1756 locum
597 1694 690 1758 Arius
717 1704 946 1772 commemoret,
979 1694 1009 1758 iu
1035 1715 1092 1778 quo
1116 1691 1256 1773 loannes,
1278 1703 1338 1772 dap.
1355 1703 1413 1760 xta

100 1817 164 1858 cum
188 1795 217 1858 iu
240 1795 360 1866 deserto
384 1805 478 1858 staret
495 1806 526 1858 et
543 1797 732 1860 accedentem
750 1797 831 1860 illum
851 1797 981 1873 videret,
1013 1796 1128 1860 dixisse
1152 1797 1258 1874 fertur,

98 1903 155 1960 lde‘e
175 1909 219 1960 est
239 1919 319 1979 quem
345 1903 412 1960 drice'
431 1901 525 1974 cobis,
561 1903 692 1980 quondum
718 1905 795 1962 cenot
811 1911 879 1979 post
899 1921 942 1960 me
963 1903 1024 1972 uir,
1059 1904 1111 1981 qui
1130 1910 1197 1962 ante
1216 1919 1260 1960 me
1272 1905 1350 2002 '1⁰¹3'

94 2005 191 2084 fuctus
211 2013 271 2075 est,
305 2005 373 2082 quio
390 2006 476 2081 preca·
496 2023 539 2063 me
560 2014 632 2064 erut.
679 1999 811 2066 Primum
839 2001 928 2086 igitur
952 2001 1162 2086 accesimus,
1194 2011 1260 2064 tau·
1295 1990 1302 2014 '
1341 1988 1348 2002 ’

97 2123 183 2187 quam
202 2103 322 2188 crapola
339 2113 370 2165 et
386 2103 528 2166 ebrietate
545 2103 691 2188 correpti,
716 2105 793 2188 quod
816 2104 987 2168 adsensum
1010 2104 1133 2183 attinet,
1156 2103 1261 2166 immu-

98 2216 172 2268 tant.
218 2202 258 2268 Et
276 2205 441 2289 quomodo,
473 2205 624 2289 inquiunt,
657 2205 692 2268 de
718 2205 921 2269 incarnatione
941 2206 1049 2270 dictum
1072 2207 1141 2270 illud
1167 2205 1261 2290 accipi

95 2316 205 2392 potest,
224 2328 289 2372 cum
307 2317 376 2372 ante
393 2305 533 2372 loannem
551 2306 580 2370 iu
589 2305 707 2371 Mariae
724 2317 808 2371 utero
823 2307 942 2392 genitus
961 2328 1019 2371 uon
1035 2308 1144 2371 luerit?
1165 2305 1257 2386 Nam,

91 2421 128 2473 ul
149 2409 331 2492 evangelista
352 2421 469 2488 narrat,
499 2415 589 2472 Sento
603 2433 697 2489 mense
711 2415 812 2472 messus
836 2421 880 2471 est
895 2413 1016 2490 angelus
1034 2411 1151 2471 Gubrcirl
1164 2414 1194 2472 r‘n
1216 2415 1257 2470 m'-
1270 2418 1325 2466 Lae.
1336 2423 1357 2478 1,
1366 2421 1400 2465 m.

91 2516 209 2574 volutem
226 2515 351 2574 Gallinae
365 2517 404 2574 od
424 2518 562 2592 calginem
584 2516 778 2592 desponsatum
800 2517 878 2587 mic,
903 2517 954 2574 cui
972 2533 1071 2574 nomen
1089 2515 1206 2592 Ioseph.-
1231 2522 1261 2573 et

91 2619 245 2694 engressus
260 2619 300 2676 ud
314 2635 373 2676 ecm
388 2618 481 2688 dr'on't,
505 2620 569 2676 Aue
581 2619 680 2694 potale
692 2619 790 2695 plenu,
815 2619 944 2676 domninus
958 2625 1059 2689 tecum,
1080 2625 1134 2676 etc.
1167 2611 1259 2678 Cum·

89 2737 153 2800 que
171 2716 256 2800 uirgo
275 2715 312 2778 ob
334 2737 397 2780 eum
418 2716 624 2779 salutationem
643 2716 867 2794 restauraret,
892 2715 1034 2796 subiecit,
1068 2721 1144 2779 Eece
1164 2721 1259 2778 conm'·

83 2824 156 2901 pies
177 2825 208 2881 r'n
230 2831 311 2880 utero
324 2821 442 2900 fib'um,
474 2831 503 2879 et
522 2820 635 2880 meatu
657 2839 756 2880 nornen
778 2823 840 2880 ec'us
861 2822 970 2880 Iesum:
1004 2830 1032 2882 et
1051 2841 1116 2880 eece
1136 2829 1259 2898 cognato

89 2934 144 2983 tua
168 2923 315 2984 Elisabeth
339 2926 470 3001 concepit
477 2923 577 3001 fidelem
599 2926 629 2982 in
646 2932 790 2982 muectute
810 2942 880 2996 som,
915 2933 946 2982 et
964 2924 1011 2983 bic
1036 2925 1139 2984 mensis
1160 2933 1259 2982 sentus

86 3037 138 3088 est
160 3027 208 3084 illi
226 3045 298 3104 pune
319 3035 438 3086 occotm·
458 3027 576 3086 sterr'lr's.
624 3022 847 3086 Animadvertis
872 3032 905 3086 ut.
921 3043 976 3086 sex
1001 3034 1069 3088 erute
1094 3021 1257 3101 mensibus,

85 3147 182 3210 quam
204 3123 319 3190 Mariae
341 3125 490 3190 nuntiaret
512 3125 589 3189 istud
613 3125 754 3208 congelus,
788 3123 915 3189 loannes
938 3125 1081 3188 extiterit.
1129 3121 1258 3205 Quinam

85 3228 187 3312 igilur
204 3227 275 3290 baec
291 3228 400 3306 verba,
423 3234 504 3291 Ante
518 3251 562 3289 me
574 3229 677 3310 suetus
698 3239 757 3302 est,
782 3227 811 3289 iu
828 3228 906 3290 illius
921 3227 1126 3291 incarnatione
1144 3227 1257 3311 impleri

84 3333 276 3416 potueruut?
307 3328 382 3414 Quis
401 3341 448 3393 est
464 3351 481 3392 e
497 3329 664 3394 rudioribus
680 3351 714 3392 ac
731 3329 928 3412 simplicibus,
953 3328 1061 3412 quoique
1080 3330 1153 3393 satis
1174 3331 1257 3393 brono

84 3455 128 3497 ac
149 3431 346 3496 corroborato
373 3433 493 3516 ingenio
517 3453 575 3494 aron
601 3429 729 3507 luerint,
761 3431 808 3513 qui
833 3453 892 3494 non
916 3431 1014 3494 audita
1040 3432 1088 3495 illa
1110 3432 1259 3494 serrteatia

82 3534 307 3620 perturbetur?
350 3534 468 3598 Etenim
492 3533 671 3596 necessariis
689 3553 725 3594 ac
740 3532 866 3596 sinceris
888 3543 918 3596 et
936 3533 971 3596 ad
990 3534 1079 3598 vitam
1099 3534 1261 3596 conciliau-

81 3639 160 3698 dam
181 3636 297 3700 idoneis
313 3637 476 3722 scripturae
491 3636 592 3700 verbis
613 3636 714 3710 utitur,
734 3653 808 3718 qrrae
825 3635 957 3718 prolecto
976 3635 1012 3698 iis
1028 3636 1099 3719 ipsis
1115 3636 1165 3718 qui
1184 3634 1258 3697 unuln

77 3750 202 3822 sponte
219 3737 361 3822 sibiipsis
378 3749 535 3803 arcessunt
554 3739 648 3800 maim
665 3736 808 3822 quoddam
826 3735 1032 3799 detrimentum
1057 3737 1257 3812 consciscunt,

77 3861 160 3904 cum
180 3839 290 3925 alioqui
307 3861 409 3904 omues
425 3840 495 3903 illue·
507 3839 675 3904 sententiae
693 3839 813 3923 spiritus
834 3838 926 3902 saneti
946 3840 1012 3902 luae
1036 3840 1257 3903 collustrantur.

75 3940 261 4026 Numquid
281 3954 328 4006 est
349 3944 378 4004 iu
401 3943 451 4006 iilo
475 3944 511 4006 de
531 3965 588 4026 qtro
612 3941 725 4024 agimus
743 3941 809 4004 loco
834 3942 870 4004 ad
888 3942 1053 4004 ranutiouem
1072 3940 1260 4025 praetermis·

75 4047 183 4108 sum?
227 4049 303 4106 Ecce
323 4050 406 4118 enim,
432 4046 542 4128 inquit,
566 4047 614 4106 bic
629 4056 682 4117 est,
708 4054 740 4105 ut
759 4043 965 4126 aspectabilem
983 4044 1063 4108 illum
1080 4064 1149 4106 esse
1167 4042 1260 4126 sigui·

75 4147 163 4210 lieet
187 4157 219 4209 ct
239 4146 421 4210 intuentibus
446 4157 669 4216 commonstret.
726 4149 899 4224 Quemdc'eo'
917 4149 1011 4219 nobas,
1042 4151 1173 4228 quomam
1191 4157 1413 4227 postramanuu.

72 4271 132 4312 mre
157 4253 247 4310 verrc't.
294 4246 370 4331 Quis
390 4250 437 4312 ille
454 4249 536 4314 veuit
553 4261 757 4334 praeterquam
774 4249 840 4312 viri
881 4245 942 4313 Sed
960 4269 1046 4313 uemo
1065 4249 1259 4332 intelligentia

116 4400 147 4450 2
170 4399 217 4453 nal
233 4403 392 4465 pcrtlerdom,
409 4417 470 4464 arrae
485 4404 556 4466 culpo
569 4403 660 4452 deside·
691 4405 803 4465 proximi.

68 4475 179 4534 retur,
201 4472 312 4520 reumont
334 4485 364 4521 ee
385 4474 479 4536 muodo
501 4473 536 4524 ἴα
551 4471 660 4522 uocobrctt
727 4471 752 4522 ὃ.
769 4472 836 4520 Ltlrt
851 4473 921 4536 culpo
939 4467 1139 4542 βλαβλερώτερι
