3176 4930
323 207 386 274 310
748 213 1057 268 ειαυτιεειεειιιιι

323 357 371 402 σιν
393 334 500 418 μήτοι
523 331 669 418 ληροῦντά
687 358 734 419 γε,
762 327 835 396 ἐιῖίά
859 337 964 412 σαφεῖς
981 330 1100 417 λέγοντά
1121 357 1152 398 ἰι
1174 334 1344 412 φαίνεσθαι
1376 327 1482 413 Ὅμως

324 447 400 526 γοῦν
416 441 519 504 δοτέον
538 434 618 524 αύτγῖ
635 433 753 518 θνητὴν
767 431 927 518 ὁρίσασθαι
943 431 997 516 τήν
1015 432 1123 518 ψυχήν.
1169 441 1266 500 Δυοῖν
1281 431 1338 520 γάρ
1355 459 1402 500 τοι
1423 431 1483 499 θά·

323 567 407 625 τερον
430 549 523 606 ταῦτα
544 541 666 618 θετέον,
697 537 715 620 ἢ
737 533 837 619 άληθῆ
860 534 911 604 τόν
933 535 1038 621 κύριον
1062 535 1281 618 ἀποφήνασθαι
1303 534 1358 620 την
1380 535 1484 618 ψυχὴν

325 639 481 711 άθάνατον
494 640 684 719 διδάσκοντα,
700 642 750 706 καί
765 642 880 722 ψεῦδος
895 636 988 721 αύτὴν
1003 637 1036 706 τό
1049 645 1230 725 φθείρεσθαι
1241 643 1342 725 λέγειν,
1359 638 1483 722 ἢφθεί-

327 757 434 832 ρισθαι
455 748 504 810 καί
523 749 638 825 ψεῦδος
654 741 749 826 αὐτὴν
767 741 800 807 τό
818 739 983 824 άνόῖεθρον
998 744 1049 807 καί
1065 740 1221 810 ἀθάνατον
1238 740 1312 808 εῖναι
1332 739 1486 808 διδάσκειν

327 847 379 915 τόν
393 845 534 929 Χριστόν,
556 847 607 910 καί
623 848 655 912 ἐν
670 852 706 934 τῇ
723 841 798 911 κατά
814 843 867 910 τόν
881 842 1025 911 πλούσιον
1038 848 1089 910 καί
1104 845 1155 912 τόν
1167 849 1279 929 πένητα
1292 841 1411 931 φράσει,
1433 847 1486 910 καῖ

326 954 358 1022 ἐν
377 958 413 1040 τῇ
428 949 504 1014 κατά
520 948 572 1014 τόν
589 950 704 1014 Μυσία
718 949 769 1014 καῖ
787 945 839 1013 τόν
855 945 957 1013 Ἠῖίαν
972 945 1107 1036 ότττασίρ.
1150 947 1220 1018 Ἀλλ’
1238 947 1326 1014 ούδέν
1342 945 1362 1015 ό
1379 945 1487 1032 κύριος
1581 953 1582 1004 ἒ

326 1052 420 1129 άῖῖυς
442 1053 607 1138 ἐφθέγξατο
628 1050 649 1133 ἢ
669 1048 825 1132 ἐψεύσατο.
871 1049 917 1116 οιἰ
940 1045 998 1136 γάρ
1022 1053 1144 1120 είδτοίον
1167 1051 1188 1134 ἢ
1212 1050 1386 1134 φάντασμα,
1414 1047 1489 1124 τούς

327 1154 513 1229 ἀποστόλους
540 1151 722 1236 βουλόμενος
737 1149 890 1230 -άτιατοῖν,
920 1154 1069 1221 ἐδείκνυεν
1094 1153 1199 1230 αὐτοῖς
1225 1157 1256 1220 ἐν
1284 1160 1323 1241 τρῖ
1348 1150 1411 1237 ῖρει
1432 1149 1488 1216 τόν

326 1255 426 1324 Ἠλίαν
441 1257 491 1322 καί
508 1254 560 1322 τόν
575 1257 727 1334 Μοττῖσέα,
749 1251 809 1322 άῖῖ’
826 1253 844 1320 δ
859 1245 936 1337 ἦσαν
951 1253 1105 1336 άφευδαῖτ·
1128 1255 1216 1334 οῖςτε,
1237 1254 1278 1332 ιός
1293 1259 1365 1331 Enoc
1379 1259 1488 1334 είνιεῖν,

327 1363 379 1428 καῖ
395 1358 448 1426 τόν
470 1361 713 1441 δνςμαθέστατον
735 1367 845 1439 μαθεῖν
863 1354 1018 1426 άθάνατον
1039 1355 1131 1426 αύτόν
1154 1356 1229 1426 εῖναι
1247 1361 1298 1426 τιαῖ
1318 1356 1490 1443 άνόίιθρον

328 1465 578 1546 διαβεβαιοῦσθαι
598 1460 653 1544 τήν
673 1460 783 1544 ψυχήν.

175 1687 243 1756 κεφ,
261 1684 311 1754 με,
416 1665 538 1734 Οόκοῦν
558 1666 668 1751 σαρκός
686 1663 708 1748 ἡ
725 1663 881 1742 άνάστασις
895 1671 1022 1752 γίνεται,
1045 1665 1083 1733 ού
1098 1675 1211 1750 ψυχῆς,
1234 1667 1316 1743 ὄντας
1332 1663 1350 1748 ἡ
1366 1691 1491 1732 mn-

210 1755 280 1830 (ῖῖ)
327 1777 398 1836 κοῖα
413 1777 466 1848 τοῦ
479 1773 578 1854 Δαβίδ
592 1773 633 1847 είς
647 1769 702 1852 τήν
715 1768 841 1854 φθοράν
855 1766 968 1860 άναστη
981 1769 1087 1852 σκηνὴ,
1108 1773 1160 1836 καί
1174 1769 1324 1836 διαστᾶσα
1337 1771 1387 1834 καί
1400 1766 1492 1834 άνοι-

328 1877 548 1956 κυδομηθεῑσα,
570 1869 675 1948 καθυῖς
692 1876 725 1938 αί
735 1870 843 1956 ἡμέραν
858 1879 913 1938 τοιῖ
928 1875 1052 1950 αίοῖνσς,
1074 1869 1202 1954 άντήμαν
1214 1870 1318 1938 λοατδν
1332 1873 1381 1936 καῖ
1396 1868 1492 1936 άδιιί·

328 2001 444 2051 ειτοιτος
460 1977 610 2057 διαμένοι,
634 1974 679 2040 ότι
697 1973 739 2058 μὴ
756 1981 797 2062 τρῖ
814 1981 878 2063 θεῷ
901 1971 955 2056 τὴν
976 1979 1096 2058 λιθίνην
1118 1977 1215 2041 οίκίαν
1238 1978 1306 2040 1δεῖ
1324 1977 1494 2056 δείμασθαι

208 2114 260 2161 ηις.
272 2103 317 2151 εει.
330 2084 383 2142 τοῦ
398 2079 513 2158 Δαβῖδ,
536 2077 610 2159 μηδὲ
629 2074 668 2142 ῖν’
689 2080 720 2142 έν
740 2084 777 2167 τῇ
794 2081 925 2166 βασιλεία
948 2085 1008 2142 τοῖν
1029 2075 1166 2162 σύρανοῖν
1187 2079 1285 2142 οέκίαν
1305 2084 1357 2164 σγῇ
1377 2075 1494 2158 καλὴν,

329 2177 400 2246 &aad
416 2178 470 2262 τόν
491 2179 603 2264 σάρκα,
624 2177 658 2245 τό
677 2187 788 2262 σκῆνος
804 2187 857 2263 τῆς
876 2187 990 2263 ψυχῆς,
1012 2179 1050 2262 ἣν
1066 2178 1156 2258 αύτός
1171 2189 1237 2254 ταῖς
1259 2180 1365 2244 ἑαυτοῦ
1382 2181 1495 2260 χερσῖν

329 2281 510 2365 ἐτεκτήνατο.
554 2289 741 2348 Σκοντεῖσθαι
758 2285 792 2348 δέ
807 2305 853 2361 σε,
876 2275 901 2348 οῖ
922 2281 1078 2362 σοφώτατε
1090 2279 1275 2366 Ἀγλαοφῶν,
1298 2277 1403 2346 ούτασῖ
1417 2281 1495 2365 χρή.

331 2385 460 2462 Πάντας
482 2386 513 2450 δέ
536 2387 632 2476 βηῖστα
653 2384 778 2475 μαθήση
793 2391 899 2465 τοῦτο,
922 2382 974 2452 ἐάν
988 2387 1037 2450 ἐκεῖ
1058 2383 1113 2466 τὴν
1134 2390 1188 2450 τού
1205 2381 1363 2450 καθεύδειν
1381 2382 1496 2450 εἰκόνα

329 2488 470 2573 αρόςσγες
486 2490 536 2554 καῖ
553 2485 738 2554 άνίστασθαι.
770 2491 814 2554 El
826 2485 883 2574 γάρ
898 2486 933 2554 τό
949 2485 1068 2554 ύττνοῦν
1082 2485 1144 2552 άτιδ
1161 2493 1214 2553 τοῦ
1228 2487 1414 2572 ἐγρηγορέναι
1433 2491 1495 2552 καί

329 2589 363 2656 τό
384 2588 561 2656 άνίστασθαι
576 2587 636 2656 άττδ
654 2597 707 2656 τοῦ
721 2589 883 2658 καθεύδειν
904 2594 1029 2676 γίνεται,
1051 2591 1205 2655 καὶτοῦτο
1229 2587 1410 2664 άναστάσεας
1431 2591 1494 2655 καί

330 2691 466 2759 θανάτου
488 2694 602 2774 μελέτη,

543 2894 653 2986 ’Ὗιτνρο
674 2895 730 2982 γάρ
751 2897 803 2962 καί
822 2895 948 2988 θανάτῳ
970 2900 1146 2980 διδυμάοσιν
1165 2935 1208 2950 --
1230 2937 1281 2976 -,

332 2996 446 3083 άνάγκη
469 2996 507 3081 δὴ
528 3001 579 3066 καῖ
595 2999 627 3065 τό
647 2997 913 3083 ’άναβτοόσκεσθαι
931 2997 1005 3066 εῖναι
1022 3003 1054 3066 ἐκ
1073 3008 1128 3066 τοῦ
1140 2999 1299 3078 τεθνάναι,
1322 3002 1364 3076 είς
1381 2997 1415 3066 τό
1432 3007 1494 3082 ζῆν

331 3101 385 3184 τόν
404 3101 516 3186 σάρκα,
539 3105 619 3188 εῖιτερ
635 3104 687 3167 καί
705 3101 737 3168 τδ
755 3099 958 3188 άνεγείρεσθαι
972 3105 1006 3168 ἐκ
1022 3110 1082 3170 τοῖν
1096 3101 1313 3169 καθευδόντων.
1355 3100 1408 3178 Ὦς
1427 3103 1492 3188 γάρ

332 3207 365 3272 ἐκ
382 3211 435 3269 τοῦ
454 3205 614 3270 καθεύδειν
629 3201 662 3270 τό
679 3207 868 3290 ἐγρηγορέναι
882 3211 1006 3290 γίνεται,
1027 3207 1078 3270 καί
1095 3202 1132 3270 ού
1149 3203 1269 3281 πάντας
1289 3202 1308 3270 ό
1325 3204 1493 3271 καθεύδων

332 3309 364 3372 ἐν
387 3314 427 3394 τῷ
447 3304 527 3394 αύτῷ
548 3309 680 3390 διαμένει
703 3306 827 3391 σχήματι
848 3305 895 3374 άεῖ
917 3307 1092 3387 καθεύδων,
1120 3303 1194 3372 άῖῖά
1212 3300 1304 3384 αὖθις
1324 3305 1492 3387 άνίσταται,

332 3407 428 3484 οόττοε
445 3411 496 3474 καί
519 3407 552 3474 τό
579 3417 630 3491 ζῆν
653 3411 686 3476 ἐκ
708 3417 762 3476 τοῦ
785 3407 953 3477 άτιοθανεῖν
976 3409 1170 3493 συμβήσεται,
1201 3413 1253 3474 καί
1274 3409 1313 3475 ού
1329 3409 1448 3486 πάντας
1472 3407 1493 3476 ό

333 3509 514 3590 άνιοθανεῖν,
543 3510 664 3578 ἐπειδάν
688 3510 858 3591 άαοθοίνοι,
886 3514 919 3578 έν
941 3519 982 3600 τῷ
1007 3509 1086 3601 αύτῷ
1108 3513 1195 3595 μένεα
1239 3515 1281 3577 Et
1300 3510 1357 3598 γάρ
1378 3515 1413 3578 ἐκ
1431 3521 1492 3578 τοῦ

333 3622 500 3698 κοιμᾶσθαι
517 3613 550 3680 τό
569 3617 774 3701 ἐγρηγορέναι,
796 3616 848 3680 καῖ
865 3617 898 3680 έκ
912 3622 968 3680 τοῦ
985 3623 1084 3680 πεσεῖν
1100 3613 1134 3680 τό
1151 3611 1366 3701 άνεγερθῖγναι,
1388 3616 1439 3680 καί
1455 3619 1491 3681 ἐι

333 3725 387 3784 τοῦ
403 3721 627 3800 καταβίηθῆναι
640 3716 675 3784 ιδ
691 3715 978 3800 άνοικοδομηθῆναι,
999 3721 1043 3793 τίς
1059 3715 1174 3801 μηχανὴ
1189 3722 1239 3783 καί
1254 3721 1287 3783 ἐκ
1300 3725 1355 3783 τοῦ
1372 3719 1492 3783 κλιθέν-

333 3845 384 3896 τος
398 3817 439 3904 μὴ
455 3817 521 3902 ούγῖ
535 3824 706 3905 τιροςδοκιῖν
721 3818 755 3886 τδ
772 3817 1005 3903 ἀναστήσεσθαι,
1027 3821 1079 3885 καί
1096 3823 1130 3886 ἐκ
1145 3819 1293 3896 θανόντος
1308 3819 1342 3885 τδ
1362 3819 1491 3902 άναττη

334 3931 454 4001 σεσθαιγ
484 3924 545 3987 Καί
560 3921 616 4008 γάρ
632 3920 717 4005 ἡμεῖς
732 3927 824 3988 ταῦτα
839 3920 895 3989 ούκ
911 3921 1130 4005 ἐξανιστάμενοι
1146 3920 1355 4007 όμοίογοῢμεν,
1379 3925 1413 3988 ἐκ
1427 3930 1491 3988 τοῖν

333 4023 505 4091 τεθνεοῖτοον
527 4023 671 4108 σωμάτιον
694 4023 727 4092 τδ
754 4023 992 4109 άναβιοῖσκτσθαι
1016 4029 1196 4107 συμβαίνειν.
1240 4028 1301 4091 Καί
1328 4023 1371 4108 μὴ
1396 4024 1491 4107 μόνον

334 4135 432 4205 τοῦτο,
454 4132 481 4193 τέ
495 4127 610 4210 βούλει,
632 4125 692 4194 άαδ
707 4135 762 4194 τοῦ
776 4127 937 4203 καθεύδειν
951 4126 1056 4196 σκόπει
1072 4130 1124 4193 καί
1139 4125 1326 4206 άνίστασθαι,
1348 4125 1420 4192 άίῖά
1437 4129 1488 4192 καῖ

336 4225 395 4296 dmi
417 4237 476 4296 τοῖν
497 4229 671 4316 σπερμάτων
690 4232 740 4296 καί
756 4238 861 4311 φυτοῖν
878 4229 919 4307 τίς
940 4233 972 4298 ἐν
989 4239 1079 4298 τεοῖσιν
1101 4229 1203 4307 αύτοῖς
1220 4229 1240 4314 ἦ
1257 4228 1417 4307 άνάστασις
1436 4257 1489 4296 αα·

370 4452 428 4506 cn.
445 4453 536 4506 xm.
553 4481 587 4494 -
623 4457 644 4508 Ι.
661 4457 716 4522 δεῖ,
733 4455 797 4521 quod
812 4457 883 4520 αυῖρο
897 4457 1058 4521 desideratur,
1074 4461 1156 4524 τεμτιθ
1170 4473 1199 4510 κα
1212 4459 1325 4512 vocabulo
1341 4455 1488 4522 δείμασθαι.
