3128 4930
356 263 493 320 ernasto
510 263 575 317 ura.
592 263 625 316 rr.
643 263 724 318 root.
739 265 760 316 1.
777 260 876 314 nuru.
890 261 956 315 urs.
1171 247 1228 310 121

88 407 145 452 som
164 383 270 450 solaris
287 383 427 450 circuitus
442 385 585 450 beneficio
601 384 717 470 recipit.
761 381 840 448 Nam
858 381 888 446 iu
909 391 1063 465 angustum
1086 381 1232 460 toramen,

90 491 155 574 quod
169 489 204 552 ad
222 488 367 552 orientem
386 487 543 566 obversum
560 498 622 568 est,
647 486 766 551 subiens
783 506 851 551 sese
868 483 1042 569 comprimit,
1067 483 1162 570 pabuli
1178 500 1232 546 ex·

89 614 163 680 pers,
187 601 218 654 et
239 591 275 654 ad
294 591 439 654 orientem
458 590 632 676 respiciens.
678 589 791 654 Contra
810 587 941 652 haeresis
965 584 1022 652 ista
1044 585 1233 650 stoliditatem

90 696 193 780 quidem
210 693 240 757 in
257 693 393 758 omnibus
409 694 544 758 animatis
562 692 647 758 huius
669 691 825 777 exprimit,
849 692 927 776 quud
943 690 972 753 in
990 710 1026 753 eo
1043 709 1116 753 vero
1134 689 1233 752 deruda-

88 797 137 862 iiie
152 809 214 875 est,
240 816 278 859 ne
296 795 415 860 minime
436 795 551 880 quidem
571 817 610 859 ex
629 805 711 881 parte
729 794 853 858 obtinet.
899 790 992 877 igitur
1013 812 1087 876 quae
1108 813 1126 854 a
1149 791 1233 854 nubis

89 901 209 964 haeresis
227 903 337 961 luemtu
351 902 456 960 solorre
474 895 652 984 appellatur,
676 920 692 960 a
710 901 835 961 veritate
854 895 1022 982 proculcata
1040 894 1127 957 modo
1144 895 1233 957 retin-

14 1027 17 1038 ’
88 1015 192 1086 quatur,
218 1023 284 1066 cum
301 1001 371 1065 nihii
389 1001 532 1065 adversus
548 1000 675 1064 divinam
692 999 846 1064 veritatem
863 999 977 1062 edicere
993 995 1131 1082 potuerit.
1166 994 1232 1060 Nos

88 1103 194 1170 iuterim
216 1105 254 1169 ad
277 1103 368 1183 alias,
393 1115 425 1168 ut
446 1104 553 1168 dictum
576 1113 639 1183 est,
663 1103 895 1187 progrediamur.

298 1343 524 1422 CONTRA
556 1341 1020 1438 rnuonorlsrt0S,

373 1463 521 1540 haeresis
546 1463 727 1559 mlv,
751 1465 824 1542 sire
849 1463 942 1540 Ltv.

163 1617 341 1684 Theodotus
364 1617 470 1681 iterum
497 1618 687 1703 nescioquis
711 1618 848 1696 emersit,
872 1615 953 1681 reiut
977 1617 1122 1701 appendix
1146 1636 1234 1701 quae·
1252 1621 1313 1688 cup.
1331 1620 1352 1670 1.

87 1720 144 1784 dan
162 1721 242 1785 iliius
267 1719 399 1784 haeresis
422 1738 507 1806 quam
527 1720 690 1805 Alogorum
709 1720 827 1784 numine
845 1718 1135 1804 comprehendimus,
1159 1737 1234 1802 quae

86 1819 197 1887 loannis
217 1823 401 1907 evangelium
419 1835 449 1886 et
465 1825 549 1886 deum
572 1824 652 1887 iilum
670 1824 811 1901 verbum,
835 1823 910 1907 quod
931 1843 947 1884 a
968 1821 1110 1908 principio
1127 1821 1234 1884 ibidem
1355 1884 1363 1899 ,

85 1927 170 1990 tuisse
196 1927 321 2004 dieitur,
359 1945 413 1989 nce
438 1947 497 1990 nou
523 1937 553 1989 et
574 1925 775 2012 Apocalypsin
800 1925 922 2010 respuit.
974 1923 1034 1989 Sed
1060 1923 1234 1988 italiorum

83 2041 145 2094 ante
161 2037 457 2092 commemoratarum
480 2027 644 2092 haereseon
667 2028 879 2092 eonsuetudine
899 2047 969 2090 osus
988 2037 1035 2090 est
1050 2024 1233 2103 Theodotus,

83 2143 110 2196 et
124 2133 227 2196 eodem
243 2142 375 2217 tempore
393 2131 490 2212 vixit,
513 2143 600 2217 atque
616 2131 673 2196 iltis
689 2141 791 2217 postea
808 2130 969 2210 successit,
993 2151 1081 2215 aquo
1097 2126 1235 2191 Theodo-

84 2235 148 2298 tiani
167 2255 275 2324 nomeu
294 2244 484 2320 aeceperunt.
529 2231 590 2298 iam
606 2255 680 2298 vero
700 2234 777 2298 sitne
796 2233 881 2297 hodie
898 2243 1049 2318 superstes
1072 2230 1143 2295 iseo
1166 2231 1236 2296 hac·
1284 2309 1288 2316 ι

82 2339 152 2402 resis
173 2337 256 2423 piane
273 2336 438 2401 nescimus:
463 2357 537 2422 quae
556 2337 670 2422 quidem
688 2336 827 2401 librorum
842 2334 1038 2398 monumentis
1054 2334 1089 2398 ad
1106 2344 1235 2396 nostram

83 2439 251 2505 memoriam
274 2439 474 2507 commendata
497 2449 713 2524 pervenerunt,
738 2459 772 2502 aa
796 2437 990 2502 narrabimus.

166 2541 341 2608 Theodotus
360 2543 449 2626 igitur
464 2543 520 2606 iste
536 2539 685 2628 Byzantio
703 2525 860 2620 oriundus,
886 2560 960 2624 quae
982 2538 1067 2602 hodie
1086 2533 1236 2602 Constan-

83 2645 217 2733 tinopolis
235 2645 358 2725 dieitur,
382 2654 445 2709 arte
466 2644 610 2709 coriarius
628 2654 707 2722 erat,
732 2644 818 2707 dromo
833 2641 963 2729 apprime
980 2641 1073 2705 diteris
1090 2641 1233 2706 eruditos.

84 2747 137 2832 Qui
159 2769 225 2812 eum
253 2747 319 2812 aliis
343 2748 489 2834 plerisque
511 2747 631 2810 ineunte
652 2746 858 2833 persecutione
882 2746 1112 2831 comprehensus
1134 2741 1236 2829 (rp'uae-

84 2873 145 2915 nam
164 2872 240 2916 reru
258 2871 292 2914 eu
311 2851 478 2937 persecutio
495 2851 599 2928 fuerit,
624 2849 750 2914 nondum
768 2848 927 2934 comperi),
951 2849 1078 2911 sedtum
1097 2846 1133 2910 ab
1155 2847 1236 2911 urbis

83 2957 309 3038 praefectorum
327 2953 457 3039 pluribus
473 2963 638 3037 correptus,
660 2974 724 3016 cum
742 2952 778 3015 de
793 2951 929 3015 omnibus
945 2950 1079 3035 quaestio
1096 2950 1133 3014 ub
1148 2947 1237 3015 Chri·

82 3057 116 3120 sti
142 3077 252 3122 nomen
278 3056 453 3134 haberetur,
485 3055 576 3120 ceteri
602 3055 716 3140 quidem
744 3054 789 3118 dei
816 3055 915 3118 'tomuli
943 3063 1091 3140 reportata
1114 3051 1238 3116 victoria

83 3161 212 3225 coeleste
235 3159 395 3243 praemium
412 3160 563 3222 consecuti
580 3167 666 3236 suut,
697 3157 840 3244 martyrio
863 3179 915 3244 pro
936 3154 1057 3222 Christo
1079 3155 1236 3242 perfuncti.

85 3263 121 3328 dt
135 3263 187 3327 itte
204 3259 356 3328 Christum
376 3283 499 3345 urgens,
524 3271 583 3324 eta
600 3279 690 3344 scopo
708 3256 842 3324 veritatis
858 3260 1011 3336 excidens,
1032 3267 1238 3344 transgressor

84 3378 125 3430 est
141 3369 250 3430 iactus.
291 3360 357 3446 Qun
374 3383 462 3428 exre
479 3385 543 3426 eum
561 3363 668 3449 probro
684 3364 811 3427 omnium
830 3363 975 3448 appetitus
991 3361 1131 3445 pudorem
1149 3361 1237 3426 susti-

83 3489 152 3533 nere
170 3489 230 3532 nou
249 3476 367 3554 posset,
392 3467 494 3530 relicta
516 3465 609 3552 patria
628 3467 769 3552 profugus
788 3464 912 3530 Romam
936 3465 1103 3544 contendit,
1128 3474 1158 3527 et
1178 3463 1237 3527 illie

83 3571 235 3636 habitarit.
282 3566 390 3634 Sedet
409 3567 523 3634 Romae
538 3589 555 3632 a
572 3569 695 3654 quodam
714 3569 830 3653 agnitus
854 3568 883 3632 in
901 3569 1023 3633 eandem
1048 3565 1237 3652 ignominiam

82 3673 195 3755 incidit,
219 3695 286 3738 eum
304 3673 351 3757 qui
369 3672 449 3736 ilium
467 3671 503 3735 ob
517 3671 664 3756 insignem
682 3672 875 3735 eruditionem
893 3681 1049 3748 noverant,
1074 3671 1111 3734 oh
1127 3670 1154 3732 id
1170 3687 1236 3730 eum

83 3778 271 3856 incusarent,
295 3775 370 3860 quud
390 3775 475 3838 homo
491 3774 649 3838 excellenti
668 3774 799 3838 doctrina
816 3775 963 3860 praeditus
978 3795 994 3836 a
1011 3773 1135 3837 veritate
1156 3770 1237 3834 exci-

83 3881 184 3946 disset.
232 3877 334 3963 Quare
359 3878 394 3941 ad
416 3879 460 3942 sui
486 3877 707 3942 excusationem
723 3899 830 3941 vanum
847 3878 953 3961 dogma
975 3884 1156 3939 conumentus
1179 3883 1236 3952 est,

84 3995 170 4068 atque
191 3984 234 4046 ita
258 3983 368 4046 iactare
390 3981 496 4067 coepit.
542 3979 626 4066 Ego,
651 3981 760 4066 iuquit,
785 4000 842 4044 uon
861 3983 945 4043 dcurn
964 3980 1086 4060 negaui,
1110 3978 1161 4045 sed
1186 3977 1237 4040 iro·

83 4087 202 4149 minem.
242 4081 444 4172 iuterrogatus
460 4105 543 4170 quem
560 4085 674 4148 demum
692 4083 848 4160 homiuem,
871 4079 1033 4156 Christum,
1057 4080 1161 4165 inquit,
1185 4079 1238 4143 iro-
1333 4079 1337 4088 '

83 4189 190 4253 minem
214 4187 332 4273 negari.
378 4187 456 4252 ilino
481 4189 692 4273 praedicandae
715 4185 805 4249 falsae
830 4183 915 4249 huius
935 4182 1081 4270 opinionis
1104 4183 1237 4248 occasio·

117 4377 144 4430 2
161 4375 186 4430 ds
201 4373 281 4446 ὁποίῳ
296 4376 403 4447 διωγμῷ
417 4377 588 4428 rescribendum
596 4389 644 4428 esse
711 4373 735 4427 3.
755 4371 917 4442 ἐγκαλεῖσθαι
939 4375 1050 4436 rescripsi
1072 4389 1126 4424 eum
1142 4377 1239 4426 Petreio

84 4449 207 4498 ricemer
218 4449 330 4509 recuro,
345 4461 393 4497 nun
407 4447 550 4507 advertenti,
567 4448 645 4508 suspt-
676 4459 721 4510 pro
738 4441 916 4509 ἐκκαλεῖσθαι,
933 4443 996 4507 quod
1011 4445 1082 4506 nutpo
1099 4447 1170 4493 estet.

85 4529 142 4579 eor,
158 4517 216 4568 ittod
230 4515 269 4584 τῷ
282 4529 327 4578 nro
342 4513 391 4575 rint
407 4527 455 4570 esse
470 4515 580 4578 pesitum
712 4513 736 4564 4.
756 4514 830 4576 Vutpo
846 4513 909 4576 πῶς.
945 4513 1014 4576 Quod
1029 4512 1088 4574 ferri
1102 4514 1184 4574 potest
