<?xml version="1.0" encoding="UTF-8"?>
<!DOCTYPE html PUBLIC "-//W3C//DTD XHTML 1.0 Transitional//EN"
    "http://www.w3.org/TR/xhtml1/DTD/xhtml1-transitional.dtd">
<html xmlns="http://www.w3.org/1999/xhtml" xml:lang="en" lang="en">
 <head>
  <title>
</title>
<meta http-equiv="Content-Type" content="text/html;charset=utf-8" />
  <meta name='ocr-system' content='tesseract 3.04.00' />
  <meta name='ocr-capabilities' content='ocr_page ocr_carea ocr_par ocr_line ocrx_word'/>
</head>
<body>
  <div class='ocr_page' id='page_1' title='image "./corporishaerese02oehlgoog_0325.png"; bbox 0 0 3176 4930; ppageno 0'>
   <div class='ocr_carea' id='block_1_1' title="bbox 338 207 1070 273">
    <p class='ocr_par' dir='ltr' id='par_1_1' title="bbox 338 207 1070 273">
     <span class='ocr_line' id='line_1_1' title="bbox 338 207 1070 273; baseline 0.001 -2"><span class='ocrx_word' id='word_1_1' title='bbox 338 207 401 272; x_wconf 80' lang='lat'><strong><em>³04</em></strong></span> <span class='ocrx_word' id='word_1_2' title='bbox 758 219 882 272; x_wconf 78' lang='grc' dir='ltr'><strong><em>εινοτι</em></strong></span> <span class='ocrx_word' id='word_1_3' title='bbox 899 221 1070 273; x_wconf 74' lang='grc' dir='ltr'><strong><em>τοιουτου</em></strong></span> 
     </span>
    </p>
   </div>
   <div class='ocr_carea' id='block_1_2' title="bbox 211 331 1574 3302">
    <p class='ocr_par' dir='ltr' id='par_1_2' title="bbox 337 331 1489 422">
     <span class='ocr_line' id='line_1_2' title="bbox 337 331 1489 422; baseline 0 -21"><span class='ocrx_word' id='word_1_4' title='bbox 337 333 545 421; x_wconf 85' lang='grc' dir='ltr'><strong><em>διαλεγόμενος</em></strong></span> <span class='ocrx_word' id='word_1_5' title='bbox 562 331 748 419; x_wconf 76' lang='grc' dir='ltr'><strong><em>πραγμύτων.</em></strong></span> <span class='ocrx_word' id='word_1_6' title='bbox 795 333 919 422; x_wconf 86' lang='grc' dir='ltr'><strong><em>Φρόσας</em></strong></span> <span class='ocrx_word' id='word_1_7' title='bbox 939 333 996 421; x_wconf 83' lang='grc' dir='ltr'><strong><em>γόρ</em></strong></span> <span class='ocrx_word' id='word_1_8' title='bbox 1013 333 1233 420; x_wconf 71' lang='grc' dir='ltr'><strong><em>ἀποφήνασθαι</em></strong></span> <span class='ocrx_word' id='word_1_9' title='bbox 1251 333 1305 404; x_wconf 86' lang='grc' dir='ltr'><strong><em>τόν</em></strong></span> <span class='ocrx_word' id='word_1_10' title='bbox 1324 333 1430 421; x_wconf 86' lang='grc' dir='ltr'><strong><em>κύριον</em></strong></span> <span class='ocrx_word' id='word_1_11' title='bbox 1450 331 1489 412; x_wconf 83' lang='grc' dir='ltr'><strong><em>ῶς</em></strong></span> 
     </span>
    </p>

    <p class='ocr_par' dir='ltr' id='par_1_3' title="bbox 339 435 1489 525">
     <span class='ocr_line' id='line_1_3' title="bbox 339 435 1489 525; baseline 0.002 -23"><span class='ocrx_word' id='word_1_12' title='bbox 339 441 372 502; x_wconf 88' lang='grc' dir='ltr'><strong><em>οί</em></strong></span> <span class='ocrx_word' id='word_1_13' title='bbox 391 445 445 520; x_wconf 83' lang='grc' dir='ltr'><strong><em>τῆς</em></strong></span> <span class='ocrx_word' id='word_1_14' title='bbox 467 435 651 512; x_wconf 84' lang='grc' dir='ltr'><strong><em>όναστόσεως</em></strong></span> <span class='ocrx_word' id='word_1_15' title='bbox 671 435 837 519; x_wconf 77' lang='grc' dir='ltr'><strong><em>τευξόμενοι</em></strong></span> <span class='ocrx_word' id='word_1_16' title='bbox 860 441 974 506; x_wconf 81' lang='grc' dir='ltr'><strong><em>ἔσονται</em></strong></span> <span class='ocrx_word' id='word_1_17' title='bbox 994 442 1059 506; x_wconf 90' lang='grc' dir='ltr'><strong><em>τότε</em></strong></span> <span class='ocrx_word' id='word_1_18' title='bbox 1077 437 1119 516; x_wconf 86' lang='grc' dir='ltr'><strong><em>ῶς</em></strong></span> <span class='ocrx_word' id='word_1_19' title='bbox 1139 437 1270 525; x_wconf 73' lang='grc' dir='ltr'><strong><em>ἄγγελοι,</em></strong></span> <span class='ocrx_word' id='word_1_20' title='bbox 1292 441 1370 506; x_wconf 84' lang='grc' dir='ltr'><strong><em>ἐνθα</em></strong></span> <span class='ocrx_word' id='word_1_21' title='bbox 1390 437 1489 524; x_wconf 81' lang='grc' dir='ltr'><strong><em>πετρό-</em></strong></span> 
     </span>
    </p>

    <p class='ocr_par' dir='ltr' id='par_1_4' title="bbox 238 537 1574 728">
     <span class='ocr_line' id='line_1_4' title="bbox 337 537 1489 628; baseline 0 -22"><span class='ocrx_word' id='word_1_22' title='bbox 337 547 436 619; x_wconf 86' lang='grc' dir='ltr'><strong><em>ζουσιν</em></strong></span> <span class='ocrx_word' id='word_1_23' title='bbox 459 537 550 606; x_wconf 85' lang='grc' dir='ltr'><strong><em>αύτδν</em></strong></span> <span class='ocrx_word' id='word_1_24' title='bbox 566 539 597 604; x_wconf 85' lang='grc' dir='ltr'><strong><em>οί</em></strong></span> <span class='ocrx_word' id='word_1_25' title='bbox 613 543 829 620; x_wconf 77' lang='grc' dir='ltr'><strong>Σαδδουκαῖοι,</strong></span> <span class='ocrx_word' id='word_1_26' title='bbox 853 543 1035 625; x_wconf 68' lang='grc' dir='ltr'><strong><em>’ἐπέφερες,</em></strong></span> <span class='ocrx_word' id='word_1_27' title='bbox 1061 545 1101 608; x_wconf 70' lang='lat' dir='ltr'><strong><em>oi</em></strong></span> <span class='ocrx_word' id='word_1_28' title='bbox 1119 543 1152 608; x_wconf 85' lang='grc' dir='ltr'><strong><em>δέ</em></strong></span> <span class='ocrx_word' id='word_1_29' title='bbox 1166 541 1282 628; x_wconf 72' lang='grc' dir='ltr'><strong><em>ἄγγελοι</em></strong></span> <span class='ocrx_word' id='word_1_30' title='bbox 1303 540 1389 618; x_wconf 79' lang='grc' dir='ltr'><strong><em>ἐντός</em></strong></span> <span class='ocrx_word' id='word_1_31' title='bbox 1410 540 1489 618; x_wconf 88' lang='grc' dir='ltr'><strong><em>δντες</em></strong></span> 
     </span>
     <span class='ocr_line' id='line_1_5' title="bbox 238 639 1574 728; baseline -0.002 -21"><span class='ocrx_word' id='word_1_32' title='bbox 238 721 240 728; x_wconf 21' lang='lat'><strong>¹</strong></span> <span class='ocrx_word' id='word_1_33' title='bbox 338 641 446 728; x_wconf 88' lang='grc' dir='ltr'><strong><em>σαρκός</em></strong></span> <span class='ocrx_word' id='word_1_34' title='bbox 461 645 494 708; x_wconf 77' lang='grc' dir='ltr'><strong><em>ἐν</em></strong></span> <span class='ocrx_word' id='word_1_35' title='bbox 511 643 726 726; x_wconf 77' lang='grc' dir='ltr'><strong><em>μακαριότητος</em></strong></span> <span class='ocrx_word' id='word_1_36' title='bbox 742 639 883 727; x_wconf 83' lang='grc' dir='ltr'><strong><em>όκρότητι</em></strong></span> <span class='ocrx_word' id='word_1_37' title='bbox 900 642 951 708; x_wconf 82' lang='grc' dir='ltr'><strong><em>διό</em></strong></span> <span class='ocrx_word' id='word_1_38' title='bbox 964 653 1054 711; x_wconf 76' lang='grc' dir='ltr'><strong><em>τοῦτο</em></strong></span> <span class='ocrx_word' id='word_1_39' title='bbox 1068 648 1120 712; x_wconf 83' lang='grc' dir='ltr'><strong><em>ιιαλ</em></strong></span> <span class='ocrx_word' id='word_1_40' title='bbox 1139 644 1229 727; x_wconf 80' lang='grc' dir='ltr'><strong><em>δόξης</em></strong></span> <span class='ocrx_word' id='word_1_41' title='bbox 1245 647 1316 723; x_wconf 84' lang='grc' dir='ltr'><strong><em>εἰσλ,</em></strong></span> <span class='ocrx_word' id='word_1_42' title='bbox 1341 647 1393 710; x_wconf 86' lang='grc' dir='ltr'><strong><em>καλ</em></strong></span> <span class='ocrx_word' id='word_1_43' title='bbox 1414 641 1490 726; x_wconf 73' lang='grc' dir='ltr'><strong><em>ἡμᾶς</em></strong></span> <span class='ocrx_word' id='word_1_44' title='bbox 1573 697 1574 704; x_wconf 72' lang='grc'><strong><em>,</em></strong></span> 
     </span>
    </p>

    <p class='ocr_par' dir='ltr' id='par_1_5' title="bbox 211 731 1574 3302">
     <span class='ocr_line' id='line_1_6' title="bbox 337 731 1574 834; baseline 0 -24"><span class='ocrx_word' id='word_1_45' title='bbox 337 745 370 810; x_wconf 88' lang='grc' dir='ltr'><strong><em>δέ</em></strong></span> <span class='ocrx_word' id='word_1_46' title='bbox 390 742 464 830; x_wconf 81' lang='grc' dir='ltr'><strong><em>δι’ρα,</em></strong></span> <span class='ocrx_word' id='word_1_47' title='bbox 491 744 696 824; x_wconf 62' lang='grc' dir='ltr'><strong><em>8ἐξετάζεσθαι</em></strong></span> <span class='ocrx_word' id='word_1_48' title='bbox 715 747 869 827; x_wconf 80' lang='grc' dir='ltr'><strong><em>μέλλοντας</em></strong></span> <span class='ocrx_word' id='word_1_49' title='bbox 894 743 1041 832; x_wconf 84' lang='grc' dir='ltr'><strong><em>όγγέλοις,</em></strong></span> <span class='ocrx_word' id='word_1_50' title='bbox 1063 746 1178 834; x_wconf 83' lang='grc' dir='ltr'><strong><em>όνύγκη</em></strong></span> <span class='ocrx_word' id='word_1_51' title='bbox 1202 747 1240 831; x_wconf 76' lang='grc' dir='ltr'><em>δὴ</em></span> <span class='ocrx_word' id='word_1_52' title='bbox 1258 754 1376 832; x_wconf 81' lang='grc' dir='ltr'><strong><em>σαρκῶν</em></strong></span> <span class='ocrx_word' id='word_1_53' title='bbox 1397 744 1489 824; x_wconf 90' lang='grc' dir='ltr'><strong><em>ῶςαύ-</em></strong></span> <span class='ocrx_word' id='word_1_54' title='bbox 1573 731 1574 810; x_wconf 64' lang='grc' dir='ltr'><strong><em>ί</em></strong></span> 
     </span>
     <span class='ocr_line' id='line_1_7' title="bbox 335 841 1489 935; baseline 0.001 -23"><span class='ocrx_word' id='word_1_55' title='bbox 335 875 395 926; x_wconf 88' lang='grc' dir='ltr'><strong><em>τως</em></strong></span> <span class='ocrx_word' id='word_1_56' title='bbox 409 849 533 924; x_wconf 81' lang='grc' dir='ltr'><strong><em>ἐκείνοις</em></strong></span> <span class='ocrx_word' id='word_1_57' title='bbox 549 845 681 934; x_wconf 87' lang='grc' dir='ltr'><strong><em>γυμνούς</em></strong></span> <span class='ocrx_word' id='word_1_58' title='bbox 699 849 845 913; x_wconf 59' lang='grc' dir='ltr'><strong><em>ἐίσεσθαι</em></strong></span> <span class='ocrx_word' id='word_1_59' title='bbox 864 852 939 913; x_wconf 88' lang='grc' dir='ltr'><strong><em>δεῖν·</em></strong></span> <span class='ocrx_word' id='word_1_60' title='bbox 963 847 1019 916; x_wconf 86' lang='grc' dir='ltr'><strong><em>ούκ</em></strong></span> <span class='ocrx_word' id='word_1_61' title='bbox 1035 849 1211 934; x_wconf 72' lang='grc' dir='ltr'><strong><em>ἐπιστήσας,</em></strong></span> <span class='ocrx_word' id='word_1_62' title='bbox 1233 841 1394 935; x_wconf 75' lang='grc' dir='ltr'><strong><em>ῶόὶρισεε,</em></strong></span> <span class='ocrx_word' id='word_1_63' title='bbox 1411 845 1453 925; x_wconf 80' lang='grc' dir='ltr'><strong><em>ῶς</em></strong></span> <span class='ocrx_word' id='word_1_64' title='bbox 1472 846 1489 913; x_wconf 86' lang='grc' dir='ltr'><strong><em>ό</em></strong></span> 
     </span>
     <span class='ocr_line' id='line_1_8' title="bbox 337 947 1574 1036; baseline 0.004 -19"><span class='ocrx_word' id='word_1_65' title='bbox 337 949 466 1034; x_wconf 78' lang='grc' dir='ltr'><strong><em>ποιήσας</em></strong></span> <span class='ocrx_word' id='word_1_66' title='bbox 483 953 535 1016; x_wconf 83' lang='grc' dir='ltr'><strong><em>καὶ</em></strong></span> <span class='ocrx_word' id='word_1_67' title='bbox 558 947 757 1032; x_wconf 76' lang='grc' dir='ltr'><strong><em>διακοσμήσας</em></strong></span> <span class='ocrx_word' id='word_1_68' title='bbox 783 953 812 1028; x_wconf 81' lang='grc' dir='ltr'><strong><em>ἐξ</em></strong></span> <span class='ocrx_word' id='word_1_69' title='bbox 838 947 894 1016; x_wconf 89' lang='grc' dir='ltr'><strong><em>ούκ</em></strong></span> <span class='ocrx_word' id='word_1_70' title='bbox 915 949 1011 1018; x_wconf 87' lang='grc' dir='ltr'><strong><em>όντων</em></strong></span> <span class='ocrx_word' id='word_1_71' title='bbox 1033 950 1069 1018; x_wconf 85' lang='grc' dir='ltr'><strong><em>τό</em></strong></span> <span class='ocrx_word' id='word_1_72' title='bbox 1091 960 1153 1020; x_wconf 82' lang='grc' dir='ltr'><strong><em>πᾶν</em></strong></span> <span class='ocrx_word' id='word_1_73' title='bbox 1174 953 1306 1036; x_wconf 76' lang='grc' dir='ltr'><strong><em>τὴντῶν</em></strong></span> <span class='ocrx_word' id='word_1_74' title='bbox 1330 951 1489 1018; x_wconf 83' lang='grc' dir='ltr'><strong><em>όθανότων</em></strong></span> <span class='ocrx_word' id='word_1_75' title='bbox 1573 973 1574 1022; x_wconf 71' lang='grc' dir='ltr'><strong><em>λ</em></strong></span> 
     </span>
     <span class='ocr_line' id='line_1_9' title="bbox 336 1050 1487 1142; baseline 0 -22"><span class='ocrx_word' id='word_1_76' title='bbox 336 1054 427 1137; x_wconf 84' lang='grc' dir='ltr'><strong><em>φύσιν</em></strong></span> <span class='ocrx_word' id='word_1_77' title='bbox 451 1051 488 1120; x_wconf 85' lang='grc' dir='ltr'><strong><em>ού</em></strong></span> <span class='ocrx_word' id='word_1_78' title='bbox 504 1051 598 1136; x_wconf 91' lang='grc' dir='ltr'><strong><em>μόνον</em></strong></span> <span class='ocrx_word' id='word_1_79' title='bbox 614 1055 655 1128; x_wconf 89' lang='grc' dir='ltr'><strong><em>εἰς</em></strong></span> <span class='ocrx_word' id='word_1_80' title='bbox 674 1050 813 1138; x_wconf 82' lang='grc' dir='ltr'><strong><em>όγγίλους</em></strong></span> <span class='ocrx_word' id='word_1_81' title='bbox 833 1056 884 1118; x_wconf 88' lang='grc' dir='ltr'><strong><em>καλ</em></strong></span> <span class='ocrx_word' id='word_1_82' title='bbox 905 1053 1094 1142; x_wconf 83' lang='grc' dir='ltr'><strong><em>λειτουργούς</em></strong></span> <span class='ocrx_word' id='word_1_83' title='bbox 1117 1060 1268 1139; x_wconf 72' lang='grc' dir='ltr'><strong><em>διανείμας</em></strong></span> <span class='ocrx_word' id='word_1_84' title='bbox 1288 1053 1487 1138; x_wconf 83' lang='grc' dir='ltr'><strong><em>διεκόσμησεν,</em></strong></span> 
     </span>
     <span class='ocr_line' id='line_1_10' title="bbox 337 1152 1574 1254; baseline -0.002 -30"><span class='ocrx_word' id='word_1_85' title='bbox 337 1156 408 1224; x_wconf 82' lang='grc' dir='ltr'><strong><em>όλλό</em></strong></span> <span class='ocrx_word' id='word_1_86' title='bbox 423 1157 475 1224; x_wconf 85' lang='grc' dir='ltr'><strong><em>καλ</em></strong></span> <span class='ocrx_word' id='word_1_87' title='bbox 489 1159 532 1232; x_wconf 91' lang='grc' dir='ltr'><strong><em>εἰς</em></strong></span> <span class='ocrx_word' id='word_1_88' title='bbox 548 1152 638 1239; x_wconf 80' lang='grc' dir='ltr'><strong><em>όργός</em></strong></span> <span class='ocrx_word' id='word_1_89' title='bbox 652 1157 703 1220; x_wconf 88' lang='grc' dir='ltr'><strong><em>καλ</em></strong></span> <span class='ocrx_word' id='word_1_90' title='bbox 717 1153 852 1240; x_wconf 78' lang='grc' dir='ltr'><strong><em>θρόνους</em></strong></span> <span class='ocrx_word' id='word_1_91' title='bbox 865 1158 916 1221; x_wconf 87' lang='grc' dir='ltr'><strong><em>καλ</em></strong></span> <span class='ocrx_word' id='word_1_92' title='bbox 933 1159 1074 1235; x_wconf 83' lang='grc' dir='ltr'><strong><em>ἐξουσίας.</em></strong></span> <span class='ocrx_word' id='word_1_93' title='bbox 1110 1155 1199 1228; x_wconf 74' lang='grc' dir='ltr'><strong><em>’Ἄλλο</em></strong></span> <span class='ocrx_word' id='word_1_94' title='bbox 1211 1157 1268 1246; x_wconf 79' lang='grc' dir='ltr'><strong><em>γόρ</em></strong></span> <span class='ocrx_word' id='word_1_95' title='bbox 1285 1160 1369 1244; x_wconf 73' lang='grc' dir='ltr'><strong><em>γένος</em></strong></span> <span class='ocrx_word' id='word_1_96' title='bbox 1381 1156 1415 1224; x_wconf 85' lang='grc' dir='ltr'><strong><em>τό</em></strong></span> <span class='ocrx_word' id='word_1_97' title='bbox 1432 1164 1488 1224; x_wconf 82' lang='grc' dir='ltr'><strong><em>τῶν</em></strong></span> <span class='ocrx_word' id='word_1_98' title='bbox 1573 1215 1574 1254; x_wconf 74' lang='grc'><strong><em>,</em></strong></span> 
     </span>
     <span class='ocr_line' id='line_1_11' title="bbox 336 1255 1488 1348; baseline -0.002 -20"><span class='ocrx_word' id='word_1_99' title='bbox 336 1259 450 1348; x_wconf 82' lang='grc' dir='ltr'><strong><em>όρχῶυ,</em></strong></span> <span class='ocrx_word' id='word_1_100' title='bbox 472 1261 524 1324; x_wconf 85' lang='grc' dir='ltr'><strong><em>καλ</em></strong></span> <span class='ocrx_word' id='word_1_101' title='bbox 543 1255 609 1324; x_wconf 72' lang='grc' dir='ltr'><strong><em>ἄλλο</em></strong></span> <span class='ocrx_word' id='word_1_102' title='bbox 626 1256 658 1322; x_wconf 88' lang='grc' dir='ltr'><strong><em>τό</em></strong></span> <span class='ocrx_word' id='word_1_103' title='bbox 681 1265 763 1324; x_wconf 68' lang='grc' dir='ltr'><strong><em>ὃτῶν</em></strong></span> <span class='ocrx_word' id='word_1_104' title='bbox 783 1259 938 1339; x_wconf 81' lang='grc' dir='ltr'><strong><em>ἐξουσιῶν,</em></strong></span> <span class='ocrx_word' id='word_1_105' title='bbox 960 1259 1007 1326; x_wconf 82' lang='grc' dir='ltr'><strong><em>ότι</em></strong></span> <span class='ocrx_word' id='word_1_106' title='bbox 1024 1259 1066 1344; x_wconf 69' lang='grc' dir='ltr'><strong><em>μὴ</em></strong></span> <span class='ocrx_word' id='word_1_107' title='bbox 1084 1259 1179 1346; x_wconf 87' lang='grc' dir='ltr'><strong><em>τόγμα</em></strong></span> <span class='ocrx_word' id='word_1_108' title='bbox 1195 1265 1231 1326; x_wconf 76' lang='grc' dir='ltr'><strong><em>ἐν</em></strong></span> <span class='ocrx_word' id='word_1_109' title='bbox 1249 1264 1302 1327; x_wconf 86' lang='grc' dir='ltr'><strong><em>καλ</em></strong></span> <span class='ocrx_word' id='word_1_110' title='bbox 1316 1266 1370 1342; x_wconf 88' lang='grc' dir='ltr'><strong><em>μία</em></strong></span> <span class='ocrx_word' id='word_1_111' title='bbox 1384 1259 1488 1326; x_wconf 83' lang='grc' dir='ltr'><strong><em>σύστα·</em></strong></span> 
     </span>
     <span class='ocr_line' id='line_1_12' title="bbox 335 1356 1574 1449; baseline -0.002 -19"><span class='ocrx_word' id='word_1_112' title='bbox 335 1387 383 1442; x_wconf 89' lang='grc' dir='ltr'><strong><em>σις</em></strong></span> <span class='ocrx_word' id='word_1_113' title='bbox 397 1365 450 1430; x_wconf 88' lang='grc' dir='ltr'><strong><em>καλ</em></strong></span> <span class='ocrx_word' id='word_1_114' title='bbox 464 1359 545 1444; x_wconf 74' lang='grc' dir='ltr'><strong><em>φυλὴ</em></strong></span> <span class='ocrx_word' id='word_1_115' title='bbox 558 1364 610 1427; x_wconf 89' lang='grc' dir='ltr'><strong><em>καλ</em></strong></span> <span class='ocrx_word' id='word_1_116' title='bbox 622 1358 731 1447; x_wconf 81' lang='grc' dir='ltr'><strong><em>πατριδ</em></strong></span> <span class='ocrx_word' id='word_1_117' title='bbox 746 1367 806 1426; x_wconf 86' lang='grc' dir='ltr'><strong><em>τῶν</em></strong></span> <span class='ocrx_word' id='word_1_118' title='bbox 822 1356 992 1441; x_wconf 82' lang='grc' dir='ltr'><strong><em>οἰθανῶτοιν,</em></strong></span> <span class='ocrx_word' id='word_1_119' title='bbox 1016 1361 1087 1428; x_wconf 79' lang='grc' dir='ltr'><strong><em>όλλό</em></strong></span> <span class='ocrx_word' id='word_1_120' title='bbox 1102 1365 1173 1449; x_wconf 79' lang='grc' dir='ltr'><strong><em>γένη</em></strong></span> <span class='ocrx_word' id='word_1_121' title='bbox 1189 1365 1240 1430; x_wconf 84' lang='grc' dir='ltr'><strong><em>καλ</em></strong></span> <span class='ocrx_word' id='word_1_122' title='bbox 1257 1365 1349 1446; x_wconf 79' lang='grc' dir='ltr'><strong><em>φυλαὶ</em></strong></span> <span class='ocrx_word' id='word_1_123' title='bbox 1360 1365 1413 1429; x_wconf 84' lang='grc' dir='ltr'><strong><em>καλ</em></strong></span> <span class='ocrx_word' id='word_1_124' title='bbox 1429 1367 1487 1428; x_wconf 86' lang='grc' dir='ltr'><strong><em>δια-</em></strong></span> <span class='ocrx_word' id='word_1_125' title='bbox 1573 1369 1574 1410; x_wconf 71' lang='grc' dir='ltr'><strong><em>ί</em></strong></span> 
     </span>
     <span class='ocr_line' id='line_1_13' title="bbox 338 1459 1488 1554; baseline -0.003 -20"><span class='ocrx_word' id='word_1_126' title='bbox 338 1471 439 1554; x_wconf 84' lang='grc' dir='ltr'><strong><em>φοραί.</em></strong></span> <span class='ocrx_word' id='word_1_127' title='bbox 483 1466 546 1530; x_wconf 66' lang='lat' dir='ltr'><strong><em>Kal</em></strong></span> <span class='ocrx_word' id='word_1_128' title='bbox 563 1463 631 1532; x_wconf 86' lang='grc' dir='ltr'><strong><em>ούτε</em></strong></span> <span class='ocrx_word' id='word_1_129' title='bbox 647 1459 683 1528; x_wconf 85' lang='grc' dir='ltr'><strong><em>τό</em></strong></span> <span class='ocrx_word' id='word_1_130' title='bbox 702 1465 856 1548; x_wconf 74' lang='grc' dir='ltr'><strong><em>Χερουβὶμ</em></strong></span> <span class='ocrx_word' id='word_1_131' title='bbox 873 1471 926 1548; x_wconf 84' lang='grc' dir='ltr'><strong><em>τῆς</em></strong></span> <span class='ocrx_word' id='word_1_132' title='bbox 948 1468 1025 1542; x_wconf 88' lang='grc' dir='ltr'><strong><em>ἰδίας</em></strong></span> <span class='ocrx_word' id='word_1_133' title='bbox 1041 1464 1211 1548; x_wconf 77' lang='grc' dir='ltr'><strong><em>ἐξιστάμενοι</em></strong></span> <span class='ocrx_word' id='word_1_134' title='bbox 1233 1465 1352 1548; x_wconf 85' lang='grc' dir='ltr'><strong><em>φύσεως</em></strong></span> <span class='ocrx_word' id='word_1_135' title='bbox 1372 1468 1416 1544; x_wconf 91' lang='grc' dir='ltr'><strong><em>εἰς</em></strong></span> <span class='ocrx_word' id='word_1_136' title='bbox 1436 1463 1488 1549; x_wconf 76' lang='grc' dir='ltr'><strong><em>την</em></strong></span> 
     </span>
     <span class='ocr_line' id='line_1_14' title="bbox 335 1565 1487 1655; baseline -0.003 -20"><span class='ocrx_word' id='word_1_137' title='bbox 335 1576 395 1636; x_wconf 84' lang='grc' dir='ltr'><strong><em>τῶν</em></strong></span> <span class='ocrx_word' id='word_1_138' title='bbox 410 1567 539 1654; x_wconf 83' lang='grc' dir='ltr'><strong><em>όγγέλων</em></strong></span> <span class='ocrx_word' id='word_1_139' title='bbox 559 1567 640 1634; x_wconf 78' lang='grc' dir='ltr'><strong><em>ἰδίαν</em></strong></span> <span class='ocrx_word' id='word_1_140' title='bbox 661 1565 936 1648; x_wconf 74' lang='grc' dir='ltr'><strong><em>μετασκενόζονται,</em></strong></span> <span class='ocrx_word' id='word_1_141' title='bbox 962 1565 1053 1634; x_wconf 69' lang='grc' dir='ltr'><strong><em>6ούτε</em></strong></span> <span class='ocrx_word' id='word_1_142' title='bbox 1069 1571 1111 1645; x_wconf 86' lang='grc' dir='ltr'><strong><em>εἰς</em></strong></span> <span class='ocrx_word' id='word_1_143' title='bbox 1128 1570 1235 1654; x_wconf 78' lang='grc' dir='ltr'><strong><em>ἐτέρων</em></strong></span> <span class='ocrx_word' id='word_1_144' title='bbox 1256 1568 1345 1634; x_wconf 77' lang='grc' dir='ltr'><strong><em>πόλιν</em></strong></span> <span class='ocrx_word' id='word_1_145' title='bbox 1360 1573 1392 1634; x_wconf 80' lang='grc' dir='ltr'><strong><em>ολ</em></strong></span> <span class='ocrx_word' id='word_1_146' title='bbox 1406 1567 1487 1655; x_wconf 76' lang='grc' dir='ltr'><strong><em>όγγε·</em></strong></span> 
     </span>
     <span class='ocr_line' id='line_1_15' title="bbox 335 1667 1488 1758; baseline -0.002 -20"><span class='ocrx_word' id='word_1_147' title='bbox 335 1681 389 1738; x_wconf 90' lang='grc' dir='ltr'><strong><em>λοι.</em></strong></span> <span class='ocrx_word' id='word_1_148' title='bbox 435 1669 525 1736; x_wconf 81' lang='grc' dir='ltr'><strong><em>Εἶναι</em></strong></span> <span class='ocrx_word' id='word_1_149' title='bbox 540 1668 596 1755; x_wconf 72' lang='grc' dir='ltr'><strong><em>γὰρ</em></strong></span> <span class='ocrx_word' id='word_1_150' title='bbox 613 1668 689 1733; x_wconf 78' lang='grc' dir='ltr'><strong><em>αὐτό</em></strong></span> <span class='ocrx_word' id='word_1_151' title='bbox 710 1667 767 1754; x_wconf 74' lang='grc' dir='ltr'><strong><em>χρὴ</em></strong></span> <span class='ocrx_word' id='word_1_152' title='bbox 783 1667 867 1736; x_wconf 79' lang='grc' dir='ltr'><strong><em>καλό</em></strong></span> <span class='ocrx_word' id='word_1_153' title='bbox 885 1673 939 1734; x_wconf 89' lang='grc' dir='ltr'><strong><em>είσι</em></strong></span> <span class='ocrx_word' id='word_1_154' title='bbox 956 1671 1005 1735; x_wconf 85' lang='grc' dir='ltr'><strong><em>καλ</em></strong></span> <span class='ocrx_word' id='word_1_155' title='bbox 1021 1669 1039 1736; x_wconf 83' lang='grc' dir='ltr'><strong><em>δ</em></strong></span> <span class='ocrx_word' id='word_1_156' title='bbox 1057 1669 1219 1758; x_wconf 89' lang='grc' dir='ltr'><strong><em>γεγόνασιν.</em></strong></span> <span class='ocrx_word' id='word_1_157' title='bbox 1266 1669 1376 1755; x_wconf 71' lang='grc' dir='ltr'><strong><em>7Ἀτῶρ</em></strong></span> <span class='ocrx_word' id='word_1_158' title='bbox 1398 1674 1451 1738; x_wconf 89' lang='grc' dir='ltr'><strong><em>καλ</em></strong></span> <span class='ocrx_word' id='word_1_159' title='bbox 1471 1667 1488 1736; x_wconf 85' lang='grc' dir='ltr'><strong><em>ό</em></strong></span> 
     </span>
     <span class='ocr_line' id='line_1_16' title="bbox 336 1770 1487 1862; baseline -0.001 -21"><span class='ocrx_word' id='word_1_160' title='bbox 336 1775 499 1860; x_wconf 81' lang='grc' dir='ltr'><strong><em>ῶνθρωπος</em></strong></span> <span class='ocrx_word' id='word_1_161' title='bbox 514 1772 566 1839; x_wconf 86' lang='grc' dir='ltr'><strong><em>τόν</em></strong></span> <span class='ocrx_word' id='word_1_162' title='bbox 579 1771 692 1855; x_wconf 85' lang='grc' dir='ltr'><strong><em>κόσμον</em></strong></span> <span class='ocrx_word' id='word_1_163' title='bbox 707 1773 801 1836; x_wconf 85' lang='grc' dir='ltr'><strong><em>οἰκεῖν</em></strong></span> <span class='ocrx_word' id='word_1_164' title='bbox 814 1773 864 1836; x_wconf 87' lang='grc' dir='ltr'><strong><em>καλ</em></strong></span> <span class='ocrx_word' id='word_1_165' title='bbox 879 1779 938 1837; x_wconf 89' lang='grc' dir='ltr'><strong><em>τῶν</em></strong></span> <span class='ocrx_word' id='word_1_166' title='bbox 954 1774 987 1838; x_wconf 82' lang='grc' dir='ltr'><strong><em>ἐν</em></strong></span> <span class='ocrx_word' id='word_1_167' title='bbox 1002 1770 1082 1862; x_wconf 75' lang='grc' dir='ltr'><strong><em>αύτῷ</em></strong></span> <span class='ocrx_word' id='word_1_168' title='bbox 1097 1773 1218 1840; x_wconf 84' lang='grc' dir='ltr'><strong><em>πόντων</em></strong></span> <span class='ocrx_word' id='word_1_169' title='bbox 1233 1771 1424 1861; x_wconf 72' lang='grc' dir='ltr'><strong><em>ἡγεμονεύειν</em></strong></span> <span class='ocrx_word' id='word_1_170' title='bbox 1437 1801 1487 1840; x_wconf 84' lang='grc' dir='ltr'><strong><em>κα·</em></strong></span> 
     </span>
     <span class='ocr_line' id='line_1_17' title="bbox 335 1871 1489 1958; baseline 0 -14"><span class='ocrx_word' id='word_1_171' title='bbox 335 1879 494 1953; x_wconf 74' lang='grc' dir='ltr'><strong><em>συσταθεὶς</em></strong></span> <span class='ocrx_word' id='word_1_172' title='bbox 511 1883 564 1958; x_wconf 85' lang='grc' dir='ltr'><strong><em>τῆς</em></strong></span> <span class='ocrx_word' id='word_1_173' title='bbox 586 1877 615 1952; x_wconf 84' lang='grc' dir='ltr'><strong><em>ἐξ</em></strong></span> <span class='ocrx_word' id='word_1_174' title='bbox 637 1871 728 1958; x_wconf 82' lang='grc' dir='ltr'><strong><em>όργῆς</em></strong></span> <span class='ocrx_word' id='word_1_175' title='bbox 748 1873 983 1958; x_wconf 73' lang='grc' dir='ltr'><strong><em>διακοσμήσεως,</em></strong></span> <span class='ocrx_word' id='word_1_176' title='bbox 1007 1873 1159 1954; x_wconf 82' lang='grc' dir='ltr'><strong><em>όθόνατος</em></strong></span> <span class='ocrx_word' id='word_1_177' title='bbox 1178 1875 1237 1956; x_wconf 89' lang='grc' dir='ltr'><strong><em>ῶν,</em></strong></span> <span class='ocrx_word' id='word_1_178' title='bbox 1266 1885 1319 1944; x_wconf 87' lang='grc' dir='ltr'><strong><em>τοῦ</em></strong></span> <span class='ocrx_word' id='word_1_179' title='bbox 1340 1875 1417 1944; x_wconf 83' lang='grc' dir='ltr'><strong><em>εἰναι</em></strong></span> <span class='ocrx_word' id='word_1_180' title='bbox 1437 1876 1489 1944; x_wconf 66' lang='grc' dir='ltr'><strong><em>ῶν</em></strong></span> 
     </span>
     <span class='ocr_line' id='line_1_18' title="bbox 336 1974 1489 2066; baseline -0.001 -20"><span class='ocrx_word' id='word_1_181' title='bbox 336 1990 462 2066; x_wconf 85' lang='grc' dir='ltr'><strong><em>θρωπος</em></strong></span> <span class='ocrx_word' id='word_1_182' title='bbox 479 1977 587 2046; x_wconf 82' lang='grc' dir='ltr'><strong><em>οόποτε</em></strong></span> <span class='ocrx_word' id='word_1_183' title='bbox 602 1974 866 2060; x_wconf 80' lang='grc' dir='ltr'><strong><em>μεταβληθήσεται,</em></strong></span> <span class='ocrx_word' id='word_1_184' title='bbox 889 1975 956 2043; x_wconf 82' lang='grc' dir='ltr'><strong><em>οῶτε</em></strong></span> <span class='ocrx_word' id='word_1_185' title='bbox 975 1981 1016 2054; x_wconf 88' lang='grc' dir='ltr'><strong><em>εἰς</em></strong></span> <span class='ocrx_word' id='word_1_186' title='bbox 1033 1977 1087 2062; x_wconf 78' lang='grc' dir='ltr'><strong><em>τήν</em></strong></span> <span class='ocrx_word' id='word_1_187' title='bbox 1109 1986 1169 2046; x_wconf 84' lang='grc' dir='ltr'><strong><em>τῶν</em></strong></span> <span class='ocrx_word' id='word_1_188' title='bbox 1191 1977 1334 2066; x_wconf 85' lang='grc' dir='ltr'><strong><em>όγγέλεον,</em></strong></span> <span class='ocrx_word' id='word_1_189' title='bbox 1358 1978 1428 2047; x_wconf 73' lang='grc' dir='ltr'><strong><em>οὔτε</em></strong></span> <span class='ocrx_word' id='word_1_190' title='bbox 1448 1983 1489 2057; x_wconf 88' lang='grc' dir='ltr'><strong><em>είς</em></strong></span> 
     </span>
     <span class='ocr_line' id='line_1_19' title="bbox 335 2076 1489 2167; baseline 0 -19"><span class='ocrx_word' id='word_1_191' title='bbox 335 2082 463 2166; x_wconf 74' lang='grc' dir='ltr'><strong><em>τὴντῶν</em></strong></span> <span class='ocrx_word' id='word_1_192' title='bbox 481 2083 586 2167; x_wconf 74' lang='grc' dir='ltr'><strong><em>ἐτέρων</em></strong></span> <span class='ocrx_word' id='word_1_193' title='bbox 609 2076 746 2165; x_wconf 73' lang='grc' dir='ltr'><strong><em>μορφὴν,</em></strong></span> <span class='ocrx_word' id='word_1_194' title='bbox 770 2077 816 2145; x_wconf 78' lang='grc' dir='ltr'><strong><em>ὅτε</em></strong></span> <span class='ocrx_word' id='word_1_195' title='bbox 836 2081 911 2162; x_wconf 72' lang='grc' dir='ltr'><strong><em>μηδὲ</em></strong></span> <span class='ocrx_word' id='word_1_196' title='bbox 929 2084 961 2148; x_wconf 82' lang='grc' dir='ltr'><strong><em>ολ</em></strong></span> <span class='ocrx_word' id='word_1_197' title='bbox 980 2078 1096 2166; x_wconf 82' lang='grc' dir='ltr'><strong><em>δι’γγελοι</em></strong></span> <span class='ocrx_word' id='word_1_198' title='bbox 1112 2085 1154 2158; x_wconf 87' lang='grc' dir='ltr'><strong><em>εἰς</em></strong></span> <span class='ocrx_word' id='word_1_199' title='bbox 1171 2080 1226 2165; x_wconf 73' lang='grc' dir='ltr'><strong><em>τίγν</em></strong></span> <span class='ocrx_word' id='word_1_200' title='bbox 1245 2081 1363 2148; x_wconf 44' lang='lat' dir='ltr'><strong><em>Qum</em></strong></span> <span class='ocrx_word' id='word_1_201' title='bbox 1383 2090 1439 2166; x_wconf 82' lang='grc' dir='ltr'><strong><em>τῆς</em></strong></span> <span class='ocrx_word' id='word_1_202' title='bbox 1459 2085 1489 2161; x_wconf 79' lang='grc' dir='ltr'><strong><em>ἐξ</em></strong></span> 
     </span>
     <span class='ocr_line' id='line_1_20' title="bbox 337 2178 1490 2272; baseline 0 -21"><span class='ocrx_word' id='word_1_203' title='bbox 337 2185 429 2272; x_wconf 84' lang='grc' dir='ltr'><strong><em>όργῆς</em></strong></span> <span class='ocrx_word' id='word_1_204' title='bbox 457 2187 537 2260; x_wconf 80' lang='grc' dir='ltr'><strong><em>ἰδίας</em></strong></span> <span class='ocrx_word' id='word_1_205' title='bbox 562 2180 831 2266; x_wconf 87' lang='grc' dir='ltr'><strong><em>μετακοσμούμενοι</em></strong></span> <span class='ocrx_word' id='word_1_206' title='bbox 851 2181 1087 2266; x_wconf 69' lang='grc' dir='ltr'><strong><em>μεταβάλλονται</em></strong></span> <span class='ocrx_word' id='word_1_207' title='bbox 1131 2182 1164 2250; x_wconf 86' lang='grc' dir='ltr'><em>Ὁ</em></span> <span class='ocrx_word' id='word_1_208' title='bbox 1187 2183 1244 2270; x_wconf 82' lang='grc' dir='ltr'><strong><em>γόρ</em></strong></span> <span class='ocrx_word' id='word_1_209' title='bbox 1267 2183 1397 2272; x_wconf 80' lang='grc' dir='ltr'><strong><em>Χριστός</em></strong></span> <span class='ocrx_word' id='word_1_210' title='bbox 1416 2178 1490 2269; x_wconf 76' lang='grc' dir='ltr'><strong><em>ἧκεν</em></strong></span> 
     </span>
     <span class='ocr_line' id='line_1_21' title="bbox 336 2285 1487 2372; baseline -0.003 -17"><span class='ocrx_word' id='word_1_211' title='bbox 336 2287 392 2356; x_wconf 86' lang='grc' dir='ltr'><strong><em>οόκ</em></strong></span> <span class='ocrx_word' id='word_1_212' title='bbox 410 2292 452 2365; x_wconf 91' lang='grc' dir='ltr'><strong><em>εἰς</em></strong></span> <span class='ocrx_word' id='word_1_213' title='bbox 474 2289 574 2372; x_wconf 74' lang='grc' dir='ltr'><strong><em>ἑτέραν</em></strong></span> <span class='ocrx_word' id='word_1_214' title='bbox 594 2291 838 2370; x_wconf 81' lang='grc' dir='ltr'><strong><em>μεταπλαοθῆναι</em></strong></span> <span class='ocrx_word' id='word_1_215' title='bbox 856 2285 1013 2370; x_wconf 77' lang='grc' dir='ltr'><strong><em>κηρύσσων</em></strong></span> <span class='ocrx_word' id='word_1_216' title='bbox 1029 2285 1050 2369; x_wconf 78' lang='grc' dir='ltr'><em>ἢ</em></span> <span class='ocrx_word' id='word_1_217' title='bbox 1066 2295 1339 2372; x_wconf 73' lang='grc' dir='ltr'><strong><em>μετασκευασθῆναι</em></strong></span> <span class='ocrx_word' id='word_1_218' title='bbox 1358 2287 1416 2371; x_wconf 75' lang='grc' dir='ltr'><strong><em>τὴν</em></strong></span> <span class='ocrx_word' id='word_1_219' title='bbox 1438 2285 1487 2352; x_wconf 75' lang='grc' dir='ltr'><strong><em>ἐν·</em></strong></span> 
     </span>
     <span class='ocr_line' id='line_1_22' title="bbox 276 2380 1489 2478; baseline -0.002 -20"><span class='ocrx_word' id='word_1_220' title='bbox 276 2455 281 2465; x_wconf 73' lang='grc'><strong><em>,</em></strong></span> <span class='ocrx_word' id='word_1_221' title='bbox 335 2395 491 2478; x_wconf 86' lang='grc' dir='ltr'><strong><em>θρωπείαν</em></strong></span> <span class='ocrx_word' id='word_1_222' title='bbox 506 2388 610 2472; x_wconf 82' lang='grc' dir='ltr'><strong><em>φύσιν,</em></strong></span> <span class='ocrx_word' id='word_1_223' title='bbox 632 2386 704 2453; x_wconf 81' lang='grc' dir='ltr'><strong><em>εἰλλδ</em></strong></span> <span class='ocrx_word' id='word_1_224' title='bbox 720 2391 762 2464; x_wconf 91' lang='grc' dir='ltr'><strong><em>εἰς</em></strong></span> <span class='ocrx_word' id='word_1_225' title='bbox 777 2387 795 2453; x_wconf 84' lang='grc' dir='ltr'><strong><em>δ</em></strong></span> <span class='ocrx_word' id='word_1_226' title='bbox 811 2380 849 2471; x_wconf 75' lang='grc' dir='ltr'><strong><em>ἦν</em></strong></span> <span class='ocrx_word' id='word_1_227' title='bbox 863 2391 893 2465; x_wconf 85' lang='grc' dir='ltr'><strong><em>ἐξ</em></strong></span> <span class='ocrx_word' id='word_1_228' title='bbox 908 2387 1000 2473; x_wconf 76' lang='grc' dir='ltr'><strong><em>όργόγς</em></strong></span> <span class='ocrx_word' id='word_1_229' title='bbox 1015 2387 1076 2474; x_wconf 87' lang='grc' dir='ltr'><strong><em>πρό</em></strong></span> <span class='ocrx_word' id='word_1_230' title='bbox 1091 2397 1145 2456; x_wconf 82' lang='grc' dir='ltr'><strong><em>τοῦ</em></strong></span> <span class='ocrx_word' id='word_1_231' title='bbox 1162 2391 1309 2469; x_wconf 81' lang='grc' dir='ltr'><strong><em>ἐκπεσεῖν,</em></strong></span> <span class='ocrx_word' id='word_1_232' title='bbox 1331 2385 1489 2466; x_wconf 80' lang='grc' dir='ltr'><strong><em>όθόνατος</em></strong></span> 
     </span>
     <span class='ocr_line' id='line_1_23' title="bbox 336 2489 1488 2581; baseline -0.002 -21"><span class='ocrx_word' id='word_1_233' title='bbox 336 2493 387 2561; x_wconf 86' lang='grc' dir='ltr'><strong><em>ῶν.</em></strong></span> <span class='ocrx_word' id='word_1_234' title='bbox 432 2492 499 2578; x_wconf 78' lang='grc' dir='ltr'><strong><em>Χρὴ</em></strong></span> <span class='ocrx_word' id='word_1_235' title='bbox 517 2490 572 2578; x_wconf 82' lang='grc' dir='ltr'><strong><em>γόρ</em></strong></span> <span class='ocrx_word' id='word_1_236' title='bbox 588 2495 621 2558; x_wconf 83' lang='grc' dir='ltr'><strong><em>ἐν</em></strong></span> <span class='ocrx_word' id='word_1_237' title='bbox 637 2499 679 2580; x_wconf 78' lang='grc' dir='ltr'><strong><em>τῷ</em></strong></span> <span class='ocrx_word' id='word_1_238' title='bbox 697 2493 763 2580; x_wconf 79' lang='grc' dir='ltr'><strong><em>ἰδίῳ</em></strong></span> <span class='ocrx_word' id='word_1_239' title='bbox 778 2497 835 2574; x_wconf 83' lang='grc' dir='ltr'><strong><em>τῆς</em></strong></span> <span class='ocrx_word' id='word_1_240' title='bbox 846 2493 933 2568; x_wconf 83' lang='grc' dir='ltr'><strong><em>ἐξεως</em></strong></span> <span class='ocrx_word' id='word_1_241' title='bbox 951 2493 1086 2558; x_wconf 59' lang='grc' dir='ltr'><strong><em>λέαυτοῦ</em></strong></span> <span class='ocrx_word' id='word_1_242' title='bbox 1097 2489 1182 2581; x_wconf 79' lang='grc' dir='ltr'><strong><em>τύπῳ</em></strong></span> <span class='ocrx_word' id='word_1_243' title='bbox 1197 2499 1256 2560; x_wconf 90' lang='grc' dir='ltr'><strong><em>τῶν</em></strong></span> <span class='ocrx_word' id='word_1_244' title='bbox 1269 2499 1406 2579; x_wconf 83' lang='grc' dir='ltr'><strong><em>γενητῶν</em></strong></span> <span class='ocrx_word' id='word_1_245' title='bbox 1421 2495 1488 2558; x_wconf 63' lang='grc' dir='ltr'><strong><em>δια-</em></strong></span> 
     </span>
     <span class='ocr_line' id='line_1_24' title="bbox 335 2587 1487 2681; baseline -0.002 -19"><span class='ocrx_word' id='word_1_246' title='bbox 335 2620 404 2663; x_wconf 90' lang='grc' dir='ltr'><strong><em>στον</em></strong></span> <span class='ocrx_word' id='word_1_247' title='bbox 422 2598 534 2679; x_wconf 81' lang='grc' dir='ltr'><strong><em>μένειν,</em></strong></span> <span class='ocrx_word' id='word_1_248' title='bbox 556 2598 605 2660; x_wconf 74' lang='grc' dir='ltr'><strong><em>ἵνα</em></strong></span> <span class='ocrx_word' id='word_1_249' title='bbox 618 2593 716 2659; x_wconf 79' lang='grc' dir='ltr'><strong><em>πάντα</em></strong></span> <span class='ocrx_word' id='word_1_250' title='bbox 732 2591 851 2660; x_wconf 86' lang='grc' dir='ltr'><strong><em>πόντων</em></strong></span> <span class='ocrx_word' id='word_1_251' title='bbox 867 2587 921 2659; x_wconf 84' lang='grc' dir='ltr'><strong><em>ῶσι</em></strong></span> <span class='ocrx_word' id='word_1_252' title='bbox 937 2595 1165 2678; x_wconf 67' lang='grc' dir='ltr'><strong><em>πεπληρωμένα,</em></strong></span> <span class='ocrx_word' id='word_1_253' title='bbox 1188 2592 1313 2681; x_wconf 85' lang='grc' dir='ltr'><strong><em>ούρανολ</em></strong></span> <span class='ocrx_word' id='word_1_254' title='bbox 1330 2597 1386 2678; x_wconf 59' lang='grc' dir='ltr'><strong><em>,μὲν</em></strong></span> <span class='ocrx_word' id='word_1_255' title='bbox 1403 2593 1487 2681; x_wconf 80' lang='grc' dir='ltr'><strong><em>όγγέ-</em></strong></span> 
     </span>
     <span class='ocr_line' id='line_1_25' title="bbox 335 2695 1487 2784; baseline 0 -20"><span class='ocrx_word' id='word_1_256' title='bbox 335 2707 404 2778; x_wconf 91' lang='grc' dir='ltr'><strong><em>λων,</em></strong></span> <span class='ocrx_word' id='word_1_257' title='bbox 426 2697 535 2782; x_wconf 81' lang='grc' dir='ltr'><strong><em>θρόνοι</em></strong></span> <span class='ocrx_word' id='word_1_258' title='bbox 550 2698 582 2762; x_wconf 86' lang='grc' dir='ltr'><strong><em>δέ</em></strong></span> <span class='ocrx_word' id='word_1_259' title='bbox 597 2699 746 2775; x_wconf 79' lang='grc' dir='ltr'><strong><em>ἐξουσιῶν,</em></strong></span> <span class='ocrx_word' id='word_1_260' title='bbox 769 2703 856 2778; x_wconf 82' lang='grc' dir='ltr'><strong><em>φῶτα</em></strong></span> <span class='ocrx_word' id='word_1_261' title='bbox 870 2697 903 2760; x_wconf 88' lang='grc' dir='ltr'><strong><em>δέ</em></strong></span> <span class='ocrx_word' id='word_1_262' title='bbox 919 2701 1102 2783; x_wconf 86' lang='grc' dir='ltr'><strong><em>λειτουργῶν,</em></strong></span> <span class='ocrx_word' id='word_1_263' title='bbox 1123 2699 1174 2762; x_wconf 87' lang='grc' dir='ltr'><strong><em>καλ</em></strong></span> <span class='ocrx_word' id='word_1_264' title='bbox 1190 2701 1223 2762; x_wconf 89' lang='grc' dir='ltr'><strong><em>οἰ</em></strong></span> <span class='ocrx_word' id='word_1_265' title='bbox 1235 2695 1383 2784; x_wconf 84' lang='grc' dir='ltr'><strong><em>θειότεραι</em></strong></span> <span class='ocrx_word' id='word_1_266' title='bbox 1398 2698 1487 2764; x_wconf 79' lang='grc' dir='ltr'><strong><em>τόποι</em></strong></span> 
     </span>
     <span class='ocr_line' id='line_1_26' title="bbox 333 2797 1485 2890; baseline 0 -24"><span class='ocrx_word' id='word_1_267' title='bbox 333 2804 386 2866; x_wconf 89' lang='grc' dir='ltr'><strong><em>καλ</em></strong></span> <span class='ocrx_word' id='word_1_268' title='bbox 410 2797 445 2866; x_wconf 84' lang='grc' dir='ltr'><strong><em>τό</em></strong></span> <span class='ocrx_word' id='word_1_269' title='bbox 472 2797 664 2884; x_wconf 79' lang='grc' dir='ltr'><strong><em>ιοιιῖκραιιγνῆ</em></strong></span> <span class='ocrx_word' id='word_1_270' title='bbox 689 2804 774 2879; x_wconf 85' lang='grc' dir='ltr'><strong><em>φῶτα</em></strong></span> <span class='ocrx_word' id='word_1_271' title='bbox 795 2806 854 2864; x_wconf 91' lang='grc' dir='ltr'><strong><em>τῶν</em></strong></span> <span class='ocrx_word' id='word_1_272' title='bbox 869 2801 1023 2883; x_wconf 87' lang='grc' dir='ltr'><strong><em>Σεραφλμ,</em></strong></span> <span class='ocrx_word' id='word_1_273' title='bbox 1053 2797 1076 2866; x_wconf 68' lang='grc' dir='ltr'><strong><em>δὲ</em></strong></span> <span class='ocrx_word' id='word_1_274' title='bbox 1098 2797 1298 2884; x_wconf 83' lang='grc' dir='ltr'><strong><em>παρεστήκασι</em></strong></span> <span class='ocrx_word' id='word_1_275' title='bbox 1316 2808 1354 2890; x_wconf 76' lang='grc' dir='ltr'><strong><em>τῇ</em></strong></span> <span class='ocrx_word' id='word_1_276' title='bbox 1375 2799 1485 2889; x_wconf 74' lang='grc' dir='ltr'><strong><em>μεγάλη</em></strong></span> 
     </span>
     <span class='ocr_line' id='line_1_27' title="bbox 211 2899 1486 2993; baseline -0.005 -19"><span class='ocrx_word' id='word_1_277' title='bbox 211 2925 263 2976; x_wconf 72' lang='lat' dir='ltr'><strong><em>m·</em></strong></span> <span class='ocrx_word' id='word_1_278' title='bbox 276 2915 321 2962; x_wconf 74' lang='lat'><strong><em>⁶⁶¹·</em></strong></span> <span class='ocrx_word' id='word_1_279' title='bbox 336 2909 430 2993; x_wconf 75' lang='grc' dir='ltr'><strong><em>βουλῇ</em></strong></span> <span class='ocrx_word' id='word_1_280' title='bbox 451 2901 691 2992; x_wconf 80' lang='grc' dir='ltr'><strong><em>Ηδιαιιρατούση</em></strong></span> <span class='ocrx_word' id='word_1_281' title='bbox 715 2900 748 2967; x_wconf 87' lang='grc' dir='ltr'><strong><em>τό</em></strong></span> <span class='ocrx_word' id='word_1_282' title='bbox 767 2908 840 2982; x_wconf 85' lang='grc' dir='ltr'><strong><em>πᾶν,</em></strong></span> <span class='ocrx_word' id='word_1_283' title='bbox 864 2899 882 2966; x_wconf 91' lang='grc' dir='ltr'><strong><em>ό</em></strong></span> <span class='ocrx_word' id='word_1_284' title='bbox 904 2903 937 2968; x_wconf 82' lang='grc' dir='ltr'><strong><em>δέ</em></strong></span> <span class='ocrx_word' id='word_1_285' title='bbox 952 2901 1063 2986; x_wconf 90' lang='grc' dir='ltr'><strong><em>κόσμος</em></strong></span> <span class='ocrx_word' id='word_1_286' title='bbox 1077 2900 1256 2988; x_wconf 82' lang='grc' dir='ltr'><strong><em>όνθρῶκων.</em></strong></span> <span class='ocrx_word' id='word_1_287' title='bbox 1298 2900 1369 2969; x_wconf 80' lang='grc' dir='ltr'><strong><em>Ἐόν</em></strong></span> <span class='ocrx_word' id='word_1_288' title='bbox 1385 2904 1420 2968; x_wconf 85' lang='grc' dir='ltr'><strong><em>δέ</em></strong></span> <span class='ocrx_word' id='word_1_289' title='bbox 1438 2927 1486 2986; x_wconf 88' lang='grc' dir='ltr'><strong><em>με·</em></strong></span> 
     </span>
     <span class='ocr_line' id='line_1_28' title="bbox 332 3003 1486 3092; baseline 0 -22"><span class='ocrx_word' id='word_1_290' title='bbox 332 3009 528 3088; x_wconf 85' lang='grc' dir='ltr'><strong><em>ταβόλλεσθαι</em></strong></span> <span class='ocrx_word' id='word_1_291' title='bbox 541 3009 638 3089; x_wconf 88' lang='grc' dir='ltr'><strong><em>δῶμεν</em></strong></span> <span class='ocrx_word' id='word_1_292' title='bbox 653 3003 724 3081; x_wconf 86' lang='grc' dir='ltr'><strong><em>τούς</em></strong></span> <span class='ocrx_word' id='word_1_293' title='bbox 738 3003 922 3090; x_wconf 72' lang='grc' dir='ltr'><strong><em>ἀνθρώπους</em></strong></span> <span class='ocrx_word' id='word_1_294' title='bbox 937 3007 980 3082; x_wconf 90' lang='grc' dir='ltr'><strong><em>εἰς</em></strong></span> <span class='ocrx_word' id='word_1_295' title='bbox 994 3003 1149 3091; x_wconf 83' lang='grc' dir='ltr'><strong><em>όγγέλους,</em></strong></span> <span class='ocrx_word' id='word_1_296' title='bbox 1172 3004 1237 3092; x_wconf 82' lang='grc' dir='ltr'><strong><em>δόρει</em></strong></span> <span class='ocrx_word' id='word_1_297' title='bbox 1254 3004 1486 3088; x_wconf 71' lang='grc' dir='ltr'><strong><em>μεταβάλλεσθαι</em></strong></span> 
     </span>
     <span class='ocr_line' id='line_1_29' title="bbox 332 3105 1485 3194; baseline 0.001 -22"><span class='ocrx_word' id='word_1_298' title='bbox 332 3110 424 3194; x_wconf 79' lang='grc' dir='ltr'><strong><em>λέγειν</em></strong></span> <span class='ocrx_word' id='word_1_299' title='bbox 440 3111 489 3173; x_wconf 89' lang='grc' dir='ltr'><strong><em>καλ</em></strong></span> <span class='ocrx_word' id='word_1_300' title='bbox 503 3106 573 3184; x_wconf 85' lang='grc' dir='ltr'><strong><em>τούς</em></strong></span> <span class='ocrx_word' id='word_1_301' title='bbox 588 3106 729 3194; x_wconf 86' lang='grc' dir='ltr'><strong><em>όγγέλους</em></strong></span> <span class='ocrx_word' id='word_1_302' title='bbox 746 3109 788 3183; x_wconf 88' lang='grc' dir='ltr'><strong><em>εἰς</em></strong></span> <span class='ocrx_word' id='word_1_303' title='bbox 803 3110 953 3187; x_wconf 87' lang='grc' dir='ltr'><strong><em>ἐξουσίας,</em></strong></span> <span class='ocrx_word' id='word_1_304' title='bbox 981 3110 1032 3174; x_wconf 88' lang='grc' dir='ltr'><strong><em>καλ</em></strong></span> <span class='ocrx_word' id='word_1_305' title='bbox 1053 3107 1159 3183; x_wconf 83' lang='grc' dir='ltr'><strong><em>ταύτας</em></strong></span> <span class='ocrx_word' id='word_1_306' title='bbox 1178 3110 1221 3185; x_wconf 88' lang='grc' dir='ltr'><strong><em>είς</em></strong></span> <span class='ocrx_word' id='word_1_307' title='bbox 1242 3107 1310 3174; x_wconf 70' lang='grc' dir='ltr'><strong><em>ἄλλο</em></strong></span> <span class='ocrx_word' id='word_1_308' title='bbox 1331 3111 1382 3174; x_wconf 86' lang='grc' dir='ltr'><strong><em>καλ</em></strong></span> <span class='ocrx_word' id='word_1_309' title='bbox 1397 3105 1485 3186; x_wconf 65' lang='grc' dir='ltr'><strong><em>ἅλλα,</em></strong></span> 
     </span>
     <span class='ocr_line' id='line_1_30' title="bbox 337 3208 1144 3302; baseline -0.004 -25"><span class='ocrx_word' id='word_1_310' title='bbox 337 3210 438 3277; x_wconf 62' lang='grc' dir='ltr'><strong><em>Νέσό</em></strong></span> <span class='ocrx_word' id='word_1_311' title='bbox 457 3210 495 3277; x_wconf 82' lang='grc' dir='ltr'><strong><em>δν</em></strong></span> <span class='ocrx_word' id='word_1_312' title='bbox 516 3208 534 3278; x_wconf 89' lang='grc' dir='ltr'><strong><em>ό</em></strong></span> <span class='ocrx_word' id='word_1_313' title='bbox 554 3210 640 3298; x_wconf 87' lang='grc' dir='ltr'><strong><em>λόγος</em></strong></span> <span class='ocrx_word' id='word_1_314' title='bbox 664 3208 778 3294; x_wconf 81' lang='grc' dir='ltr'><strong><em>όναβός</em></strong></span> <span class='ocrx_word' id='word_1_315' title='bbox 800 3212 842 3286; x_wconf 90' lang='grc' dir='ltr'><strong><em>εἰς</em></strong></span> <span class='ocrx_word' id='word_1_316' title='bbox 862 3213 1002 3276; x_wconf 89' lang='grc' dir='ltr'><strong><em>κίνδυνον</em></strong></span> <span class='ocrx_word' id='word_1_317' title='bbox 1023 3212 1059 3293; x_wconf 83' lang='grc' dir='ltr'><strong><em>ἐμ</em></strong></span> <span class='ocrx_word' id='word_1_318' title='bbox 1083 3212 1144 3302; x_wconf 85' lang='grc' dir='ltr'><strong><em>ἐση.</em></strong></span> 
     </span>
    </p>
   </div>
   <div class='ocr_carea' id='block_1_3' title="bbox 240 3616 1487 4120">
    <p class='ocr_par' dir='ltr' id='par_1_6' title="bbox 240 3616 1487 4120">
     <span class='ocr_line' id='line_1_31' title="bbox 240 3616 1485 3706; baseline -0.003 -18"><span class='ocrx_word' id='word_1_319' title='bbox 240 3675 246 3688; x_wconf 88' lang='grc'><strong>.</strong></span> <span class='ocrx_word' id='word_1_320' title='bbox 281 3631 313 3690; x_wconf 82' lang='grc' dir='ltr'><strong><em>α’.</em></strong></span> <span class='ocrx_word' id='word_1_321' title='bbox 416 3621 487 3689; x_wconf 80' lang='grc' dir='ltr'><strong><em>Ἀλλ’</em></strong></span> <span class='ocrx_word' id='word_1_322' title='bbox 503 3623 568 3689; x_wconf 77' lang='grc' dir='ltr'><strong><em>οὔτε</em></strong></span> <span class='ocrx_word' id='word_1_323' title='bbox 587 3619 627 3699; x_wconf 86' lang='grc' dir='ltr'><strong><em>ῶς</em></strong></span> <span class='ocrx_word' id='word_1_324' title='bbox 650 3629 764 3703; x_wconf 83' lang='grc' dir='ltr'><strong><em>φαῦλον</em></strong></span> <span class='ocrx_word' id='word_1_325' title='bbox 781 3623 993 3704; x_wconf 80' lang='grc' dir='ltr'><strong><em>τεκτηναμένος</em></strong></span> <span class='ocrx_word' id='word_1_326' title='bbox 1008 3617 1026 3685; x_wconf 91' lang='grc' dir='ltr'><strong><em>ό</em></strong></span> <span class='ocrx_word' id='word_1_327' title='bbox 1041 3618 1114 3695; x_wconf 81' lang='grc' dir='ltr'><strong><em>θεός</em></strong></span> <span class='ocrx_word' id='word_1_328' title='bbox 1133 3617 1186 3685; x_wconf 87' lang='grc' dir='ltr'><strong><em>τόν</em></strong></span> <span class='ocrx_word' id='word_1_329' title='bbox 1206 3616 1374 3706; x_wconf 80' lang='grc' dir='ltr'><strong><em>όίνθρωπον</em></strong></span> <span class='ocrx_word' id='word_1_330' title='bbox 1388 3619 1409 3703; x_wconf 75' lang='grc' dir='ltr'><strong><em>ἦ</em></strong></span> <span class='ocrx_word' id='word_1_331' title='bbox 1422 3624 1485 3686; x_wconf 88' lang='grc' dir='ltr'><strong><em>δια-</em></strong></span> 
     </span>
     <span class='ocr_line' id='line_1_32' title="bbox 272 3707 1487 3814; baseline -0.006 -21"><span class='ocrx_word' id='word_1_332' title='bbox 272 3707 292 3776; x_wconf 82' lang='grc'><strong><em>·)</em></strong></span> <span class='ocrx_word' id='word_1_333' title='bbox 333 3726 484 3814; x_wconf 79' lang='grc' dir='ltr'><strong><em>μαρτήσας</em></strong></span> <span class='ocrx_word' id='word_1_334' title='bbox 498 3724 592 3792; x_wconf 84' lang='grc' dir='ltr'><strong><em>αότοῢ</em></strong></span> <span class='ocrx_word' id='word_1_335' title='bbox 609 3727 677 3810; x_wconf 89' lang='grc' dir='ltr'><strong><em>περλ</em></strong></span> <span class='ocrx_word' id='word_1_336' title='bbox 692 3723 746 3806; x_wconf 77' lang='grc' dir='ltr'><strong><em>τήν</em></strong></span> <span class='ocrx_word' id='word_1_337' title='bbox 766 3719 944 3790; x_wconf 79' lang='grc' dir='ltr'><strong><em>ιδιυὶπλασιν</em></strong></span> <span class='ocrx_word' id='word_1_338' title='bbox 961 3719 1083 3809; x_wconf 83' lang='grc' dir='ltr'><strong><em>ῶγγελυν</em></strong></span> <span class='ocrx_word' id='word_1_339' title='bbox 1099 3719 1190 3788; x_wconf 86' lang='grc' dir='ltr'><strong><em>αότόν</em></strong></span> <span class='ocrx_word' id='word_1_340' title='bbox 1205 3721 1328 3808; x_wconf 75' lang='grc' dir='ltr'><strong><em>ὕστερον</em></strong></span> <span class='ocrx_word' id='word_1_341' title='bbox 1343 3721 1487 3805; x_wconf 80' lang='grc' dir='ltr'><strong><em>ἐπενόησε</em></strong></span> 
     </span>
     <span class='ocr_line' id='line_1_33' title="bbox 331 3822 1484 3914; baseline -0.003 -20"><span class='ocrx_word' id='word_1_342' title='bbox 331 3838 454 3912; x_wconf 80' lang='grc' dir='ltr'><strong><em>ποιῆσαι</em></strong></span> <span class='ocrx_word' id='word_1_343' title='bbox 471 3825 646 3914; x_wconf 84' lang='grc' dir='ltr'><strong><em>μεταγνούς,</em></strong></span> <span class='ocrx_word' id='word_1_344' title='bbox 669 3825 766 3912; x_wconf 86' lang='grc' dir='ltr'><strong><em>ῶςπερ</em></strong></span> <span class='ocrx_word' id='word_1_345' title='bbox 780 3830 810 3891; x_wconf 85' lang='grc' dir='ltr'><strong><em>ολ</em></strong></span> <span class='ocrx_word' id='word_1_346' title='bbox 824 3825 1004 3908; x_wconf 80' lang='grc' dir='ltr'><strong><em>φαυλότατοι</em></strong></span> <span class='ocrx_word' id='word_1_347' title='bbox 1021 3832 1083 3892; x_wconf 84' lang='grc' dir='ltr'><strong><em>τῶν</em></strong></span> <span class='ocrx_word' id='word_1_348' title='bbox 1097 3829 1326 3912; x_wconf 54' lang='grc' dir='ltr'><strong><em>δδημιυνργῶν,</em></strong></span> <span class='ocrx_word' id='word_1_349' title='bbox 1348 3823 1418 3892; x_wconf 82' lang='grc' dir='ltr'><strong><em>ούτε</em></strong></span> <span class='ocrx_word' id='word_1_350' title='bbox 1432 3822 1484 3910; x_wconf 74' lang='grc' dir='ltr'><strong><em>ἐγ-</em></strong></span> 
     </span>
     <span class='ocr_line' id='line_1_34' title="bbox 332 3925 1485 4017; baseline -0.006 -19"><span class='ocrx_word' id='word_1_351' title='bbox 332 3940 412 4017; x_wconf 88' lang='grc' dir='ltr'><strong><em>γελον</em></strong></span> <span class='ocrx_word' id='word_1_352' title='bbox 426 3930 488 3998; x_wconf 90' lang='grc' dir='ltr'><strong><em>κατ’</em></strong></span> <span class='ocrx_word' id='word_1_353' title='bbox 505 3929 596 4017; x_wconf 79' lang='grc' dir='ltr'><strong><em>όργός</em></strong></span> <span class='ocrx_word' id='word_1_354' title='bbox 611 3927 739 4011; x_wconf 78' lang='grc' dir='ltr'><strong><em>θελήσας</em></strong></span> <span class='ocrx_word' id='word_1_355' title='bbox 752 3937 874 4013; x_wconf 81' lang='grc' dir='ltr'><strong><em>ποιῆσαι</em></strong></span> <span class='ocrx_word' id='word_1_356' title='bbox 890 3931 942 3998; x_wconf 88' lang='grc' dir='ltr'><strong><em>καλ</em></strong></span> <span class='ocrx_word' id='word_1_357' title='bbox 957 3927 998 4012; x_wconf 82' lang='grc' dir='ltr'><em>μή</em></span> <span class='ocrx_word' id='word_1_358' title='bbox 1014 3931 1157 4012; x_wconf 73' lang='grc' dir='ltr'><strong><em>δυνηθεὶς</em></strong></span> <span class='ocrx_word' id='word_1_359' title='bbox 1171 3925 1336 4014; x_wconf 82' lang='grc' dir='ltr'><strong><em>ῶνθρωιτον</em></strong></span> <span class='ocrx_word' id='word_1_360' title='bbox 1352 3930 1485 3994; x_wconf 72' lang='grc' dir='ltr'><strong><em>ἔπλασεν.</em></strong></span> 
     </span>
     <span class='ocr_line' id='line_1_35' title="bbox 331 4023 1485 4120; baseline -0.003 -21"><span class='ocrx_word' id='word_1_361' title='bbox 331 4032 467 4112; x_wconf 82' lang='grc' dir='ltr'><strong><em>Ἀσθενές</em></strong></span> <span class='ocrx_word' id='word_1_362' title='bbox 489 4041 576 4102; x_wconf 83' lang='grc' dir='ltr'><strong><em>τοῦτο</em></strong></span> <span class='ocrx_word' id='word_1_363' title='bbox 594 4030 659 4120; x_wconf 87' lang='grc' dir='ltr'><strong><em>γόρ.</em></strong></span> <span class='ocrx_word' id='word_1_364' title='bbox 708 4037 743 4098; x_wconf 89' lang='grc' dir='ltr'><strong><em>Τί</em></strong></span> <span class='ocrx_word' id='word_1_365' title='bbox 762 4030 801 4116; x_wconf 81' lang='grc' dir='ltr'><strong><em>δή</em></strong></span> <span class='ocrx_word' id='word_1_366' title='bbox 819 4057 890 4099; x_wconf 88' lang='grc' dir='ltr'><strong><em>ποτε</em></strong></span> <span class='ocrx_word' id='word_1_367' title='bbox 905 4023 961 4100; x_wconf 84' lang='grc' dir='ltr'><strong><em>υύν</em></strong></span> <span class='ocrx_word' id='word_1_368' title='bbox 977 4030 1028 4098; x_wconf 87' lang='grc' dir='ltr'><strong><em>τόν</em></strong></span> <span class='ocrx_word' id='word_1_369' title='bbox 1043 4030 1209 4119; x_wconf 71' lang='grc' dir='ltr'><strong><em>ἄνθρωπον</em></strong></span> <span class='ocrx_word' id='word_1_370' title='bbox 1223 4034 1333 4111; x_wconf 83' lang='grc' dir='ltr'><strong><em>ἐποίει,</em></strong></span> <span class='ocrx_word' id='word_1_371' title='bbox 1354 4033 1405 4096; x_wconf 85' lang='grc' dir='ltr'><strong><em>καλ</em></strong></span> <span class='ocrx_word' id='word_1_372' title='bbox 1423 4026 1485 4096; x_wconf 83' lang='grc' dir='ltr'><strong><em>οόκ</em></strong></span> 
     </span>
    </p>
   </div>
   <div class='ocr_carea' id='block_1_4' title="bbox 330 4251 1484 4524">
    <p class='ocr_par' dir='ltr' id='par_1_7' title="bbox 330 4251 1484 4524">
     <span class='ocr_line' id='line_1_36' title="bbox 365 4251 1484 4326; baseline -0.002 -18"><span class='ocrx_word' id='word_1_373' title='bbox 365 4259 389 4308; x_wconf 75' lang='lat'><strong><em>2.</em></strong></span> <span class='ocrx_word' id='word_1_374' title='bbox 408 4257 528 4326; x_wconf 82' lang='grc' dir='ltr'><strong><em>ἐπέφερες</em></strong></span> <span class='ocrx_word' id='word_1_375' title='bbox 542 4251 599 4313; x_wconf 77' lang='grc' dir='ltr'><strong><em>οὖν·</em></strong></span> <span class='ocrx_word' id='word_1_376' title='bbox 618 4259 640 4312; x_wconf 82' lang='grc' dir='ltr'><strong><em>ολ</em></strong></span> <span class='ocrx_word' id='word_1_377' title='bbox 657 4257 687 4314; x_wconf 69' lang='grc' dir='ltr'><strong><em>δὲ</em></strong></span> <span class='ocrx_word' id='word_1_378' title='bbox 699 4252 757 4326; x_wconf 79' lang='grc' dir='ltr'><strong><em>ἄγγ.</em></strong></span> <span class='ocrx_word' id='word_1_379' title='bbox 777 4261 889 4310; x_wconf 73' lang='grc' dir='ltr'><strong><em>δολίοοδ.</em></strong></span> <span class='ocrx_word' id='word_1_380' title='bbox 956 4255 980 4312; x_wconf 79' lang='lat'><strong><em>4.</em></strong></span> <span class='ocrx_word' id='word_1_381' title='bbox 999 4252 1120 4326; x_wconf 73' lang='grc' dir='ltr'><strong><em>ἀγγέλους</em></strong></span> <span class='ocrx_word' id='word_1_382' title='bbox 1134 4260 1228 4310; x_wconf 66' lang='lat' dir='ltr'><strong><em>adm</em></strong></span> <span class='ocrx_word' id='word_1_383' title='bbox 1240 4255 1408 4314; x_wconf 64' lang='grc' dir='ltr'><strong><em>οιελεέσεαδει</em></strong></span> <span class='ocrx_word' id='word_1_384' title='bbox 1424 4259 1484 4306; x_wconf 75' lang='grc' dir='ltr'><strong><em>(λαί-</em></strong></span> 
     </span>
     <span class='ocr_line' id='line_1_37' title="bbox 332 4319 991 4396; baseline 0.005 -21"><span class='ocrx_word' id='word_1_385' title='bbox 332 4327 406 4388; x_wconf 72' lang='grc' dir='ltr'><strong><em>Υαλςο</em></strong></span> <span class='ocrx_word' id='word_1_386' title='bbox 421 4332 484 4376; x_wconf 77' lang='grc' dir='ltr'><strong><em>ταλαί</em></strong></span> <span class='ocrx_word' id='word_1_387' title='bbox 500 4327 628 4396; x_wconf 74' lang='grc' dir='ltr'><strong><em>ἐπέφερεν,</em></strong></span> <span class='ocrx_word' id='word_1_388' title='bbox 647 4327 680 4380; x_wconf 84' lang='grc' dir='ltr'><strong><em>Ολ</em></strong></span> <span class='ocrx_word' id='word_1_389' title='bbox 696 4325 726 4380; x_wconf 77' lang='grc' dir='ltr'><strong><em>δέ</em></strong></span> <span class='ocrx_word' id='word_1_390' title='bbox 740 4319 799 4394; x_wconf 84' lang='grc' dir='ltr'><strong><em>ῶγγ.</em></strong></span> <span class='ocrx_word' id='word_1_391' title='bbox 835 4329 892 4378; x_wconf 77' lang='grc' dir='ltr'><strong><em>δοτ-</em></strong></span> <span class='ocrx_word' id='word_1_392' title='bbox 925 4329 991 4378; x_wconf 86' lang='grc' dir='ltr'><strong><em>ίοιιδ.</em></strong></span> 
     </span>
     <span class='ocr_line' id='line_1_38' title="bbox 330 4390 1484 4464; baseline -0.003 -19"><span class='ocrx_word' id='word_1_393' title='bbox 330 4397 415 4445; x_wconf 65' lang='lat' dir='ltr'><strong><em>uarius</em></strong></span> <span class='ocrx_word' id='word_1_394' title='bbox 429 4398 496 4444; x_wconf 78' lang='lat' dir='ltr'><strong><em>venit</em></strong></span> <span class='ocrx_word' id='word_1_395' title='bbox 512 4413 569 4446; x_wconf 83' lang='lat' dir='ltr'><strong><em>mox</em></strong></span> <span class='ocrx_word' id='word_1_396' title='bbox 586 4395 699 4446; x_wconf 67' lang='lat' dir='ltr'>intulisti.</span> <span class='ocrx_word' id='word_1_397' title='bbox 957 4397 980 4448; x_wconf 81' lang='grc' dir='ltr'><strong><em>δ.</em></strong></span> <span class='ocrx_word' id='word_1_398' title='bbox 998 4395 1048 4448; x_wconf 82' lang='grc' dir='ltr'><strong><em>τῶν</em></strong></span> <span class='ocrx_word' id='word_1_399' title='bbox 1064 4390 1208 4464; x_wconf 71' lang='grc' dir='ltr'><strong><em>ἀρχῶνκαὶ</em></strong></span> <span class='ocrx_word' id='word_1_400' title='bbox 1223 4396 1274 4447; x_wconf 81' lang='grc' dir='ltr'><strong><em>τῶν</em></strong></span> <span class='ocrx_word' id='word_1_401' title='bbox 1289 4391 1407 4456; x_wconf 75' lang='grc' dir='ltr'><strong><em>ἐξουσιῶν</em></strong></span> <span class='ocrx_word' id='word_1_402' title='bbox 1423 4393 1484 4442; x_wconf 72' lang='grc' dir='ltr'><strong><em>σοι·</em></strong></span> 
     </span>
     <span class='ocr_line' id='line_1_39' title="bbox 364 4459 988 4524; baseline 0.003 -10"><span class='ocrx_word' id='word_1_403' title='bbox 364 4459 389 4514; x_wconf 83' lang='grc'><strong><em>3.</em></strong></span> <span class='ocrx_word' id='word_1_404' title='bbox 406 4459 541 4524; x_wconf 60' lang='grc' dir='ltr'><strong><em>ἰξίοαολαι</em></strong></span> <span class='ocrx_word' id='word_1_405' title='bbox 558 4465 669 4516; x_wconf 68' lang='lat' dir='ltr'><strong><em>caum</em></strong></span> <span class='ocrx_word' id='word_1_406' title='bbox 922 4466 988 4516; x_wconf 67' lang='lat' dir='ltr'><strong><em>lm</em></strong></span> 
     </span>
    </p>
   </div>
   <div class='ocr_carea' id='block_1_5' title="bbox 0 0 1592 4930">
    <p class='ocr_par' dir='ltr' id='par_1_8' title="bbox 0 0 1592 4930">
     <span class='ocr_line' id='line_1_40' title="bbox 0 0 1592 4930; baseline 0 0"><span class='ocrx_word' id='word_1_407' title='bbox 0 0 1592 4930; x_wconf 95' lang='lat' dir='ltr'><strong><em> </em></strong></span> 
     </span>
    </p>
   </div>
  </div>
 </body>
</html>
