3186 4928
337 229 493 283 'ruunnu
511 228 573 281 um.
587 231 619 281 ιι.
636 229 719 283 ron.
732 231 763 282 ιι.
780 229 879 281 enen.
893 227 984 282 ιιιιι.
1186 207 1248 282 43'3

92 349 151 414 iuni
167 349 319 435 imperium
338 349 491 435 superfuit.
537 347 696 414 Praeteriit
711 359 741 414 et
757 347 882 414 Iueobus
899 349 1009 435 primm
1026 346 1249 436 Hierosolymo-

92 473 158 516 rum
174 452 347 538 episeopus,
373 453 422 539 qni
440 455 533 518 trater
553 453 660 516 domini
680 453 902 538 cognominatus
919 459 981 528 eet,
1008 451 1115 536 fuitque
1134 449 1249 540 Iosephi

92 554 182 634 filius,
208 566 238 618 et
252 554 288 620 ab
306 576 341 619 eo
358 577 423 620 oum
440 555 505 620 eliis
523 555 661 620 Irntribus
677 577 716 620 ex
732 576 826 619 uxore
841 575 894 618 eoa
909 565 1075 640 susceptus.
1121 552 1250 638 Quibus-

91 678 158 720 cum
182 659 320 722 Iretribus
342 657 476 722 dominus
495 670 596 722 noster
613 656 696 722 iesus
712 654 850 723 Christus
865 679 881 720 e
899 655 996 722 Merie
1015 657 1128 740 virgine
1146 678 1251 722 securu-

91 759 160 822 dum
179 781 297 824 eurnem
319 772 405 825 nutus
422 761 460 824 itu
477 772 612 825 uersutus
631 773 677 824 est
693 772 724 825 ut
740 762 805 825 iIIos
825 763 945 825 fratrum
969 761 1090 825 heberet
1108 760 1191 841 loeo,
1216 783 1250 823 ee

91 861 225 925 vicissim
243 883 344 926 eorum
363 865 453 928 freter
467 865 675 949 appellaretur.
720 861 832 928 Mortui
850 873 1004 947 praetereo
1020 873 1133 928 suntet
1149 883 1252 927 omnes

90 967 187 1027 munti
209 961 305 1029 Iaeobi
324 965 353 1029 in
375 966 422 1029 itte
446 967 588 1052 dignitate
611 967 760 1054 collegae,
785 988 900 1051 unaque
925 987 989 1029 eum
1014 967 1050 1030 iis
1073 977 1102 1029 et
1120 963 1251 1052 Symeon

91 1061 246 1152 Cieophue
270 1068 364 1153 putrui
390 1069 467 1133 iilius
496 1091 530 1134 ue
558 1066 674 1156 losephi
702 1070 801 1134 fratris
829 1069 916 1134 titius.
963 1068 1095 1152 Quorum
1123 1069 1250 1132 omnium

90 1179 226 1254 tempore
250 1172 416 1256 seriemque
439 1173 635 1252 subiecimus,
660 1173 715 1236 hoe
738 1182 782 1236 est
799 1169 1072 1256 Hierosolymorum
1098 1173 1252 1257 episeopus

90 1272 263 1358 omnesqui
282 1270 626 1354 recommemorent,
651 1298 707 1340 une
727 1297 791 1339 enm
807 1276 1012 1360 imperatorum
1033 1274 1198 1338 nominibus
1216 1274 1252 1336 ed

89 1373 250 1438 Aureliani
268 1373 414 1462 Probique
438 1389 586 1464 tempore,
610 1378 715 1464 quibus
730 1375 838 1442 Manes
860 1395 1013 1461 emergere
1029 1377 1141 1462 eoepit,
1167 1377 1252 1440 homo

87 1473 207 1556 Perse,
231 1499 248 1542 o
272 1501 328 1564 quo
352 1481 561 1547 absurdissimo
585 1483 633 1546 itu
658 1480 790 1545 deutrine
813 1481 888 1544 edite
909 1490 955 1544 est
979 1490 1009 1543 et
1031 1481 1060 1542 in
1083 1480 1184 1544 urbem
1208 1480 1252 1542 in·

88 1581 240 1644 troduete.

249 1787 427 1839 ELENCIIUS
446 1789 674 1841 uttscorottunt
693 1787 1103 1840 fluunosoetnttrnttonum

239 1887 264 1954 l.
299 1889 436 1968 Iacobus,
461 1893 509 1978 qui
528 1894 602 1956 tuste
620 1911 725 1956 eaesus
742 1889 958 1977 Hierosolymis
976 1891 1148 1977 martyrium
1166 1890 1249 1972 obiit,
1271 1896 1331 1965 cap.
1343 1895 1407 1948 XX.

298 2015 391 2077 nsque
415 1995 450 2058 nd
472 1991 638 2058 Neronem.
1076 1993 1079 1996 ’

208 2092 264 2260 la.
301 2093 451 2261 'Symeom
475 2098 524 2182 qui
546 2098 600 2162 sub
617 2095 748 2162 Trnione
770 2097 799 2161 in
822 2119 939 2162 erucem
961 2109 1044 2162 aetus
1067 2111 1125 2162 est.

258 2244 266 2261 .
316 2200 400 2263 udus.
874 2209 879 2224 '

211 2297 266 2363 IV.
304 2299 477 2366 Zeeiteriau.

227 2399 266 2468 V.
304 2402 428 2468 Tobios.

212 2501 267 2570 VI.
303 2503 470 2572 Beniamin.

194 2604 265 2672 VII.
303 2605 429 2674 ioannes
452 2611 487 2676 ed
511 2633 617 2675 eunium
642 2611 784 2676 decimum
809 2633 916 2677 nonum
935 2609 1071 2678 Troiani.

177 2707 265 2775 VIII.
300 2709 455 2779 Muttines.

207 2811 265 2877 IX.
301 2811 464 2901 Phitippus.

221 2913 264 2980 X.
301 2914 430 2982 Serene.

210 3015 268 3082 XI.
305 3017 418 3100 Iustus,
442 3022 478 3084 ud
497 3019 622 3086 Adriani
646 3031 788 3105 tempore.

192 3117 268 3185 XII.
304 3119 409 3188 Lenis.

177 3220 268 3288 XIII.
306 3223 444 3310 Vuphris.

177 3323 267 3390 XIV.
304 3325 392 3392 Iosis.

188 3425 263 3493 XV.
300 3427 405 3511 luder,
429 3432 465 3496 od
488 3431 671 3495 uudeoImum
697 3453 804 3494 onnuur
824 3431 980 3494 Antonini.

406 3531 462 3599 flio
484 3555 525 3598 ex
548 3533 771 3598 eireumeisione
794 3535 874 3597 inere
896 3531 1170 3618 Hierosolymorum
1194 3533 1256 3620 epi·

346 3635 439 3722 scopi.
486 3635 535 3701 Ex
557 3637 715 3722 gentilibus
739 3657 811 3703 vero
834 3635 882 3720 qui
905 3645 1084 3723 sequuntur:

177 3733 269 3802 XVI.
303 3735 436 3802 Murcus.

158 3837 267 3905 XVII.
304 3837 478 3906 Caesianus.

144 3941 270 4009 XVIII.
306 3940 438 4008 Publius.

177 4042 270 4111 XIX.
304 4043 469 4111 MuxImus.

130 4273 156 4324 5.
176 4264 308 4337 ἅνδριαιοῦ
326 4271 395 4322 eeu.
411 4283 468 4322 mn.
489 4275 511 4321 et
532 4272 569 4320 ed.
588 4272 664 4332 omne.
722 4265 755 4320 ’6.
773 4261 890 4336 ’Euentu
908 4271 1001 4332 neren

76 4347 139 4398 ste
163 4342 230 4402 tetre
254 4341 319 4391 nne.
336 4337 386 4402 69,
403 4340 428 4390 ¹2.
452 4333 596 4405 'eveniente
619 4351 664 4401 oro
731 4333 756 4389 7.
774 4331 876 4403 'loonio
894 4339 989 4421 Niceten.

73 4404 242 4476 Ἀδριανὸν.
731 4405 756 4455 e.
774 4409 839 4457 Ltbrt
855 4419 933 4457 omnen
958 4403 1092 4459 Δντωνῑου.

156 4487 249 4546 (terpus
262 4487 397 4538 euenit
409 4487 439 4534 te
452 4491 473 4535 ².
1015 4495 1055 4560 23
