3168 4942
382 241 519 294 ranunu
537 243 602 296 mn
615 243 647 295 n.
665 243 748 296 uem.
761 243 793 295 u.
810 243 912 296 naun.
923 244 1020 298 αα.
1225 229 1289 299 tid

120 361 275 448 diwipohs
292 361 355 426 suia
375 359 452 426 heae
473 372 655 448 precaretur,
679 383 752 428 usus
768 383 838 429 este
855 363 981 448 legitur,
1003 369 1100 442 Pater,
1117 370 1155 428 du
1170 369 1231 430 illa'r
1243 369 1286 428 m·-
1298 375 1443 434 tamtus
1575 399 1576 412 1

8 495 18 528 ι
121 477 182 528 tum
198 466 302 528 belm
319 469 349 526 a'u
366 469 540 545 semehpor's:
572 469 642 528 bees
661 478 705 528 est
720 479 814 530 autem
830 472 888 529 utu
904 477 1039 542 rema,
1064 479 1099 530 tet
1114 480 1289 550 cognoscunt

121 581 153 632 te
175 571 266 632 telum
290 587 388 630 amum
408 571 506 643 deum,
537 580 660 650 atquem
680 573 785 632 mt'et'str'
798 575 891 634 Iesum
911 573 1066 632 utrumn.
1115 568 1227 634 Verum
1249 571 1287 635 de

7 701 24 736 n
120 670 318 736 hisomuihus
335 670 393 734 iam
411 669 703 756 antedisputavimus
718 671 748 736 in
764 691 871 757 magno
883 672 935 737 illu
949 674 985 736 de
1002 669 1076 736 Fide
1092 672 1180 752 libro,
1198 693 1286 758 quem

121 795 180 860 pre
202 772 313 856 ingenii
332 771 426 835 nostri
446 772 650 838 mediocritate
674 785 761 860 atque
784 775 984 840 imbecillitate
1007 777 1130 840 fratrum
1154 787 1286 840 nostrum

7 909 23 948 a
122 875 262 964 precibus
280 884 311 938 et
326 873 543 942 hortationibus
559 877 675 941 adducti
695 877 932 964 perscripsimus,
953 877 1000 942 uui
1011 879 1163 943 Ancurato
1180 897 1290 943 nomeu

123 978 301 1058 indidimusp
333 987 489 1062 propterea
510 980 605 1064 quud,
631 991 768 1064 quantum
792 999 845 1064 pro
861 979 972 1066 ingenii
998 981 1095 1045 nostri
1118 981 1216 1066 iuopia
1238 981 1290 1044 ad·

7 1121 24 1154 :.·
124 1081 248 1147 inrecte
265 1079 321 1144 deu
339 1081 480 1164 consequi
497 1081 663 1166 potuimus,
688 1084 884 1147 exvuuiversa
905 1081 1051 1168 scriptura
1069 1103 1141 1147 vera
1163 1103 1198 1146 ac
1219 1101 1288 1167 ger·

7 1229 23 1262 u.
125 1205 213 1248 mana
232 1181 348 1246 diuinae
368 1182 519 1246 doetrinae
535 1185 670 1270 dogmata
689 1185 862 1270 colligentes
881 1185 962 1252 velut
981 1206 1120 1250 ancoram
1141 1187 1286 1271 quandam

7 1331 24 1370 Γ,
122 1287 155 1352 iu
177 1307 278 1350 eorum
299 1286 406 1372 quinti
430 1285 542 1349 vellent
563 1287 706 1371 gratiam,
739 1287 956 1352 sanctissimam
982 1299 1096 1373 patrum
1119 1298 1288 1354 nostrorum

15 1435 23 1470 a
124 1389 229 1466 hdem,
253 1400 283 1452 et
298 1389 491 1474 apostolieum
508 1409 544 1452 ae
561 1389 774 1474 propheticam,
799 1389 835 1454 ab
850 1390 936 1454 initia
952 1393 987 1455 ad
1004 1392 1178 1456 hodiernum
1195 1411 1289 1476 usque

7 1541 23 1576 p
124 1503 240 1576 tempus
262 1491 292 1553 iu
318 1501 421 1554 sancta
443 1491 490 1554 dei
516 1491 643 1556 ecclesia
668 1492 866 1577 praedicatam
891 1494 1046 1558 manifeste
1070 1493 1288 1580 proposuimus,

124 1595 162 1660 ad
180 1591 342 1658 iniciendus
359 1604 390 1657 et
406 1592 598 1658 stabiliendos
616 1595 749 1673 animus,
782 1615 820 1659 ue
838 1596 945 1660 diaboli
963 1597 1189 1660 commentisau
1211 1597 1290 1660 irau-

7 1755 22 1788 ,,
123 1697 210 1762 dibus
226 1695 282 1760 buc
297 1696 424 1782 illucque
443 1696 637 1775 luctarentur,
661 1707 712 1761 aut
727 1718 768 1762 ex
786 1697 823 1762 iis
840 1709 1043 1783 tempestatum
1063 1699 1199 1763 ductibus
1215 1717 1289 1783 quus

7 1838 25 1892 ,A
123 1799 229 1864 variae
247 1799 276 1863 in
302 1798 374 1863 urbe
400 1799 541 1863 haereses
568 1799 719 1885 multiplici
737 1800 899 1884 agitatione
919 1813 1109 1866 commovent
1121 1799 1291 1865 detrimenti

14 1964 22 1992 ²
123 1903 280 1989 quicquam
297 1901 478 1986 acciperent.
526 1897 579 1966 Sic
595 1903 674 1966 enim
693 1913 724 1965 et
738 1901 897 1987 discipulus
915 1904 1139 1968 euos-domiuus
1155 1902 1289 1968 edocuit:

14 2065 22 2098 :
123 2009 178 2080 Si,
203 2003 315 2088 inquit,
340 2008 417 2086 quud
431 2009 515 2068 suino
527 2009 649 2068 undtbtt'c
665 2011 695 2068 tir
713 2007 791 2068 mnu
813 2011 965 2081 memmi,
990 2027 1039 2070 aas
1054 2012 1085 2069 in
1103 2027 1147 2068 me
1166 2008 1445 2074 munaidtmutnt.

8 2171 17 2185 ,
124 2113 180 2183 tr'r,
213 2118 242 2169 et
266 2129 320 2189 ego
342 2112 373 2169 is
393 2107 490 2170 wbt's:
519 2129 573 2188 ego
588 2113 619 2170 rit
629 2119 717 2190 putre
739 2119 834 2170 etuas
850 2113 880 2172 in
902 2129 955 2170 me.
1002 2106 1097 2192 luitur
1111 2129 1204 2174 verae
1222 2108 1291 2172 lidei

123 2211 263 2287 decreta,
288 2230 364 2294 quae
376 2214 399 2272 'a
417 2205 538 2273 Christo
556 2211 675 2274 dominc
694 2210 731 2274 ab
746 2209 832 2274 initio
850 2221 971 2298 accepta
990 2221 1075 2290 suut,
1108 2231 1199 2295 penes
1221 2233 1291 2276 san·

7 2301 14 2394 J
124 2324 205 2378 ctam
222 2313 268 2374 dei
292 2311 449 2376 ecelesiam
473 2312 617 2376 resident.
664 2309 793 2397 ideoque
811 2315 914 2378 eadem
937 2312 987 2376 illa
1011 2311 1059 2376 dei
1084 2314 1229 2390 ccclesia,
1258 2324 1291 2378 et

7 2401 19 2490 ⁸,
124 2415 294 2480 orthodoxe
312 2414 387 2478 indes
407 2415 439 2476 iu
459 2415 578 2478 dominu
595 2424 710 2494 manet,
742 2425 773 2480 ct
796 2415 971 2500 unigenitus*
984 2413 1119 2479 domiuus
1143 2417 1172 2480 iu
1192 2427 1289 2502 patre,

125 2528 159 2582 et
177 2527 262 2602 pater
279 2518 308 2582 in
325 2515 405 2596 lilio,
429 2529 459 2580 at
475 2539 530 2582 uos
548 2518 578 2580 iu
595 2517 661 2604 ipsc
679 2518 882 2602 perspiritum
898 2527 1046 2596 sanctum,
1070 2517 1097 2582 si
1115 2519 1201 2582 modo
1213 2530 1292 2586 tem·

7 2591 15 2728 ἰ
125 2621 175 2707 plo
197 2619 358 2684 efficiamur
377 2619 522 2684 eiusmodi
538 2639 613 2704 quae
630 2631 763 2684 unctum
787 2621 851 2684 eius
874 2620 1008 2706 spiritum
1026 2619 1160 2706 capiant3
1190 2641 1294 2706 quam-

125 2724 283 2788 admodum
301 2723 454 2808 apostolus
470 2723 615 2807 loquitur:
649 2726 705 2784 Vua
726 2727 858 2804 templum
879 2727 928 2786 dci
944 2729 1030 2799 meh,
1060 2736 1092 2786 et
1105 2728 1224 2805 aperitur
1244 2727 1445 2795 deducuntur

7 2797 23 2918 ἶ
123 2827 390 2890 manumortis.
438 2822 658 2888 Proindetleus
677 2845 714 2889 ea
733 2827 789 2889 deu
812 2827 1016 2912 spirituatem,
1041 2845 1195 2913 perquem
1219 2836 1292 2890 tem·

7 2931 17 3014 ζ
123 2930 173 3016 pla
188 2927 286 2992 saucti
305 2928 425 3013 spiritus
443 2927 644 3012 appellantur,
677 2927 814 3013 siipsius
838 2927 976 2994 innubis
1001 2929 1135 3014 spiritum
1160 2929 1292 2994 habitare

123 3032 283 3118 patiamur.
330 3027 446 3116 Quippe
466 3027 579 3096 Christi
593 3029 714 3115 spiritus
728 3029 850 3115 spiritus
867 3043 914 3097 est
929 3053 946 3094 a
962 3043 1045 3118 patre
1059 3033 1238 3116 procedens,
1260 3041 1292 3098 et

123 3133 276 3220 accipiens
298 3155 316 3196 a
337 3133 417 3212 filio,
442 3143 474 3196 ut
494 3133 559 3218 ipse
576 3133 708 3198 'testatur
728 3133 910 3218 unigenitus.

213 3234 300 3320 Quae
319 3257 373 3300 uos
395 3235 493 3302 umuia
518 3235 548 3299 iu
571 3256 607 3300 eu
627 3256 712 3322 quem
736 3236 867 3301 diximus
891 3237 966 3302 libro
988 3235 1109 3300 uberius
1125 3234 1288 3321 explicari·¹
1334 3253 1393 3322 cap.

7 3342 12 3440 ζ
124 3359 211 3418 mus,
235 3359 321 3422 quem
340 3337 428 3402 etiarn
453 3338 483 3401 iu
501 3335 703 3424 Pamphyliam
727 3359 763 3402 ac
779 3337 920 3404 Pisidiam
944 3339 1087 3403 misimus.
1134 3337 1201 3404 Huc
1218 3323 1428 3404 reroxxwss·

123 3443 213 3521 loce,
239 3440 376 3526 quoniam
392 3439 428 3503 ad
447 3458 499 3503 eas
515 3439 678 3504 sententies
697 3441 733 3502 de
754 3439 863 3524 quibus
879 3441 1017 3527 deinceps
1032 3441 1168 3526 quaestio
1190 3463 1291 3507 move.

124 3555 177 3609 tur
192 3545 393 3630 pervenimus,
418 3542 589 3606 necessario
609 3542 712 3606 eadem
728 3553 864 3629 repetere
883 3544 1059 3623 studuimus,
1084 3555 1205 3630 prepter
1223 3544 1292 3608 bae·

7 3632 15 3667 ''
122 3645 205 3711 resia
224 3645 310 3712 huius
327 3644 510 3710 conditorem
527 3644 633 3708 Arium
650 3654 682 3710 et
695 3645 825 3712 Arianos
842 3647 906 3711 eius
923 3646 1072 3725 asseclas,
1097 3665 1156 3732 quo
1172 3665 1292 3710 omnem

122 3749 242 3815 illorum
258 3748 475 3835 improbitatem
490 3746 701 3829 discutiamus,
726 3769 802 3834 quae
819 3761 849 3813 et
864 3749 892 3813 id
907 3749 982 3834 qnod
999 3748 1085 3812 dulce
1102 3748 1193 3812 estin
1210 3769 1292 3812 ama·

7 3847 14 3868 ''
122 3875 211 3932 mm,
234 3863 266 3916 et
282 3852 390 3916 bunum
415 3852 445 3914 iu
470 3850 597 3932 mulum,
628 3851 772 3916 etlncem
796 3851 982 3916 inlecebras
1006 3849 1166 3915 convertit.
1211 3848 1290 3914 Nam

122 3955 272 4020 adversus
295 3955 441 4019 eiusmodi
457 3953 591 4018 hemines
608 3959 666 4016 Vae
687 3954 756 4018 illud
776 3954 896 4019 omuino
923 3975 976 4041 par
995 3951 1101 4019 lsaiam
1119 3953 1290 4040 prophetam
1304 3969 1432 4027 lanan

122 4058 263 4122 domiuus
284 4057 480 4144 imprecatur,
504 4062 557 4138 qui
569 4059 777 4120 mactarentur
793 4069 975 4120 commutent.
1023 4055 1157 4141 Quorum
1173 4055 1289 4141 quidem

7 4157 9 4184 ³
123 4181 232 4226 mussa
252 4179 434 4289 nequaquam
451 4159 645 4224 adscribenda
667 4161 723 4223 deu
745 4171 811 4240 eat,
840 4159 892 4224 sed
916 4159 1036 4224 cuilibet
1058 4160 1200 4241 istorum,
1225 4160 1290 4225 sire

121 4352 202 4402 bum-it
219 4351 308 4400 ultetdu
293 4363 413 4402 usmaro
426 4353 575 4414 demurplne
588 4351 694 4412 rcpetitu.
761 4347 786 4398 5.
804 4343 874 4414 παρὰ
896 4348 941 4402 τοῦ
963 4346 1059 4414 πατρὸς
1081 4351 1178 4400 mneos
1195 4351 1294 4402 Vosmet.

157 4413 185 4469 4
202 4411 254 4471 aiud
272 4419 407 4469 munit
421 4421 502 4470 Petam
528 4419 641 4468 Libriltu
642 4419 694 4470 brut
728 4419 869 4468 chieclcr'
885 4419 983 4468 diatim
1002 4418 1088 4469 dueod.
1107 4419 1134 4467 Ρ.
1149 4419 1168 4468 1.
1176 4413 1289 4500 ,ρ.,..·14

120 4481 183 4540 nard·
762 4482 821 4536 Ces.
831 4485 1004 4540 ustulat.-
1023 4485 1130 4538 ttttrt
1146 4453 1238 4539 und'
1205 4485 1294 4541 eumd
