3148 4938
354 221 492 274 ruuuuu
508 223 571 274 uun.
584 223 616 275 ιι.
632 221 714 275 rou.
728 223 761 276 ιι.
779 219 878 274 unns.
893 221 1011 273 ιιιιιιι.
1198 207 1259 270 573

93 343 131 408 lis
148 341 376 422 constituamus,
409 353 442 406 nt
460 342 496 406 ad
521 341 676 408 ecclesiam
695 341 862 420 assideant,
897 361 992 424 oeque
1015 350 1066 404 aut
1087 339 1184 425 ipsos,
1209 348 1259 402 aut

95 445 224 510 clericos
243 465 418 512 aversemur
437 445 497 528 (bis
514 445 591 510 enim
609 443 709 510 verbis
726 465 810 510 usum
829 463 897 508 osso
916 443 1062 506 constanti
1087 443 1164 508 lama
1186 439 1259 504 didi-

96 547 223 629 cimus),
255 567 292 612 no
308 558 336 612 et
352 548 464 632 pudore
482 558 512 611 et
530 547 671 611 dilatione
688 545 736 610 illa
754 544 912 630 temporis,
938 543 986 629 qui
1003 544 1095 608 semel
1114 563 1183 630 prae
1205 543 1258 606 im·

95 649 256 714 beoillitate
277 660 306 714 et
324 649 444 733 ignavia
464 669 481 712 a
501 648 617 714 diabolo
642 649 780 712 concussi
801 668 837 712 ae
858 647 1025 712 labefactati
1050 657 1120 710 sunt
1144 644 1260 729 penitus

95 751 274 830 desciscant,
292 772 347 816 nec
365 752 524 816 remedium
544 750 632 814 ullum
650 751 825 830 adbibeaotq
848 749 1088 832 quemadmodum
1107 767 1211 811 sacrae
1227 745 1261 808 li-

97 864 181 919 lerae
200 852 400 939 praecipiunt,
424 857 489 916 Non
504 856 787 934 peruerb‘cloudum,
811 855 864 913 sed
876 855 979 914 sonan·
993 855 1100 932 potnias.
1148 847 1260 933 Quam·

77 955 199 1020 -obrem
220 953 302 1020 Petri
324 956 438 1040 quidem
465 955 560 1019 oratio
583 955 619 1018 ad
645 953 830 1019 clementiam
854 952 1260 1038 humanitatemquespecta·

97 1058 165 1136 bat,
189 1055 305 1122 Meletii
324 1079 396 1124 uero
419 1079 454 1122 ac
471 1059 615 1122 lautorum
634 1057 699 1122 eiua
715 1055 848 1122 veritatis
869 1075 904 1120 ac
923 1055 1014 1119 diuini
1032 1052 1148 1118 ardoris
1164 1064 1262 1138 patro·

96 1159 206 1224 ciuiuus
228 1172 412 1246 susceperat.
460 1156 535 1225 Cum
561 1181 634 1245 ergo
659 1179 726 1225 ase
750 1158 876 1222 inuicem
896 1159 1014 1224 diversa
1031 1156 1193 1233 sentirent,
1221 1175 1259 1218 ex

96 1283 284 1346 eorumquae
299 1263 444 1347 utrimque
461 1261 508 1348 pie
527 1284 561 1326 ao
575 1261 716 1346 religiose
731 1260 957 1348 proferebantur
973 1260 1131 1324 occasione
1148 1268 1178 1322 et
1194 1277 1261 1344 spe·

95 1363 143 1426 cie
163 1363 290 1429 schisma
309 1365 463 1428 condatum
480 1376 537 1428 eat.
587 1363 704 1428 Etenim
724 1360 831 1428 Petrus
849 1362 1086 1447 archiepiscopus
1112 1381 1177 1424 cnm
1198 1360 1261 1424 aui·

95 1466 297 1532 madverteret
314 1466 468 1530 consilium
489 1487 574 1531 suum
595 1464 784 1530 humanitatis
803 1465 1002 1551 plenissimum
1020 1461 1190 1528 llleletianis
1207 1462 1261 1526 mi-

95 1567 175 1632 nime
190 1567 347 1652 placuisse,
372 1569 448 1652 quod
464 1567 633 1633 ardentiore
647 1567 738 1634 divini
758 1568 879 1632 bonoria
895 1567 993 1631 studio
1009 1565 1181 1650 llagrarent,
1198 1585 1260 1628 me·

95 1668 145 1732 dio
167 1669 194 1732 iu
214 1689 335 1742 carcere
350 1669 485 1754 pallium,
510 1671 585 1755 quod
602 1668 738 1734 iodicium
757 1670 880 1748 dicitur,
903 1667 961 1733 veli
979 1668 1073 1732 instar
1091 1668 1260 1753 appendens

94 1771 272 1856 proclamari
289 1791 306 1836 a
324 1770 448 1836 diacono
467 1771 572 1836 iussitc
606 1769 665 1854 Qui
687 1793 800 1838 meounr
819 1771 968 1848 sentiunt,
1000 1771 1056 1836 buo
1081 1771 1117 1834 ad
1144 1790 1189 1832 mc
1208 1788 1259 1834 ve-

94 1873 199 1952 niantq
232 1872 280 1958 qui
303 1870 419 1938 Meletii
445 1874 575 1960 opinioni
601 1876 719 1952 lavent,
749 1875 785 1938 ad
806 1871 973 1939 Meletiuru.
1020 1871 1106 1956 Quod
1134 1870 1262 1935 comita

95 1978 206 2041 iactum
226 1988 324 2058 esset,
356 1978 451 2042 diviso
467 1978 497 2040 in
516 1985 615 2062 partes
632 1976 738 2061 popolo
754 1976 976 2062 episcoporum,
1000 1973 1210 2041 monachorum
1233 1983 1261 2036 et

94 2077 338 2164 presbyterorum
361 2102 395 2144 ac
413 2080 592 2164 reliquorum
609 2079 742 2143 ordinum
763 2079 856 2144 maior
873 2098 1012 2143 numerus
1029 2097 1097 2140 sese
1112 2077 1148 2139 ad
1165 2073 1274 2144 lllelc-¹

94 2181 169 2244 tium
188 2180 339 2262 adiunxit,
371 2184 456 2267 pauci
478 2182 593 2266 quidem
612 2181 815 2268 episcoporum
842 2192 871 2246 et
885 2181 1008 2244 aliorum
1028 2175 1149 2243 Petrum
1166 2177 1262 2240 archi·

95 2282 267 2368 episcopum
291 2284 385 2348 secuti
410 2293 490 2348 suot.
537 2281 606 2367 Quo
629 2303 669 2348 ex
694 2293 826 2370 tempore
845 2303 949 2368 preces
966 2303 1001 2346 uo
1016 2280 1161 2345 sandicis
1180 2290 1260 2344 cete·

93 2405 205 2469 raraque
229 2407 331 2451 omncs
354 2385 538 2452 ceremonias
561 2385 691 2471 separati
714 2407 730 2450 a
751 2405 784 2448 se
806 2385 932 2450 invicem
955 2381 1103 2448 obierunt.

182 2587 256 2654 Post
283 2591 355 2654 baec
379 2587 654 2675 Petrosmartyrio
674 2589 796 2656 effeetus
819 2599 866 2654 est
887 2588 1063 2654 Alexandro
1084 2605 1260 2651 successore

94 2690 221 2770 relicto,
253 2691 300 2754 bic
329 2693 405 2756 enim
426 2703 492 2776 post
515 2688 635 2756 Petrum
654 2690 877 2756 Alexandrinae
904 2690 1049 2756 ecclesiae
1076 2688 1262 2774 praepositus

94 2803 157 2856 est.
202 2790 346 2858 Meletius
371 2813 443 2859 vero
467 2814 533 2858 oum
559 2793 625 2858 aliis
646 2793 794 2879 plerisque
816 2795 984 2879 relegatus,
1012 2793 1097 2864 etad
1116 2791 1262 2858 Pbaucsia

94 2893 216 2959 metalla
234 2894 388 2962 damnatus
409 2905 466 2958 est.
507 2892 581 2960 Post
596 2895 665 2960 illnd
685 2907 799 2981 tempus
815 2893 955 2962 Meletius
969 2917 1034 2959 cum
1050 2895 1185 2960 omuibus
1203 2895 1261 2960 illis

1 3003 2 3008 ’
94 2997 336 3076 confessoribus,
360 2995 410 3082 qui
427 2997 512 3060 tracti
528 2997 698 3081 abreptique
716 3019 781 3060 curn
798 3019 834 3061 eo
854 3000 981 3076 lucrant,
1006 3008 1065 3060 tom
1081 2998 1111 3060 iu
1126 3017 1259 3074 carcere,

94 3119 186 3182 quam
201 3098 230 3162 in
253 3098 359 3162 itinere
380 3119 415 3162 oc
432 3119 643 3183 quamcumque
661 3098 812 3183 regionem
833 3099 986 3183 looomque
1005 3109 1196 3185 peragraret,
1220 3097 1260 3160 ibi

94 3200 242 3280 clericos,
267 3201 437 3286 episcopos,
471 3199 662 3285 presbyteros
681 3210 710 3264 et
736 3202 875 3266 diaconos
901 3201 1043 3278 instituit,
1076 3221 1110 3264 ao
1130 3199 1260 3286 privatas

94 3301 244 3366 eeclesias
265 3302 414 3382 fundavit,
447 3323 513 3366 curu
532 3301 649 3366 interim
673 3323 727 3366 nec
751 3305 779 3367 hi
801 3325 866 3368 cum
889 3303 966 3384 illis,
999 3323 1054 3370 neo
1071 3303 1110 3366 illi
1127 3325 1193 3368 cum
1216 3301 1261 3368 uis

95 3425 254 3468 commune
275 3403 383 3488 aliquid
399 3403 554 3468 habereut.
601 3401 697 3468 Porro
716 3425 799 3470 suam
822 3407 944 3491 quisque
963 3405 1117 3473 ecelesiam
1134 3404 1261 3470 diversis

95 3507 266 3570 nominibus
282 3506 476 3572 inscribebat.
520 3503 600 3578 Nam
616 3503 700 3568 Petri
714 3527 919 3587 successores,
943 3528 1034 3592 penes
1050 3529 1124 3592 quos
1141 3518 1261 3574 veteres

95 3619 186 3673 eraut
202 3608 365 3686 ecclesiae,
397 3607 560 3673 oatbolioae
579 3606 722 3672 ecclesiae
747 3609 860 3674 titulum
886 3609 1083 3692 usurpabant,
1106 3599 1261 3674 Meletiaui

95 3709 254 3776 ecclesiam
272 3721 445 3796 martyrum.
483 3707 578 3795 lgitur
592 3707 856 3796 Eleutheropolim,
881 3709 995 3776 Gazam
1011 3723 1041 3776 et
1058 3710 1176 3776 Aeliam
1192 3731 1260 3795 pro·

93 3815 194 3878 iectus
210 3809 351 3878 Meletiua
370 3811 526 3897 plerosque
544 3811 579 3876 ad
604 3832 671 3877 eum
687 3813 803 3878 modum
828 3811 986 3880 ordinavit.
1030 3812 1207 3897 deciditque
1229 3821 1261 3876 ut

94 3915 133 3980 ad
151 3917 268 4002 metalla
289 3913 398 3980 diutius
414 3915 608 3979 detineretur.
653 3912 714 3980 Sed
733 3915 768 3980 ab
784 3915 823 3980 iis
841 3915 958 3980 taudem
974 3916 1164 3980 consessores
1188 3913 1261 3978 libe·

92 4017 157 4083 ruti
181 4029 268 4096 sunt,
298 4028 355 4082 tam
381 4017 431 4100 qui
453 4013 544 4080 Petro
569 4016 708 4081 lavabant
733 4017 841 4101 (adbuc
866 4017 944 4081 euim
972 4017 1137 4102 complures
1162 4015 1260 4098 erant)

94 4141 185 4204 quam
200 4117 369 4182 Meletiani.
416 4115 476 4200 Qui
492 4117 607 4203 quidem
630 4118 658 4180 iu
675 4117 799 4181 metallis
817 4139 835 4180 a
857 4128 958 4182 mutua
981 4118 1187 4182 communione
1209 4117 1260 4180 ab·

91 4251 151 4288 nem
167 4242 220 4288 onte
233 4234 366 4306 caeptam,
383 4240 506 4300 repetitam
519 4239 666 4288 videliacus
699 4241 736 4287 tte.
770 4239 893 4300 Supplevit
909 4251 961 4288 eom
972 4241 1092 4300 Petouius,
1108 4243 1130 4288 ct
1145 4240 1259 4290 lossen-

92 4307 166 4356 initlo
179 4307 288 4356 vocabuli
301 4305 364 4368 quod
379 4307 491 4368 sequitur,
508 4306 577 4367 idque
586 4309 664 4368 ipsium
698 4306 762 4370 lipsa.

91 4373 240 4424 modum
257 4375 282 4424 to
299 4367 417 4441 αἰσχύνῃ.
729 4371 755 4430 d
773 4367 841 4428 dedo.
855 4370 991 4439 damnosior
1008 4375 1060 4428 eod.
1071 4375 1172 4440 libedip.
1196 4369 1258 4443 dbd'l

128 4439 156 4492 2.
177 4437 220 4494 ort
237 4443 302 4492 otest
320 4454 337 4490 o
353 4441 419 4492 tttrr's
433 4444 455 4492 οι
467 4441 561 4504 scintis
577 4445 599 4492 et
612 4441 662 4492 odi·
696 4439 822 4508 consocios
838 4443 891 4494 eod.
909 4445 996 4496 boras.
