3176 4930
327 218 388 283 326
751 230 874 284 εευοτι
892 229 1061 284 nmmum

327 345 530 437 λῃστεύοντες,
552 345 573 426 τί
592 345 628 412 τά
647 344 718 414 άλλα
741 346 798 412 ὅσα
816 345 887 415 άττα
907 346 957 414 διά
975 346 1109 430 σοι’μαιος
1132 345 1308 434 πράττοντες
1324 346 1345 431 ἢ
1360 355 1481 414 ποιοῦν·

329 475 375 524 τες
394 452 469 531 έχειν
487 446 658 531 ἐδυνάμεθα
676 449 759 534 παρά
774 454 880 540 δικαίῳ
902 457 1004 540 κριτῇ,
1026 447 1180 526 ἀδυνάτως
1198 449 1322 534 ἐχούσης
1340 459 1394 534 τῆς
1415 471 1483 532 σορ-

329 551 383 628 κύς
399 549 619 620 ὑποτάσσεσθαι
636 559 678 640 τῷ
692 553 775 640 νόμῳ
793 560 847 619 τοῦ
863 561 947 619 θεοῦ.
983 559 1056 629 Παῖς
1070 551 1126 638 γάρ
1142 551 1179 618 άν
1196 556 1344 636 μεμπτέον
1361 552 1485 620 ἐδύνατο

330 653 363 722 τύ
387 662 473 735 στῦμα
491 653 566 722 κατά
587 653 641 738 τήν
660 663 828 738 προςοῦσαν
846 653 928 744 αύτῷ
951 653 1044 737 φύσιν
1066 659 1154 738 βιοῦν
1174 653 1266 734 είναις
1309 653 1393 721 Ἀλλά
1415 654 1486 722 ούδέ

288 787 291 793 ·
330 755 422 833 άλλως
438 759 479 832 εἰς
495 754 613 841 άγνείαν
629 756 650 840 ἢ
666 755 772 841 άρετιὶν
790 754 964 840 ὑπαχθῆναι
977 755 1010 824 εδ
1026 765 1111 840 σῶμα
1128 756 1268 836 ἐδύνατο,
1290 756 1429 840 πεφνκδς
1445 755 1487 839 μη
1578 771 1579 806 f

331 855 551 925 ὑποτάσσεσθαι
571 868 613 948 τῷ
631 859 748 949 άγοθςῦ.
792 863 836 926 El
856 858 912 946 γάρ
933 857 955 942 ἦ
982 857 1073 938 φύσις
1095 858 1217 942 τοιαύτη
1239 869 1292 944 τῆς
1313 858 1425 948 σαρκύς
1446 859 1487 944 μὴ

330 961 484 1028 δύνασθαι
497 959 720 1028 ὑποτάσσεσθαι
734 969 777 1051 τῷ
791 961 873 1051 νόμῳ
889 969 942 1028 τοῦ
958 969 1044 1041 θεοῦ,
1066 961 1158 1045 νύμος
1173 963 1205 1028 δὲ
1220 971 1296 1029 θεοῦ
1314 963 1488 1046 δικαιοσύνη

328 1067 378 1130 καί
404 1064 599 1148 σωφροσύνη,
623 1067 710 1148 ίγρῆν
732 1066 807 1147 μηδέ
824 1063 1033 1148 παρθενεύειν,
1056 1063 1127 1148 μήτε
1145 1064 1373 1150 έγκρατεύεσθαι
1396 1064 1486 1132 δύνα-
1578 1079 1579 1122 ί

330 1177 404 1234 σθαι
428 1166 461 1233 τά
481 1165 604 1233 σύνολον
628 1168 705 1244 ὅλως
724 1171 756 1233 έκ
780 1165 899 1242 παντός.
944 1171 986 1232 Εἰ
1010 1169 1042 1234 δέ
1063 1167 1283 1252 παρθενεύονσι
1307 1171 1357 1234 καί
1383 1171 1488 1254 έγιιρα-
1578 1155 1579 1202 ί

303 1359 305 1364 Α
328 1269 474 1348 τεύονται,
497 1270 632 1350 δηλονότι
647 1267 679 1336 εδ
696 1278 780 1352 σῶμα
796 1267 1020 1336 ὑποτάσσουσιν.
1057 1269 1169 1346 ’Ἁλλως
1184 1267 1239 1355 γάρ
1257 1269 1489 1356 έγκρατεύεσθαι

329 1369 475 1456 άμαρτίας
492 1369 647 1438 α’δύνατον.
694 1371 758 1438 Ούκ
775 1371 833 1456 άρα
850 1371 887 1438 ού
904 1372 1028 1438 δύναται
1043 1370 1076 1437 εδ
1096 1380 1182 1454 σῶμα
1203 1370 1427 1440 ὑποτάσσεσθαι
1448 1381 1489 1464 τῷ

330 1483 382 1542 τοῦ
398 1482 478 1542 θεοῦ
492 1474 591 1562 νόμῳ,
614 1477 677 1540 ἐπεί
693 1483 758 1551 πῶς
772 1473 810 1539 δν
826 1473 844 1542 ὑ
858 1472 998 1558 Ἰωάννης
1013 1472 1154 1552 ὑπέταξεν
1170 1477 1278 1542 έαντοῦ
1294 1474 1326 1542 τά
1343 1484 1432 1560 σῶμα
1447 1479 1491 1553 είς

207 1605 258 1650 τις.
271 1593 316 1640 σεε.
332 1575 464 1662 άγνείανς
493 1577 514 1660 ἢ
530 1586 595 1654 πῶς
612 1580 728 1662 Πέτρος
749 1580 790 1654 είς
810 1574 965 1662 δσιύτητα,·
993 1577 1015 1660 η’
1030 1579 1064 1644 οί
1074 1581 1204 1660 καθεξῆς
1220 1581 1262 1654 εἰς
1278 1577 1489 1662 δικαιοσύνηνς

331 1688 396 1756 παῖς
411 1681 442 1746 δέ
457 1682 508 1746 καί
522 1685 651 1758 Παῦλος,
674 1688 715 1746 Μ
716 1677 732 1762 ι)
749 1672 804 1746 σύν
818 1676 1027 1762 βασιλευέτωύ
1041 1678 1169 1764 άμαρτία
1181 1683 1213 1746 έν
1227 1686 1268 1769 τῷ
1284 1687 1387 1770 θνητῷ
1402 1679 1491 1764 ὑμῶν

332 1783 462 1864 σάματι,
485 1786 573 1868 λέγει,
596 1785 689 1870 ἐντῷ
711 1781 870 1849 ἐπακούειν
885 1793 951 1859 ταῖς
972 1785 1147 1864 ἐπιθυμίαις
1169 1781 1277 1848 αύτοῦ·
1307 1785 1381 1866 μηδέ
1400 1812 1490 1870 παρι-

331 1883 448 1950 στάνετε
468 1883 504 1950 τά
522 1888 593 1966 μέλη
612 1881 697 1966 ὑμῶν
719 1886 796 1950 ύπλα
819 1881 938 1962 α’δικίας
956 1892 992 1974 τῇ
1017 1882 1162 1973 άμαρτίμ,
1190 1883 1262 1950 άλλά
1283 1885 1491 1974 παραστήσατε

336 1985 484 2062 1ἑαυτούς
500 1995 541 2074 τῷ
555 1994 634 2074 θεῷ,
657 1983 725 2062 εύςεὶ
743 1991 776 2052 έκ
798 1993 912 2073 νεκρῶν
935 1994 1059 2065 ζῶντας,
1080 1989 1134 2052 καὶ
1155 1985 1192 2050 τά
1211 1989 1283 2070 μέλη
1303 1987 1390 2070 ὑμῶν
1411 1988 1492 2054 ὅπλα

331 2092 523 2170 δικαιοσύνης
538 2097 579 2176 τῷ
595 2094 676 2178 θεῷς
698 2091 750 2154 καὶ
767 2088 870 2168 πάλιν,
884 2087 998 2173 Ὥςπερ
1014 2088 1213 2174 παρεστήσατε
1229 2089 1266 2154 τά
1287 2093 1359 2173 μέλη
1378 2089 1491 2174 ἳύμεῦν

332 2195 424 2258 δοῦλα
446 2199 483 2281 τῇ
504 2189 676 2280 α’καθαρσίμ
700 2193 750 2256 καί
768 2199 804 2280 τῇ
822 2191 931 2280 άνομίμ
949 2195 992 2268 είς
1008 2190 1061 2275 τήν
1078 2189 1220 2274 άνομίαν,
1243 2191 1338 2268 οὕτως
1354 2201 1412 2260 νῦν
1434 2221 1492 2260 πα-

331 2294 493 2380 ραστήσατε
515 2293 551 2358 τά
573 2296 643 2377 μέλη
666 2291 751 2376 ὑμῶν
772 2298 865 2360 δοῦλα
885 2301 922 2384 τῇ
944 2293 1120 2384 δικαιοσύνη
1142 2297 1184 2371 είς
1205 2291 1367 2381 άγιασμύνς

141 2586 146 2595 Ι
189 2506 256 2575 Κεφ.
270 2504 316 2577 νβ’.
421 2496 542 2565 Ούκοῦν
558 2503 695 2586 ἐγίνωσκε
710 2498 859 2566 δύνασθαι
874 2499 1086 2567 διενθύνεσθαι
1110 2499 1141 2566 τύ
1161 2499 1307 2583 σκήνωμα
1323 2507 1416 2566 τοῦτο
1438 2503 1491 2568 καὶ

333 2601 426 2668 νεύειν
449 2601 527 2686 πρύς
550 2600 583 2668 τύ
609 2601 741 2688 άγαθύν,
771 2606 820 2668 ἵνα
843 2610 1034 2689 νεκρωθοῖσιν
1056 2605 1088 2668 έν
1115 2600 1197 2691 αύτῷ
1219 2599 1257 2668 τά
1283 2601 1492 2686 άμαρτήματα,

332 2701 413 2770 Ἐπεί
438 2713 503 2780 πῶς
526 2707 631 2788 έτέρως
652 2709 844 2787 δουλωθῆναι
865 2713 902 2796 τῇ
927 2707 1103 2794 δικαιοσύνη
1127 2703 1250 2771 δύναται
1272 2702 1290 2770 ύ
1313 2703 1492 2792 ἅνθρωπος,

338 2809 411 2870 ικαὶ
429 2805 476 2888 ἐφ’
492 2804 586 2889 ἡμῶν,
613 2804 665 2872 έάν
683 2805 724 2889 μὴ
738 2807 882 2892 πρότερον
897 2805 1048 2885 ὑποτάξας
1064 2806 1156 2874 αύτοῦ
1171 2806 1207 2874 τά
1224 2810 1296 2890 μέλη
1312 2816 1364 2891 τῆς
1381 2809 1494 2894 σαρκύς

335 2911 377 2984 είς
394 2907 426 2974 τύ
444 2908 485 2991 μὺ
504 2908 668 2976 ὑπακούειν
684 2908 759 2975 αὑτά
775 2917 811 2999 τῇ
829 2908 973 2999 άμαρτίγ,
996 2908 1066 2978 άλλά
1089 2917 1125 2999 τῇ
1144 2908 1334 2999 δικαιοσύνη,
1356 2911 1493 2977 πολιτεύ-

336 3031 420 3092 σηται
443 3009 506 3076 κατ’
523 3009 606 3088 α’ξίαν
626 3019 679 3078 τοῦ
697 3019 843 3096 Χριστοῦς
867 3010 969 3096 ἐπειδὴ
985 3010 1018 3078 τδ
1036 3010 1202 3096 άμαρτῆσαι
1215 3015 1266 3080 καλ
1281 3011 1315 3078 τύ
1333 3012 1374 3096 με)
1397 3010 1493 3099 ἆμαρ-

334 3121 421 3194 τῐγσαι
438 3113 488 3180 διά
508 3121 561 3179 τοῦ
578 3113 713 3198 σώματος
726 3119 851 3200 γίνεται,
873 3123 927 3197 τῆς
940 3122 1040 3198 ψυχῆς
1055 3113 1076 3196 ἢ
1092 3113 1168 3198 πρύς
1185 3112 1290 3198 άρετήν
1308 3113 1420 3200 ἣπρδς
1439 3144 1493 3184 κα-

334 3221 404 3282 κίαν
428 3213 544 3306 σ’ργάνφ
566 3219 717 3300 χρωμένης
741 3214 829 3305 αύτῷ.
874 3221 918 3282 Εί
937 3216 993 3303 γάρ
1013 3215 1081 3283 ούτε
1101 3215 1223 3300 πόρνοι,
1246 3215 1314 3284 οῦτε
1337 3218 1491 3284 είδολολά·

334 3345 416 3402 τραι,
445 3317 513 3384 ούτε
536 3322 632 3402 μοιχοί
639 3355 651 3399 ,·
677 3318 745 3384 ούτε
767 3316 984 3405 α’ρσενοκοῖται,
1013 3317 1081 3384 οὔτε
1099 3321 1241 3402 μαλακοί,
1269 3317 1337 3385 οῦτε
1357 3324 1492 3401 κλέπται,

334 3419 403 3486 οῦτε
426 3423 612 3501 πλεονέκται,
643 3419 709 3487 ούτε
733 3423 879 3504 μέθυσοι,
909 3419 946 3488 οὑ
969 3425 1117 3505 λοίδοροι,
1145 3419 1213 3488 ούτε
1238 3421 1385 3510 ἅρπαγες,
1407 3427 1493 3506 βασι-

333 3529 412 3590 λείαν
428 3530 507 3588 θεοῦ
524 3530 744 3608 κληρονομῆσαι
762 3523 918 3604 δύνανται,
937 3528 1117 3606 πληροῦνται
1139 3525 1171 3588 δέ
1194 3530 1288 3590 ταῦτα
1311 3528 1362 3592 καὶ
1383 3525 1491 3610 κρατύ-

335 3653 436 3696 νονται
452 3624 502 3692 διά
518 3634 571 3692 τοῦ
588 3625 739 3708 σώματος,
762 3631 930 3694 δικαιοῦται
951 3627 983 3692 δέ
1005 3625 1119 3705 ούδελς,
1149 3624 1201 3692 έάν
1218 3626 1259 3710 μὴ
1277 3635 1397 3712 πρῶτον
1418 3655 1491 3714 κρει-

334 3728 419 3818 τήση,
442 3738 545 3815 κρατεῖ
558 3729 590 3794 δέ
604 3727 718 3794 τούτων
735 3727 752 3796 ά
768 3729 896 3796 ίκνεύων
910 3727 987 3814 πρύς
1003 3727 1203 3815 σωφροσύνην
1219 3732 1270 3794 καί
1285 3735 1392 3810 πίστιν,
1414 3727 1490 3796 ὑπο-

336 3831 472 3898 τάσσεται
489 3829 547 3915 άρα
565 3838 604 3918 τῷ
620 3830 702 3919 νόμῳ
720 3838 773 3896 τοῦ
789 3839 880 3896 θεοῦ·
902 3829 994 3914 νόμος
1009 3829 1065 3916 γάρ
1080 3839 1158 3898 θεοῦ
1176 3831 1365 3917 σωφροσύνη.
1400 3831 1491 3910 Ὦςτε

336 3931 354 3998 ύ
370 3931 533 4009 άπόστολος
549 3931 585 3999 ού
601 3931 656 4014 τὴν
673 3931 769 4016 σάρκα
786 3931 826 4016 μή
841 3930 1063 4002 ὑποτάσσεσθαι
1082 3941 1123 4022 τῷ
1141 3931 1247 4024 άγαθςῦ
1263 3937 1339 4017 ἔφη,
1362 3933 1432 4000 άλλά
1456 3933 1489 4000 τά

337 4035 477 4120 φρόνημα
493 4045 545 4120 τῆς
561 4035 686 4119 σαρκύς,
708 4033 772 4102 οἷον
786 4035 840 4119 τάν
854 4034 952 4120 ὑρμὴν
968 4034 1076 4119 αὑτῆς,
1099 4034 1193 4119 σύτήν
1208 4035 1264 4118 τήν
1282 4036 1360 4121 πρδς
1376 4036 1410 4102 τά
1425 4035 1488 4102 ἔδε-

336 4165 390 4204 κσν
409 4141 556 4205 ἔκκαυσιν.
598 4136 849 4223 Ἐκκαθαίρεσθαι
866 4147 938 4226 γοῦν
955 4142 1029 4222 έφη,
1052 4137 1115 4224 ύίχρι
1134 4141 1186 4205 καί
1207 4137 1262 4222 τὴν
1282 4162 1489 4226 γαστριμαργι-

372 4327 430 4378 (ἴεν.
457 4329 497 4377 [τί.
521 4358 555 4369 -
604 4332 625 4383 1.
651 4326 756 4390 ἑαυτούς
778 4333 804 4380 ιἰι
828 4333 892 4381 libris
962 4329 1020 4380 (λιν.
1040 4331 1144 4381 L11.-
1183 4334 1202 4381 1.
1229 4333 1279 4382 Νοπ
1304 4333 1380 4381 solum
1403 4334 1489 4394 aliquis
1578 4287 1579 4312 ί

337 4398 407 4458 νιιλρο
423 4397 574 4448 desideratur.
926 4412 1006 4448 ιοιυιιι
1020 4413 1078 4462 quus
1098 4401 1213 4450 allocutus
1233 4404 1265 4448 εει
1288 4403 1422 4462 apostotus,
1446 4402 1488 4448 ιεσ

371 4467 395 4514 2.
415 4465 487 4526 λἰιίμο
503 4459 585 4530 ὑμῶν.
925 4469 997 4516 etiam
1017 4470 1076 4518 ι’πίετ
1096 4482 1147 4518 ποι.
1182 4468 1312 4518 commus
1332 4473 1354 4518 τί
1376 4470 1486 4521 Petam
