3168 4942
337 213 476 266 ananan
491 215 556 267 am.
572 215 604 267 ιι.
621 215 704 268 rom.
717 215 748 266 n.
766 212 867 266 anau.
879 213 978 263 axrx.
1180 201 1242 265 693

74 346 181 414 guttae
205 337 355 414 meguuines
383 339 541 398 decidentes
568 339 598 398 a'n
627 345 749 398 turam.-
782 346 812 396 et
838 337 973 416 apparuit
993 335 1114 413 angelus
1135 337 1244 397 domena·

76 440 244 519 eonfhrtuns
265 441 365 518 ipsum
413 435 463 501 Ex
488 459 546 522 quo
565 437 735 502 voculamm
763 436 811 500 isti
833 447 1017 520 captatores,
1048 436 1130 498 velut
1153 457 1240 500 neca·

75 539 191 602 aionem
208 539 353 604 adversus
368 539 517 604 inimicum
535 541 630 621 noeti,
655 561 690 604 ac
707 541 872 624 gestientes
888 550 919 602 ct
936 537 1104 602 exultantes
1126 539 1166 601 ita
1185 561 1240 604 nos

77 652 262 728 oppugnant:
296 640 427 707 Videsne
445 644 531 707 etiam
551 664 624 730 opus
648 642 690 706 illi
717 642 808 706 luisse
830 651 861 704 ut
880 641 916 704 ab
931 641 1046 724 angelis
1064 642 1240 708 corrobora·

76 745 180 808 retrar?
202 741 419 810 corroboravit
435 746 514 809 anim
530 746 610 809 illum
632 745 775 829 angelus,
799 765 864 808 cum
883 744 911 806 in
931 742 1083 807 anxietate
1100 741 1148 806 illa
1173 765 1241 810 ver-

76 859 206 910 saretur.
252 843 359 932 Neque
376 849 493 928 vident,
519 848 575 912 nisi
596 847 669 911 baec
687 847 785 911 omnia
803 843 941 911 Christus
961 847 1158 930 suscepisset,
1183 849 1240 914 uisi

77 949 151 1012 baec
168 950 231 1034 ipsa
247 951 353 1029 verba,
387 955 453 1014 Non
474 974 535 1013 mea
554 954 702 1026 calmum,
727 954 778 1011 sed
799 961 864 1024 tue,
891 961 1079 1033 usurpasset,
1107 951 1163 1012 nisi
1187 972 1240 1014 ao·
1352 977 1353 982 ¹

74 1073 180 1135 gosem
196 1053 276 1116 illum
295 1053 384 1118 animi
402 1055 560 1130 subiisset,
585 1074 618 1116 nc
637 1053 693 1116 nisi
707 1052 833 1136 denique
853 1052 1027 1114 auderesne
1049 1073 1173 1137 corpore
1196 1054 1239 1117 di-

73 1155 235 1233 stillassst,
262 1166 351 1220 totum
370 1157 440 1220 illud
460 1167 629 1240 assumptae
645 1155 743 1218 carnis
760 1155 932 1241 mysterium
951 1153 1021 1216 nibil
1037 1166 1154 1240 praeter
1177 1157 1239 1242 opi·

73 1256 193 1321 ninnem
209 1279 244 1322 ac
257 1259 384 1343 speciem
404 1258 568 1323 habiturum
586 1257 689 1337 luisse,
706 1259 837 1342 adeoque
852 1255 1097 1320 Manichaeorum
1114 1255 1238 1322 etMar·

72 1360 267 1426 ciooistarum
285 1361 396 1425 larvam
414 1361 492 1424 illam
513 1370 543 1424 et
559 1359 759 1424 adumbratam
778 1359 953 1444 imaginem,
979 1381 1065 1444 quam
1083 1359 1119 1423 de
1141 1361 1238 1424 iucar-

72 1463 197 1528 nationc
212 1465 399 1550 praedicant,
423 1463 498 1527 baud
516 1463 671 1528 absurdam
690 1464 833 1542 luteram,
859 1483 954 1547 neque
968 1462 1124 1546 quidquam
1141 1464 1169 1526 in
1193 1464 1238 1528 in·

72 1565 247 1630 carnationc
266 1565 329 1651 ipsa
345 1565 442 1631 riarum
458 1565 493 1628 iri
510 1587 549 1630 ex
567 1567 610 1629 rei
630 1566 755 1632 veritate
770 1575 898 1648 gestum.
931 1563 1130 1649 Quamobrem
1150 1563 1238 1632 Cbri·

71 1678 138 1732 stus
154 1669 306 1746 domiuus,
330 1679 361 1732 ul
377 1668 468 1734 vitam
484 1679 613 1733 nostram
632 1689 666 1732 ac
681 1668 805 1732 salutem
823 1667 968 1747 muniret,
993 1668 1090 1731 omnia
1108 1669 1157 1733 illa
1176 1670 1238 1734 sin·

71 1770 168 1855 gulari
183 1770 385 1854 providentiae
400 1792 472 1835 sune
489 1770 704 1856 gubernatione
722 1771 864 1856 suscepit,
882 1781 911 1834 et
929 1791 966 1834 ex
987 1769 1114 1834 bumana
1128 1773 1237 1837 affectu

71 1895 133 1936 uon
152 1872 305 1952 simulate,
330 1875 381 1937 sed
400 1873 476 1937 bona
494 1874 566 1954 lide,
592 1872 742 1938 disseruit.
789 1871 908 1953 Veluti,
933 1875 998 1936 Non
1013 1895 1074 1936 meu
1091 1877 1233 1950 uoluntas,

71 1985 106 2038 ut
120 1996 239 2039 carnem
263 1996 369 2040 revera
390 1978 553 2041 subsistere
571 1977 710 2055 doceret,
735 1997 770 2038 ac
787 1985 846 2038 tam
871 1996 923 2038 eos
942 1943 1093 2040 auritteret
1110 1977 1159 2061 qui
1183 1978 1236 2041 bu·

70 2100 187 2142 marram
209 2078 289 2142 illum
314 2089 442 2142 mentem
464 2079 602 2143 babuisse
624 2090 768 2163 negarent
786 2099 872 2162 quam
891 2079 940 2162 qui
959 2099 1078 2144 carnem
1099 2079 1236 2144 detrabe·

70 2192 150 2244 rent.
198 2179 293 2265 Quam
310 2181 387 2244 enim
407 2182 620 2245 admirabiliter
637 2181 754 2245 divinus
773 2201 872 2244 sermo
896 2180 925 2244 in
950 2180 1077 2245 filiorum
1100 2182 1236 2268 caliginis

70 2282 170 2347 medio
186 2283 353 2348 consistens
372 2304 474 2347 eorum
496 2282 634 2348 tenebras
657 2282 826 2367 redarguit,
858 2305 892 2346 ac
916 2284 1050 2348 nemetis
1073 2285 1147 2348 filios
1170 2285 1236 2350 illu·
1321 2327 1329 2334 -

69 2387 165 2450 strat!
194 2385 408 2452 Animadverte
425 2387 502 2450 enim
518 2407 603 2471 qnam
621 2386 710 2449 oculta
726 2385 755 2448 in
773 2385 822 2450 illa
842 2387 977 2450 eratione
992 2388 1144 2452 commoda
1162 2388 1233 2453 sint.

68 2486 203 2552 Primum
229 2489 264 2552 ab
291 2489 345 2568 iis,
377 2509 452 2574 quae
474 2489 608 2574 corporis
636 2489 770 2574 expertia
797 2500 882 2568 sunt,
915 2509 1035 2552 manere
1062 2492 1152 2554 sudor
1175 2513 1235 2556 non

70 2601 181 2677 potest.
229 2588 331 2674 Quare
348 2591 402 2656 bec
423 2591 505 2679 ipse,
529 2592 605 2676 qued
622 2593 736 2656 sudore
747 2591 888 2670 diffluxit,
913 2611 1013 2655 veram
1029 2611 1096 2656 esse
1114 2613 1234 2657 carnem

68 2693 216 2772 ostendit,
242 2715 299 2757 non
321 2695 420 2758 carnis
444 2695 573 2780 speeiem
593 2716 658 2758 cum
679 2694 831 2759 divinitate
856 2693 1043 2758 coniunctae.
1090 2697 1137 2759 Ad
1161 2697 1234 2760 baec

67 2797 135 2860 sine
154 2795 249 2860 anima
269 2817 304 2860 ae
323 2807 421 2860 ruente
439 2817 533 2881 angor
552 2807 583 2860 et
599 2796 736 2862 anxietas
758 2817 826 2860 esse
844 2818 903 2859 naon
920 2807 1028 2882 potest.
1069 2785 1144 2880 ¹(Quo
1168 2819 1233 2862 cum

67 2900 119 2962 ille
145 2899 184 2962 sit
207 2897 347 2979 affectus,
381 2897 544 2964 declaravit
563 2899 660 2962 anima
681 2920 714 2962 se
736 2900 847 2984 pariter
871 2910 901 2964 et
926 2919 1051 2984 corpore
1077 2921 1113 2963 ac
1135 2912 1234 2965 mente

68 3002 162 3066 luisse
180 3002 367 3086 praeditum„
381 3004 457 3066 unde
471 3002 520 3066 ille
536 3022 630 3086 angor
646 3001 760 3066 existit.
790 2999 953 3065 Praeterea
968 3002 1013 3064 bis
1029 3003 1100 3087 ipsis
1118 3003 1231 3082 verbis,

65 3110 135 3168 Nan
151 3127 210 3167 ansa
235 3109 380 3179 veluntas,
406 3109 457 3167 sed
472 3117 521 3166 tae
541 3115 599 3169 eto.
627 3105 782 3168 humanam
808 3104 864 3168 sibi
888 3115 1015 3168 merrtem
1033 3105 1134 3168 inesse
1153 3125 1233 3168 eom·

66 3207 222 3294 probavit,
247 3207 333 3270 seda
356 3207 485 3292 peccatis
505 3208 675 3272 immunem.
723 3205 874 3292 Siquidem
893 3206 985 3292 ipsius
1005 3205 1144 3270 divinitas
1167 3227 1233 3290 per·

66 3321 158 3398 petuo
177 3310 206 3374 in
228 3319 330 3394 patre,
356 3320 386 3373 et
404 3320 488 3395 pater
506 3311 534 3373 in
554 3310 629 3387 lilio,
655 3321 684 3372 et
702 3310 777 3373 lilius
801 3309 831 3374 in
855 3309 958 3394 spiritu
979 3319 1082 3373 serrato
1101 3311 1233 3396 perlecta

66 3413 167 3478 omnia
187 3411 409 3497 complectitur3
434 3432 530 3496 nequo
550 3412 704 3496 quidquam
723 3411 773 3476 lilii
790 3433 808 3476 a
825 3423 907 3498 patre
924 3432 1032 3476 sensns
1049 3424 1079 3476 et
1094 3413 1232 3477 velocitas

67 3515 209 3595 dissidet,
234 3535 328 3600 neque
345 3513 438 3600 patris
456 3535 472 3576 ιι
490 3514 566 3594 lilio,
591 3535 646 3578 nec
666 3515 703 3578 ab
721 3524 846 3598 utroque
865 3515 986 3600 spiritus
1004 3513 1111 3579 sancti.
1151 3513 1232 3580 Nam

66 3619 92 3682 si
118 3617 192 3680 lilius
209 3639 244 3681 ca
261 3619 334 3683 velit
349 3639 425 3703 quae
442 3640 501 3682 non
520 3617 579 3682 vult
599 3627 700 3702 pater,
726 3616 796 3681 nibil
812 3617 841 3680 in
860 3637 897 3680 eo
915 3627 1033 3702 praeter
1051 3618 1156 3681 nudam
1179 3617 1233 3680 he·

68 3721 160 3784 minis
178 3732 311 3786 naturam
328 3725 428 3786 inesse
446 3732 621 3800 statuemus,
642 3719 845 3806 eiusmodiquc
860 3719 940 3784 illum
957 3719 1110 3784 voluntate
1126 3719 1229 3803 patris,

65 3823 144 3908 quod
163 3825 303 3908 solonge
326 3824 364 3888 sit
386 3824 528 3904 inferior,
560 3823 708 3900 extitisse.
756 3821 868 3887 Verum
887 3823 963 3886 absit
984 3843 1000 3888 a
1018 3822 1103 3886 nobis
1123 3833 1155 3885 ut
1177 3821 1234 3885 boc

65 3929 107 3990 ita
123 3946 159 3989 se
175 3926 284 3989 babere
301 3927 468 3990 credamus.
513 3925 592 3992 Nam
609 3926 684 4010 quod
703 3946 742 3988 ea
764 3925 890 3990 bumana
906 3927 1047 4010 quaedam
1065 3925 1172 3988 ellectu
1194 3925 1232 3988 ab

64 4031 117 4093 illo
136 4029 323 4114 pronuntiata
341 4040 423 4109 sent,
447 4029 483 4093 ad
501 4029 658 4094 veritatem
674 4028 888 4092 incarnationis
904 4039 934 4092 et
953 4029 1111 4112 perlectam
1128 4027 1231 4092 buma-

65 4153 123 4195 nae
141 4142 265 4195 naturae
281 4131 480 4196 conditionem
500 4131 757 4196 demonstrandam
778 4132 938 4216 pertinent,
963 4131 1025 4196 suis
1045 4142 1076 4194 ut
1095 4131 1230 4196 omnibus

66 4235 200 4298 numeris
218 4236 382 4302 absolutam
404 4233 489 4300 nobis
508 4235 632 4299 salutem
653 4233 794 4313 afferret,
827 4255 903 4298 neve
921 4235 988 4298 dum
1007 4233 1064 4298 alia
1088 4257 1142 4320 pro
1164 4233 1230 4299 aliis

65 4337 165 4400 animo
189 4337 389 4424 concipimus,
413 4360 430 4400 a
453 4339 578 4402 veritate
602 4336 719 4421 longius
741 4336 960 4401 aberraremus.
