3168 4926
383 225 520 280 PbNhllll
537 227 600 280 Lus.
614 224 646 280 ll.
662 227 744 280 ruht.
758 229 777 280 l.
793 222 893 280 fluet.
907 227 1003 280 XLlX.
1232 217 1273 282 41

299 467 604 546 ADVERSUS
646 467 1096 565 QUlll'l'lLLlANOS

112 590 183 665 sire
210 589 421 688 Pepuziauus
451 597 484 665 et
509 591 740 666 Priscillianus
770 589 888 686 quihus
917 591 1076 666 accedunt
1110 599 1143 666 ct
1168 591 1274 666 Artu-

325 713 466 805 tyritae,
494 711 641 786 haeresis
661 709 809 804 xxm,
834 711 905 785 sire
924 707 1051 785 XLIX.

197 861 400 945 Quintilliani,
422 865 521 948 quiet
538 861 699 949 Pepuziaui
717 873 877 941 vocantur,
907 873 937 926 ct
954 864 1138 950 Artutyritae
1157 885 1191 928 ac
1204 861 1272 930 Pri·
1291 865 1350 932 cap.
1369 866 1405 914 ¹··
1483 924 1485 938 ,

112 964 256 1044 soilliani,
287 964 365 1028 inter
380 963 515 1052 Phrygas
534 976 710 1044 censentur,
744 975 774 1028 ct
788 964 879 1032 abiis
897 966 995 1044 exorti
1009 978 1097 1044 sunt,
1126 967 1179 1030 sed
1200 985 1273 1030 non-

112 1069 182 1131 nihil
200 1079 299 1132 tameo
319 1069 495 1154 discrepant.
541 1067 659 1132 Etenim
679 1064 814 1153 Phryges
834 1068 882 1132 isti
901 1071 965 1133 sire
985 1067 1161 1132 Priscilliaui
1178 1066 1272 1152 Quiu-

111 1171 201 1235 tillam
220 1181 273 1234 ant
289 1168 470 1250 Priscillam,
502 1191 597 1256 neque
616 1171 693 1234 enim
712 1182 777 1233 utra
793 1169 832 1233 sit
847 1181 929 1234 uento
944 1171 1073 1248 suimus,
1103 1171 1155 1234 sed
1171 1171 1272 1234 barum

82 1282 85 1286 ’
110 1273 234 1338 alteram
257 1275 358 1338 dicunt
375 1271 512 1359 Pepuzae
530 1274 686 1358 aliquando
703 1293 807 1338 sumno
826 1283 1004 1358 correptam.
1049 1269 1127 1336 Tum
1150 1273 1184 1336 ad
1208 1291 1272 1336 earu

111 1377 303 1440 descendisse
321 1373 471 1440 Christum
494 1399 529 1440 ac
547 1376 633 1440 simul
657 1397 720 1440 onor
745 1375 808 1460 ipso
830 1374 973 1440 eiusmodi
993 1375 1090 1440 habitu
1104 1373 1271 1452 dormiisse,

109 1489 142 1542 nt
157 1499 234 1542 rana
254 1479 424 1544 muliercula
441 1479 579 1543 iactabat.
624 1481 778 1553 Mcd'cdra',
803 1477 907 1562 inquit,
931 1483 1024 1558 mauce
1039 1499 1074 1540 oc
1089 1489 1164 1544 ueste
1179 1480 1273 1558 splen·

109 1585 177 1644 dailo
194 1587 272 1643 uenit
286 1587 325 1644 ud
341 1605 384 1644 mc
402 1586 548 1656 Cdrr'stus,
574 1585 695 1664 mihique
712 1586 877 1661 sapcbntrhm
895 1585 1013 1654 abdidit,
1037 1593 1122 1661 utque
1137 1583 1212 1642 dunc
1230 1583 1270 1641 lo·

109 1708 173 1746 eson
190 1697 319 1746 sumtum
341 1707 402 1748 esse
418 1688 611 1766 sr'gnffirnmP,
644 1689 673 1748 in
694 1693 811 1766 cumque
827 1695 952 1746 sunctum
970 1686 1147 1744 Hierusalem
1166 1683 1269 1744 delabi.

111 1783 159 1851 0b
177 1788 205 1850 id
225 1788 383 1852 nonnullae
400 1789 435 1851 ud
452 1788 626 1852 hodiernum
646 1805 738 1870 usque
755 1797 868 1871 tempus
887 1785 1024 1850 mulieres
1044 1807 1078 1850 ac
1096 1785 1151 1850 riri
1169 1786 1272 1848 eodem

108 1889 220 1954 initiari
238 1889 318 1952 cultu
336 1891 453 1969 solent,
482 1901 515 1954 ut
532 1889 637 1954 ibidem
654 1888 836 1952 excubantes
856 1884 1006 1957 Christum
1025 1889 1271 1974 contemplentur.

109 1989 311 2075 Quamobrem
328 1991 392 2056 sive
410 1991 592 2077 apodiatus,
617 1993 680 2055 sive
700 1992 774 2078 apud
791 1989 943 2076 Phrygas,
969 1991 1171 2077 prophetissae
1190 1990 1273 2054 lemi-

109 2116 167 2158 nae
183 2105 399 2180 nuncupantur.
440 2092 507 2158 Neu
523 2105 654 2157 utrorum
670 2095 697 2156 id
715 2095 877 2158 institutum
893 2094 931 2156 sit
947 2095 1020 2158 satis
1034 2094 1181 2178 consperiy
1205 2115 1269 2178 pru·

109 2208 213 2284 pterea
236 2199 313 2284 quud
336 2197 530 2262 communiter
552 2197 662 2282 degunt
684 2206 771 2280 atque
793 2195 869 2259 idem
894 2196 998 2280 dogma
1021 2196 1207 2283 profitentur.

194 2504 358 2592 Utrumque
377 2528 466 2592 porco
483 2515 688 2570 testamentum
707 2505 861 2584 adhibent,
893 2517 923 2569 et
938 2515 1117 2568 mortuorum
1136 2523 1269 2569 resurre-
1288 2509 1348 2576 cap.
1365 2509 1396 2560 u.

108 2611 238 2674 ctionem
261 2610 432 2696 approbant.
483 2607 655 2692 Quintillum
683 2629 755 2672 reru
784 2631 850 2672 uum
876 2605 1011 2672 Priscilla
1039 2619 1175 2672 auctores
1201 2628 1270 2685 saras

109 2713 292 2798 praedicunt,
311 2734 396 2797 quam
411 2723 441 2776 et
452 2708 588 2797 Phryges
605 2711 765 2776 asciscunt.
810 2709 921 2776 Multas
935 2721 965 2775 et
978 2710 1155 2774 vanissimas
1170 2723 1270 2775 aucto·

108 2815 214 2878 ritates
229 2815 450 2878 circumierunt.
490 2811 677 2900 singularem
694 2813 775 2877 Evae
791 2813 913 2898 gratiam
929 2813 1070 2891 tribuunt,
1090 2814 1164 2898 quud
1180 2812 1269 2896 prima

108 2919 143 2982 de
166 2917 310 2981 scientiae
335 2919 431 2980 lruutu
454 2917 626 2982 comederit.
673 2913 815 2980 Sororem
833 2937 906 2979 veru
923 2913 1038 3001 Moysis
1058 2917 1268 3002 prophetissam

107 3019 261 3098 iactitant,
294 3019 377 3084 euius
395 3021 531 3105 exemplu
551 3041 606 3082 suo
625 3019 666 3082 illi
684 3020 910 3104 cooptandurum
933 3019 962 3081 in
985 3019 1094 3082 clerum
1117 3018 1268 3082 mulierum

108 3123 243 3186 instituto
266 3121 476 3206 suffragantur.
524 3120 602 3204 Quin
627 3131 657 3184 et
677 3131 821 3205 qrratuor,
851 3121 1003 3206 inquiunt,
1033 3118 1182 3206 Philippus
1203 3142 1270 3208 pro·

109 3225 255 3310 photissas
278 3225 351 3288 lilias
372 3223 482 3288 habuit.
529 3221 750 3309 Saepenumero
773 3224 802 3286 iu
822 3224 937 3288 illorum
955 3224 1110 3287 ecclesiam
1127 3221 1184 3288 Vll
1203 3246 1267 3288 cunr
1282 3241 1396 3296 acuatu.

109 3329 221 3391 lacibus
245 3327 378 3412 virgines
402 3325 624 3410 ingrediuntur,
658 3326 778 3388 eandida
808 3337 908 3405 ruste,
942 3337 972 3389 nt
1001 3328 1105 3413 populu
1134 3325 1270 3390 videlieet

109 3431 227 3495 oracula
251 3432 386 3492 reddant.
433 3427 497 3492 llae
521 3450 586 3492 eum
609 3429 736 3512 speciem
761 3431 904 3513 quandam
921 3429 1030 3494 luroris
1054 3451 1123 3514 prae
1146 3451 1179 3492 se
1196 3429 1270 3492 tule-

108 3535 181 3612 rint,
207 3533 392 3596 adstantibus
408 3533 547 3610 illuduut,
573 3543 599 3594 et
617 3533 651 3595 ad
669 3531 765 3594 lletum
784 3543 961 3616 provocant,
985 3544 1017 3596 ut
1031 3534 1055 3595 is
1072 3532 1269 3619 poenitentiae

109 3627 201 3700 luctus
219 3655 288 3698 esse
304 3636 449 3698 videatur.
495 3631 572 3698 Nam
588 3645 618 3697 et
633 3634 780 3720 lacrymas
797 3637 987 3720 profundunt,
1013 3645 1043 3698 et
1060 3645 1121 3698 totu
1136 3635 1268 3718 corporis

108 3753 189 3822 gestu
215 3739 307 3800 vitam
333 3736 479 3800 huminum
505 3738 667 3823 deplorant.
720 3737 805 3824 Apud
831 3739 950 3801 eusdem
976 3738 1114 3801 mulieres
1139 3737 1267 3822 episcopi

109 3853 172 3904 sunt
188 3852 221 3904 et
237 3839 421 3925 presbyteri,
445 3852 475 3903 et
492 3841 527 3903 ad
545 3849 661 3904 ceterius
676 3841 783 3925 gradus
801 3840 982 3924 alleguntur,
1007 3840 1114 3903 nullum
1131 3851 1162 3902 ut
1176 3863 1268 3905 sexus

110 3944 265 4007 discrimen
284 3953 432 4006 serretur.
472 3947 546 4006 Num
563 3949 591 4006 in
608 3947 721 4006 Chrr'sto
734 3949 799 4006 lesu
815 3967 903 4026 neque
917 3966 977 4005 mus
991 3955 1035 4005 est
1047 3965 1136 4023 neque
1147 3946 1265 4026 sembra
1283 3963 1335 4008 aar.
1350 3961 1370 4020 t,
1387 3963 1421 4008 es

110 4043 188 4110 llaec
213 4054 286 4109 sunt
309 4066 382 4128 quae
405 4046 441 4108 de
464 4045 520 4109 illis
538 4047 701 4131 comperire
719 4045 878 4130 potuimus.
925 4041 1064 4110 Ceterum
1085 4045 1269 4133 Artotyritas

111 4149 227 4212 eusdem
246 4147 357 4210 ideirco
376 4159 500 4227 vocant,
532 4150 606 4234 quod
630 4150 666 4212 ad
687 4148 860 4211 celebranda
879 4147 1018 4233 mys-toria
1041 4169 1094 4212 sna
1113 4171 1217 4235 panem
1239 4170 1270 4222 et

112 4271 225 4314 cascum
250 4250 402 4314 adhihent.

112 4406 150 4453 but
217 4403 443 4470 laceraverunt:
459 4403 676 4475 etuliaqnoeni-
742 4405 767 4462 3.
785 4409 833 4460 lloc
849 4405 895 4459 aab
911 4407 1034 4462 delmdnm
1053 4410 1153 4460 uidetur.

112 4469 147 4521 bil
179 4473 262 4525 ‘llerre
279 4473 379 4526 dicunt.
