3116 4934
334 255 470 312 raanan
487 255 551 332 nra.
562 255 596 306 u.
613 255 695 307 nom.
707 257 728 306 1.
745 253 846 306 alna.
859 257 930 308 uxr.
1151 247 1212 312 2⁰3

68 379 167 444 babere
190 381 316 459 vellent,
346 379 420 463 qnod
434 375 672 460 ¹uniuscuiusque
698 395 864 440 mensuram
890 376 1081 463 ordinumque
1104 399 1215 461 cogno-

69 494 190 547 scerent.
238 482 294 546 llei
314 481 525 568 quippenavis
543 489 694 542 vectorum
719 499 812 562 genus
835 499 921 540 omne
943 480 1139 566 praedonibus
1162 501 1216 544 ex·

68 587 151 672 ceptis
175 585 311 649 admittit.
359 583 454 667 Quem
478 583 555 646 enim
575 583 752 668 praedonem
772 603 806 644 ao
825 580 946 667 piratam
967 583 1139 664 agnoverit,
1164 603 1216 645 ne-

69 709 202 773 quaqnam
220 688 340 773 recipit,
364 707 460 770 neque
480 683 652 769 fugitivum,
676 697 725 746 aot
742 705 808 747 oum
825 683 873 768 qni
895 684 1076 747 dominorum
1095 705 1215 748 snorum

68 793 231 854 servitutem
251 789 429 854 excusserit.
476 789 521 850 Ad
545 787 668 850 eundern
689 787 804 849 modum
826 786 952 850 ecclesia
970 785 1017 849 dei
1040 807 1134 870 neque
1157 789 1215 849 lor·

68 893 237 956 nicationem
254 893 397 970 admittit,
422 911 477 953 nec
493 889 684 967 adulterium,
708 909 803 973 neque
823 888 912 954 divini
930 888 1056 952 numinis
1076 890 1216 952 eiuratio-

68 1015 141 1073 nem,
168 1015 226 1058 nec
243 1015 296 1058 eos
313 995 361 1078 qni
379 991 424 1056 dei
444 1003 531 1076 atque
552 995 616 1055 eins
633 992 832 1076 apostolorum
851 991 1019 1056 sanctiones
1042 1013 1077 1055 ac
1097 991 1216 1054 decreta

68 1097 243 1162 rescindunt.
290 1093 430 1160 Ceterum
448 1115 489 1158 ex
503 1093 672 1158 vectoribus
689 1093 746 1156 illis
763 1093 849 1156 alium
869 1095 904 1156 ad
921 1115 1055 1178 magnam
1072 1095 1215 1180 quandam

67 1199 290 1284 negotiationem
309 1198 472 1262 obeundam
487 1195 620 1274 adhibet,
644 1194 732 1257 alium
751 1197 786 1258 ad
805 1196 939 1260 nauticos
957 1217 1044 1274 osus,
1070 1197 1217 1280 guberna·

67 1311 150 1366 torem
176 1302 264 1366 alium
290 1301 458 1379 constituit,
483 1309 570 1382 atque
589 1298 676 1361 alium
702 1318 825 1381 prorae,
850 1296 938 1362 alium
962 1301 1048 1384 puppi
1071 1299 1214 1384 praebuit,

67 1405 106 1488 qni
126 1403 299 1490 speculandi
324 1404 477 1490 praecipuo
501 1401 624 1485 quadam
646 1401 685 1462 sit
702 1399 886 1485 experientia
910 1400 1070 1486 praeditus.
1117 1401 1215 1464 Alium

66 1507 137 1569 velot
154 1506 249 1569 faecis
265 1507 465 1589 merciumqne
483 1504 548 1567 loeo
567 1502 671 1581 habet,
696 1503 783 1566 alium
801 1503 926 1586 denique
942 1503 1149 1566 transvehendi
1168 1525 1217 1567 so·

65 1608 115 1671 lom
128 1607 226 1693 gratia
245 1605 364 1692 recipit,
389 1627 426 1670 ne
444 1607 472 1669 in
492 1606 563 1668 anari
584 1607 782 1688 demergatur.
827 1602 896 1668 Nec
914 1605 969 1668 ulla
987 1607 1106 1670 omnino
1125 1627 1216 1669 esco-

66 1711 155 1794 pdonc
176 1709 287 1789 utitor,
311 1719 343 1772 nt
359 1709 387 1772 ei
405 1706 453 1792 qni
472 1718 584 1771 tautum
604 1729 663 1770 non
687 1708 835 1793 possideat
858 1707 960 1772 solutis
978 1709 1055 1772 viam
1078 1709 1217 1772 interclu-

67 1814 119 1891 dat,
142 1813 215 1897 quin
234 1813 293 1874 imo
310 1812 349 1874 ila
366 1811 512 1875 universis
528 1810 611 1874 novit
626 1809 786 1873 conciliare
802 1810 939 1889 salutem,
964 1823 996 1874 nt
1011 1811 1106 1875 habita
1121 1810 1218 1875 cuitus·

65 1937 114 1998 que
130 1913 293 1979 functionis
309 1935 343 1977 ac
358 1913 462 1978 salotis
479 1913 594 1977 ratione
611 1922 781 1976 conservet.
811 1913 930 1997 Alioqui
946 1933 998 1978 cnr
1012 1913 1062 1997 qui
1076 1934 1093 1976 e
1109 1913 1217 1976 lamilia

66 2013 203 2082 Caesaris
226 2027 312 2080 eraut
328 2017 453 2080 salutem
472 2016 545 2098 apud
564 2014 726 2098 apostolum
746 2015 864 2078 dicunt?
906 2015 969 2080 Aut
986 2017 1061 2079 urrde
1079 2016 1217 2101 apostoli·
1230 2026 1329 2126 ‘fill'

64 2141 122 2182 curn
147 2119 220 2182 illud
245 2119 372 2196 dictum,
396 2122 433 2179 Si
447 2123 510 2199 pne'r
529 2130 615 2199 parent
632 2129 740 2198 turpem
758 2141 789 2179 se
808 2122 900 2179 celleri
913 2141 998 2200 super
1019 2123 1131 2200 uirgine
1151 2139 1213 2193 suo,
1224 2149 1242 2193 1.
1250 2111 1368 2200 mag

62 2234 88 2282 ct
101 2228 140 2282 r'tc
153 2225 255 2303 socero
271 2223 368 2295 dedet,
393 2222 498 2294 nabot,
522 2243 578 2282 nnn
591 2232 702 2301 ment.
750 2217 815 2283 Hoc
837 2221 931 2306 ipsum
952 2241 1043 2301 vero,
1067 2243 1125 2286 urm
1150 2242 1217 2306 pec·
1336 2249 1338 2254 ·

61 2345 123 2386 care
139 2325 216 2387 citra
233 2321 407 2408 baptismum
428 2322 554 2386 obtineri
575 2343 634 2386 non
650 2331 758 2406 potest.
805 2327 904 2386 Omnes
925 2329 996 2386 carin
1015 2335 1214 2405 peccauerunt,
1228 2351 1368 2408 amm

62 2437 86 2486 et
100 2439 185 2508 egent
199 2429 299 2506 glorio
316 2428 378 2500 dci,
404 2427 556 2505 riustffientr'
567 2430 663 2504 gratis
681 2447 736 2505 per
757 2431 900 2505 gratiam,
926 2427 981 2490 hoc
1003 2437 1050 2488 est
1068 2427 1215 2489 secundae

62 2531 180 2611 quadam
207 2527 318 2590 lotione
340 2527 553 2611 generationis.
600 2524 684 2609 Quae
703 2527 817 2611 quidem
836 2527 907 2590 lotio
931 2549 1016 2592 omne
1040 2549 1092 2614 per
1115 2528 1217 2613 poeni·

63 2631 178 2694 tentiam
204 2639 357 2715 peccatum
382 2629 484 2692 eluens
502 2631 629 2693 enimam
652 2651 688 2692 ac
704 2650 811 2715 corpus
832 2640 969 2694 oxornat.
1016 2629 1215 2714 Quamobrem

61 2743 113 2794 tam
132 2733 169 2796 ad
189 2731 336 2814 virginem
356 2731 491 2817 baptismi
514 2731 609 2815 gratia
629 2732 757 2815 pertinet
777 2753 861 2816 qoam
885 2734 919 2796 ad
946 2753 1009 2796 eam
1033 2755 1107 2818 qnae
1130 2735 1214 2818 virgo

61 2844 196 2913 nonest,
222 2855 298 2918 quac
314 2835 490 2898 relevandae
506 2831 551 2896 sui
570 2833 665 2917 gratia
683 2854 718 2897 eo
733 2855 769 2898 so
791 2835 939 2920 obsignari
961 2847 1145 2900 sacramento
1164 2838 1215 2900 de·

59 2937 176 3000 siderat.

143 3040 257 3102 Verum
284 3059 322 3102 ne
345 3038 427 3102 diluti
448 3037 568 3102 nimium
586 3051 617 3102 et
639 3037 755 3125 insipidi
774 3041 907 3105 homines
931 3042 1119 3122 existiment,
1150 3065 1214 3107 cnm
1235 3058 1294 3126 cap.
1313 3060 1343 3109 v.

59 3141 219 3224 apostolum
245 3139 368 3204 dicimus
386 3141 502 3226 nuptias
517 3141 625 3225 virgini
641 3143 886 3228 praescripsisse,
917 3146 1019 3207 eodem
1042 3147 1162 3210 decreto
1185 3158 1215 3210 et

58 3242 130 3306 illam
152 3244 279 3328 insuper
295 3245 331 3307 de
354 3242 508 3320 curriculo
525 3263 580 3307 sno
603 3245 730 3308 deiicere
751 3244 899 3325 voluisse,
924 3268 997 3331 quae
1017 3247 1213 3331 virginitatem

59 3346 109 3408 deo
125 3347 221 3410 semel
238 3365 416 3408 consecrare
435 3346 584 3410 statuerit.
628 3343 737 3431 Neque
752 3348 830 3410 enim
847 3349 883 3412 od
902 3369 954 3412 eos
972 3351 1150 3436 apostolicas
1166 3352 1214 3417 illo

58 3469 152 3511 sermo
167 3449 346 3512 referendus
362 3460 420 3526 est,
444 3449 495 3512 scd
515 3449 550 3510 ad
565 3449 689 3512 elloetas
704 3449 848 3533 virgines,
872 3472 946 3535 quae
963 3474 1020 3516 non
1038 3475 1139 3517 amore
1155 3455 1215 3518 vir-

58 3549 199 3630 ginitatis,
224 3552 277 3614 sed
298 3551 467 3614 maritorum
486 3550 582 3636 inopia
599 3551 628 3614 iu
646 3551 696 3614 illo
711 3572 765 3614 sno
783 3553 885 3636 vigore
902 3546 1095 3639 perstiterint.
1141 3553 1213 3620 Ete-

58 3653 110 3715 nim
128 3653 295 3739 apostolic
314 3650 429 3716 ludaeis
447 3651 579 3732 oriundi,
603 3670 764 3739 eorumque
778 3655 891 3739 legibus
910 3657 1046 3734 instituti,
1070 3658 1110 3721 ita
1127 3655 1213 3722 Chri·

59 3753 167 3818 stianae
185 3754 341 3838 religionis
363 3755 609 3840 praedicationem
629 3757 762 3840 aggressi
779 3769 863 3834 surrt,
887 3770 920 3822 ut
937 3761 1046 3824 veteris
1061 3760 1154 3823 adhuc
1173 3761 1214 3824 le·

57 3857 97 3939 gis
111 3859 320 3922 sanctionibus
337 3868 437 3920 essent
454 3857 604 3937 obstricti,
629 3859 715 3944 idque
734 3861 828 3945 ipsum
847 3883 905 3925 aon
922 3863 958 3926 ad
978 3862 1212 3926 iustificationum

58 3961 170 4038 carnis,
197 3961 249 4024 sed
269 3961 306 4024 ad
329 3961 500 4024 couchrnam
520 3971 606 4045 atque
630 3973 725 4047 aptam
744 3962 817 4044 legis
837 3965 1073 4028 observationem
1093 3987 1214 4029 accura-

58 4073 176 4146 tamqne
199 4062 285 4126 officii
311 4063 473 4141 rationem,
500 4063 661 4127 laciendum
685 4064 740 4127 sibi
766 4085 832 4128 esse
857 4066 1015 4132 duxerunt.
1063 4063 1212 4151 Siquidem

58 4164 160 4228 mirum
179 4165 210 4227 iu
228 4165 345 4228 modurn
364 4165 418 4228 hoc
435 4165 554 4250 antiqua
577 4167 641 4249 lege
664 4167 839 4246 cavebatur,
864 4189 900 4231 ne
919 4165 1116 4233 israelitarum
1138 4171 1213 4236 filine

58 4267 170 4331 exteris
190 4267 358 4332 nationibus
376 4268 581 4346 siccarentur,
607 4275 637 4332 ul
657 4291 693 4332 ne
715 4270 793 4355 ipsas
812 4273 847 4334 ad
865 4270 1088 4335 simulacrorum
1104 4275 1212 4340 cultum

58 4369 274 4452 pertraherent.
322 4368 425 4455 ltaque
450 4371 574 4435 bdelium
601 4373 703 4457 cuique
728 4395 781 4459 per
796 4374 865 4438 illud
889 4385 1002 4460 tempus
1025 4389 1211 4462 pracceptum
