3168 4926
405 247 540 300 PhNhllll
559 246 622 300 Lttt.
635 249 668 302 ll.
684 248 767 302 ΤΟΜ.
780 249 800 303 l.
817 245 915 300 naen.
928 248 970 300 ct.
1224 235 1266 296 47

105 366 168 431 eius
190 368 310 448 lumen,
344 368 420 452 quod
441 365 566 432 ludaeos
588 367 795 448 collustrabat,
828 368 942 436 oriente
960 367 1024 432 sole
1047 388 1081 430 ac
1099 366 1197 432 lanam
1215 367 1266 430 ab·

104 471 266 534 scandente
292 471 454 535 desineret.
501 469 618 544 Etenim
642 493 659 535 a
680 469 771 535 xlv.
788 470 835 536 dia
858 470 996 556 deinceps
1019 470 1106 534 lunae
1129 470 1267 554 splendor

104 573 298 636 imminuitur.
345 570 398 638 Sin
416 573 447 636 iu
465 573 559 638 veteri
577 575 642 658 lege
661 585 726 658 post
742 575 900 640 adveutum
922 594 956 636 ac
973 573 1139 658 passionem
1157 571 1266 635 domini

103 671 280 740 ludaeorum
301 675 456 740 obscurata
477 698 628 762 synagoga
650 677 853 760 evangelicum
876 676 971 739 humen
995 675 1120 758 affulsit,
1153 697 1212 740 raon
1235 685 1267 738 ul

103 779 199 842 soluta
220 778 273 842 leat
292 779 347 857 sit,
379 781 431 842 secl
450 779 585 864 impleta,
617 799 713 863 neque
732 789 763 844 ut
781 779 811 842 in
829 778 948 842 nihilum
968 779 1061 861 hgura
1078 779 1196 842 redacta
1214 777 1264 856 sit,

103 881 152 944 sed
176 891 210 945 ut
228 881 384 945 veritatem
401 881 581 946 exhibuerit.
627 879 671 946 lta
690 891 756 965 post
770 879 886 944 Pascha
907 881 941 944 ad
961 879 1182 944 Hierichuntem
1201 901 1267 966 per·
1359 919 1369 938 0

103 995 200 1046 actum
219 985 367 1068 scriptura
384 985 483 1049 statim
498 983 624 1048 adiecit:
655 989 696 1048 Et
709 989 888 1049 comedmant
903 987 932 1044 t'n
949 986 1094 1062 Gclgalds,
1118 995 1147 1044 et
1163 986 1350 1064 defectatus,
1363 997 1395 1040 n.
1492 1025 1496 1032 .

103 1107 218 1150 um.
273 1084 389 1168 Quibus
413 1086 512 1150 verbis
535 1087 660 1172 idipsum
684 1109 786 1152 sacrae
810 1088 913 1150 literae
937 1085 1122 1150 t'aticiuaudo
1143 1096 1268 1150 testatae

104 1199 190 1266 suut,
223 1189 369 1252 dominica
392 1211 465 1254 nece
485 1200 604 1275 propter
621 1190 794 1276 abnegatum
817 1191 854 1254 ab
872 1189 929 1254 illis
948 1209 1073 1265 narrarem,
1104 1186 1266 1272 angelicum

104 1311 138 1356 ae
159 1291 293 1356 coeleste
315 1291 467 1378 pabulum,
492 1293 567 1376 quod
590 1293 774 1377 appellebant
794 1313 916 1371 manua,
941 1291 1113 1356 desiturum.

191 1597 329 1664 Ecclesia
351 1622 440 1686 porro
464 1599 624 1679 catholica,
657 1621 731 1684 quae
757 1601 791 1666 ad
816 1601 843 1664 it
866 1599 1037 1685 mysterium
1061 1599 1266 1664 celebrandum
1287 1613 1345 1684 cup.
1363 1619 1403 1666 ttt.

106 1704 280 1766 necessaria
304 1715 374 1770 sunt
397 1702 524 1788 audique
543 1703 720 1790 contrahens
738 1714 768 1768 et
784 1703 814 1766 in
832 1724 920 1766 unum
939 1705 1095 1767 conferens
1113 1703 1267 1768 veritatem

106 1804 227 1868 retinet.
273 1803 352 1870 Nam
368 1828 426 1869 raon
443 1808 538 1870 solum
555 1803 644 1869 xlv.
661 1806 738 1870 diem
755 1805 907 1884 observet,
931 1806 983 1868 sed
1001 1815 1031 1868 et
1045 1805 1266 1884 hebdomadem,

107 1905 162 1969 boc
181 1919 228 1970 est
246 1918 387 1992 septenos
407 1909 472 1974 illos
489 1908 602 1972 sabbati
620 1909 701 1986 dies,
734 1908 786 1996 qai
801 1921 940 1994 perpetuo
958 1909 1082 1972 circuitu
1099 1930 1132 1972 ac
1150 1909 1268 1973 recalu-

106 2009 188 2072 tioue
205 2010 349 2089 redeunt,
382 2021 413 2074 ut
433 2011 468 2074 ad
486 2031 587 2074 corum
605 2010 758 2096 exemplar
772 2031 846 2096 quae
864 2021 932 2074 sunt
951 2031 968 2074 a
986 2012 1102 2077 domiuo
1119 2023 1202 2094 gesta
1221 2031 1268 2074 re·

105 2112 255 2176 surrectio
277 2114 440 2197 epulaeque
462 2113 661 2176 celebrentur.
707 2111 822 2176 Deinde
844 2123 961 2197 praeter
983 2113 1069 2178 lunae
1085 2111 1176 2177 xlv.
1192 2114 1268 2177 diem

107 2213 196 2277 etiam
214 2235 334 2280 cursum
353 2214 425 2278 solis
442 2215 576 2293 adhibet,
601 2235 638 2278 ne
656 2215 765 2300 duplex
780 2216 810 2279 iu
827 2217 951 2280 cundem
970 2237 1077 2282 antrum
1094 2212 1208 2284 Pascha
1228 2217 1269 2278 ita

106 2317 323 2396 committatur,
356 2329 388 2381 ut
409 2317 504 2380 altero
526 2338 604 2382 annno
624 2337 661 2380 ne
681 2339 769 2380 unum
787 2317 903 2402 quidem
922 2319 1074 2382 habeatur.
1120 2317 1269 2401 Quocirca

106 2415 197 2482 XlV.
224 2419 301 2482 illam
324 2418 400 2484 diem
424 2419 468 2482 sic
493 2430 645 2498 tenemus,
680 2429 711 2482 ut
734 2421 948 2506 aequinoctium
971 2421 1266 2505 praetergrediamur.

107 2521 154 2584 hc
173 2521 289 2586 demum
306 2521 335 2584 in
351 2533 481 2587 sarratam
498 2521 670 2586 dominicam
686 2521 900 2606 religiosissimi
918 2522 1058 2606 temporis
1075 2523 1160 2586 finem
1177 2521 1269 2586 conii·

109 2623 220 2703 cimus,
245 2624 299 2688 sed
316 2645 423 2706 agnum
440 2623 497 2688 iam
516 2635 575 2688 tum
594 2645 611 2688 a
627 2625 741 2688 decimo
759 2626 806 2688 die
821 2625 981 2702 sumimus,
1008 2623 1144 2708 quoniam
1161 2623 1190 2688 in
1210 2625 1269 2688 iota

109 2725 194 2790 litera
213 2723 285 2790 lesu
305 2747 411 2791 nomen
429 2728 635 2811 agnoscimus:
667 2727 789 2811 nequid
808 2727 928 2790 omnino
943 2725 1120 2810 diligentiam
1136 2737 1269 2792 nostram

109 2828 244 2911 ch'ugiat,
267 2831 345 2912 quad
360 2831 395 2892 ad
410 2829 638 2894 ecclesiasticam
653 2839 684 2894 et
697 2851 867 2912 germanam
882 2849 916 2892 ac
931 2829 1010 2892 vitae
1024 2828 1183 2913 salutisque
1199 2853 1270 2896 cou-

109 2931 281 2994 ciliatrieem
305 2929 458 2996 Paschatis
480 2932 708 2996 celebrationem
730 2934 879 3015 pertinere
900 2931 1043 2996 rideatur.

194 3030 255 3098 Sed
272 3034 330 3098 iam
349 3035 519 3119 pestiferum
536 3035 654 3100 balonis
671 3035 755 3098 huius
772 3034 898 3100 afflatum
916 3029 1026 3098 Christi
1044 3033 1174 3119 potentia
1190 3035 1271 3098 velut

107 3134 284 3218 obsignatus
299 3137 485 3221 munitusque
501 3137 685 3224 praeteribo:
715 3159 750 3200 ac
768 3135 815 3200 dci
833 3157 887 3222 ope
904 3137 1067 3222 postulata,
1091 3137 1218 3202 animum
1233 3137 1268 3200 ad

108 3237 238 3322 reliquas
260 3251 443 3304 convertam.
992 3225 998 3238 ι

334 3667 588 3750 ADVERSUS
614 3671 860 3750 Hunnnsnt
883 3672 1046 3767 menn,

148 3814 231 3886 puae
259 3789 397 3867 Ioannis
421 3791 643 3892 Evangelium
670 3801 704 3869 cl
728 3794 954 3893 Apocalypsin
981 3791 1108 3886 reiicit,
1136 3815 1233 3888 quam

236 3913 431 3988 Amcntium
455 3916 617 4014 appellat,
642 3915 791 3990 haeresis
812 3913 963 4009 xxxt,
987 3914 1058 3988 sire
1080 3911 1142 3988 LI.

192 4062 268 4130 Post
284 4065 522 4152 cataphrygum,
547 4066 805 4152 Quintillianorum
824 4079 854 4130 et
869 4064 1204 4148 Quartodecimanorum
1219 4085 1267 4128 se·
1286 4069 1345 4138 Gap·
1366 4070 1387 4120 l.

106 4177 172 4234 ctas
187 4188 267 4234 nova
283 4169 427 4254 quaedam
439 4168 473 4234 iu
488 4169 589 4236 orbem
604 4181 748 4235 terrarum
763 4169 861 4255 erupit
875 4167 1020 4246 haeresis,
1043 4168 1125 4232 velut
1138 4166 1269 4233 imbecil-

104 4303 179 4356 bal'n.
203 4306 242 4355 lta
254 4303 346 4355 Graeci
360 4321 438 4371 genos
450 4307 676 4376 romntaerpeutis
743 4307 847 4368 *„lrno
868 4303 952 4372 potius
973 4298 1121 4371 ’ᾼλόγωι,“
1145 4305 1273 4366 umempstt

105 4373 152 4439 qni
168 4383 193 4424 et
208 4373 316 4440 παρείας
330 4371 468 4424 dicebatur.
503 4374 576 4429 Βίων
593 4387 677 4428 antem
710 4378 829 4428 Pedanius.
854 4377 890 4437 Cf.
904 4371 983 4438 camd
996 4375 1077 4438 etta,
1093 4371 1135 4424 abi
1146 4373 1200 4440 ipse
1212 4371 1272 4439 Epi·

104 4452 205 4492 rectum
222 4451 276 4505 eat,
294 4451 323 4492 nt
338 4439 400 4492 alibi
418 4439 527 4494 dicam.“
564 4446 675 4508 Chhcer.
710 4443 814 4512 phanias
826 4443 962 4512 Alagorum
980 4458 1070 4493 nomen
1084 4439 1269 4508 interpretatur.

104 4507 193 4570 lma
