3154 4930
329 215 393 286 4⁸ss
749 225 872 280 ειασει
890 225 1062 282 τειοιιεαιι

331 352 396 422 πός
412 342 541 430 ἐπλήρου
562 343 615 412 τόν
629 349 744 423 δίσκους
773 341 872 427 ἦποῖς
888 342 924 410 τά
938 342 1096 412 ἐννακόσια
1115 339 1272 427 τριάκοντα
1291 343 1343 426 ἐτη
1359 339 1477 424 ἐκλόδη,

332 449 382 514 καί
399 445 515 532 χρόνοι,
544 449 573 512 εί
589 446 630 529 μή
648 443 669 530 ἦ
687 445 791 530 σελήνη
807 449 985 532 ἐπληροῦτο,
1012 451 1064 514 καί
1091 449 1243 529 Ιἐφθίνει,
1272 447 1323 510 καί
1339 443 1394 512 τόν
1407 442 1480 533 αότῇ

332 550 507 636 τεταγμένον
520 548 633 634 δρόμον
649 551 750 627 ἐτέλει,
779 545 834 615 οόκ
857 545 920 616 άπό
936 555 1042 632 ψυχάν
1064 546 1255 632 λαμβάνουσα
1276 545 1332 631 τὴν
1346 545 1480 632 πλημμό-

336 678 407 736 ραν,
430 648 500 716 όλλά
514 647 575 718 άπδ
592 659 667 717 θεοῦ
684 653 791 735 ἐχουσα
808 649 841 717 τό
859 650 1030 736 πρόςταγμα
1048 658 1101 733 τῆς
1115 648 1210 716 αείτοΐι
1225 655 1347 730 σοφίαςς
1379 652 1482 714 Πάντα

336 753 369 820 δέ
387 751 423 818 τά
442 759 516 833 ζόα,
537 755 627 837 φησέ,
650 759 753 840 γεμίζει
768 761 822 836 τῆς
842 753 933 836 αὐτῆς
951 760 1067 837 ψυχῆς,
1094 757 1144 818 ίνυ
1166 752 1290 844 ἐξισοίση
1310 751 1414 836 ψυχάν
1435 749 1484 817 άν-

334 853 481 939 θρυίπου,
502 857 553 921 καί
569 854 657 939 μυός,
679 857 730 922 καί
744 855 908 938 σκοίληκος,
933 857 987 922 καί
1001 862 1062 920 τοῖν
1077 853 1170 921 άλλων
1191 859 1338 941 δυσγενοῖυ
1359 863 1398 945 τῇ
1414 851 1483 919 κλά-

335 978 378 1024 σει
393 954 545 1040 σωμάτων.
592 957 635 1022 Τά
655 958 688 1023 δέ
702 957 772 1022 άλλα
785 957 890 1024 λοιπόν
905 967 957 1041 τῆς
969 961 1127 1043 φλυαρίας,
1149 955 1190 1034 είς
1205 955 1225 1040 η’
1241 959 1406 1044 Παρθένος
1417 962 1483 1037 φαί-

336 1084 416 1126 νεται
431 1068 494 1135 τοῖς
505 1057 661 1143 Ἄρχονσι,
683 1061 754 1126 ποτὲ
768 1062 820 1144 μέν
837 1064 878 1138 είς
896 1058 1006 1146 άνόρδς
1022 1067 1132 1143 σχῆμα,
1162 1062 1232 1126 ποτέ
1248 1061 1280 1126 δέ
1298 1063 1341 1136 είς
1352 1063 1485 1142 θηλείας,

334 1159 409 1244 τάχα
422 1158 475 1226 τόν
488 1158 731 1246 Ἑρμαφρόδιτον
753 1162 984 1246 Ιίνδαλλόμευος
998 1171 1053 1230 τοῦ
1070 1160 1162 1228 αότοῦ
1176 1165 1314 1245 δαίμονος
1326 1161 1363 1228 τά
1380 1164 1486 1228 ἑαυτοῦ

333 1261 421 1345 πάθη
440 1265 593 1349 εἰσηγεῖται
609 1272 662 1348 τῆς
680 1268 850 1349 ἐπιθυμίας.
891 1262 969 1332 Εἶτά
981 1286 1071 1349 φησι,
1084 1264 1180 1332 Ὅταν
1203 1261 1380 1351 ξιδ”αίρχωυ
1401 1263 1421 1330 ό
1438 1267 1485 1346 μέ·

336 1390 391 1451 γας
405 1373 522 1455 συληθῇ
543 1364 603 1433 όπό
627 1375 679 1450 τῆς
695 1369 852 1452 λεγομένης
869 1369 1049 1454 Παρθένου,
1078 1366 1235 1453 προβάλλει
1255 1365 1348 1434 αὐτοῦ
1367 1365 1425 1444 τάς
1445 1391 1488 1432 νε·

314 1469 443 1555 φίλας,
474 1469 524 1534 καί
548 1479 630 1536 ποιεῖ
646 1468 765 1552 λοιμόν,
794 1473 845 1536 καί
867 1466 984 1554 άρχεται
1006 1473 1119 1554 τέμνειν
1137 1467 1190 1546 τάς
1210 1473 1304 1553 βίζας,
1333 1472 1385 1536 καλ
1408 1469 1488 1536 οὕτω

336 1568 469 1647 θάνατος
483 1575 600 1657 γίνεται.
644 1574 705 1638 Καί
725 1569 780 1638 οόοι
797 1569 874 1640 είδεν
894 1571 911 1640 ό
932 1573 1087 1656 κτηνάδης
1108 1571 1155 1639 ’ότι
1174 1571 1212 1639 Ιόν
1232 1571 1340 1654 φάσκει
1355 1571 1491 1638 θάνατον

197 1748 203 1763 ι
335 1677 467 1759 ψογίζων
489 1681 594 1756 μᾶλλον
615 1672 692 1758 ζωήν
714 1673 819 1756 άφειλε
840 1683 979 1756 4καλεῖν,
1009 1676 1059 1742 ὁιά
1080 1673 1113 1742 τό
1142 1673 1200 1742 άπό
1223 1672 1369 1758 σωμάτων
1397 1673 1488 1740 άκιλ-

210 1801 312 1858 mus
337 1773 493 1842 λέπεσθαι
515 1773 567 1853 τάς
591 1775 700 1861 ψυχάς.
751 1780 793 1842 Εί
815 1778 849 1844 δέ
872 1777 947 1856 ὅλως
967 1777 1000 1844 τό
1024 1776 1098 1846 εἶναι
1119 1780 1151 1844 ἐν
1175 1776 1287 1861 σάματι
1307 1775 1362 1860 τὴν
1387 1775 1490 1861 ψυχάν

337 1876 474 1960 φυλακην
492 1875 633 1962 ἡγοῦνται
658 1882 690 1946 οί
702 1877 874 1964 Ἄρχοντες,
892 1888 990 1952 ,τοῦτο
1016 1881 1160 1948 οὐδέποτε
1181 1883 1305 1949 ἐπιτελεῖ
1323 1878 1342 1946 ό
1359 1878 1489 1963 Ἄρχων,

336 1981 386 2046 ἵνα
407 1979 557 2070 ἀπαλλάξῃ
581 1977 642 2048 άπό
666 1985 865 2068 δεσμωτηρίου
889 1982 944 2067 τήν
965 1980 1016 2050 όιί
1039 1983 1132 2050 αότοῦ
1160 1985 1354 2066 κατεχομένην
1376 1981 1490 2066 ψυχὴν,

307 2139 310 2146 .
336 2080 413 2148 κατά
434 2080 486 2150 τόν
508 2081 600 2150 αότοῦ
618 2082 715 2172 λόγον.
760 2087 817 2150 Καί
834 2085 913 2170 πόση
934 2114 978 2163 τις
999 2085 1107 2152 άτοπέα
1123 2087 1154 2152 ἐν
1168 2085 1262 2175 ταιίτη
1276 2093 1312 2175 τῇ
1327 2089 1490 2172 κυβευτιτῇ

337 2186 524 2274 διδασκαλίᾳ,

193 2303 261 2374 Καρ.
276 2302 320 2376 ιγ’.
427 2286 470 2352 Τά
492 2288 525 2353 δέ
545 2284 616 2356 άλλα
638 2289 740 2373 χλειίης
755 2293 878 2374 ἔμπλεα·
907 2288 949 2368 τίς
973 2295 1003 2358 οί
1022 2288 1167 2358 Ἐκλεκτοί
1189 2288 1286 2357 αόεοδν
1305 2288 1490 2371 καλούμενοι

340 2390 401 2455 Καί
418 2397 460 2480 τῷ
476 2391 529 2474 μέυ
544 2389 608 2458 ὄντι
627 2393 794 2480 ἐξελέγησαν
810 2389 873 2459 όπό
892 2401 947 2460 τοῦ
967 2391 1108 2478 διαβόλου
1129 2396 1174 2470 είς
1193 2389 1377 2478 κατάκριμα,
1410 2391 1493 2466 ὅσος

338 2501 484 2582 πληρωθῇ
498 2491 532 2560 τό
548 2496 714 2579 εἰρημένον,
738 2497 799 2562 Καὶ
814 2493 850 2562 τά
867 2493 1008 2581 βράματα
1025 2493 1117 2562 αότοῦ
1134 2495 1260 2562 ἐκλεκτά.
1288 2494 1423 2562 Ἐκεῖνοι
1438 2489 1491 2580 γάρ

337 2599 532 2678 καθεζόμενοι
548 2604 697 2682 κηφῆνες,
718 2600 768 2664 καλ
789 2599 881 2682 μηδὲν
902 2596 1105 2684 ἐργαζόμενοι,
1134 2595 1206 2664 άλλά
1223 2594 1491 2682 περιεργαζόμενοι,

339 2700 391 2764 καί
415 2699 489 2780 μηδέ
513 2697 707 2784 γινοίσκοντες
727 2697 775 2776 οἷς
798 2701 1039 2786 ἐπικηρυκεύεται
1060 2698 1079 2768 ό
1103 2699 1189 2786 άχισς
1204 2697 1365 2775 άπόσιοέος
1386 2701 1490 2784 λέγων,

340 2797 383 2878 οἷς
398 2798 473 2866 κατά
490 2806 672 2886 προφητείαν
688 2801 840 2890 γινόσκων
864 2802 909 2869 ότι
932 2801 987 2869 οόκ
1006 2805 1037 2868 ἐκ
1060 2810 1114 2886 τῆς
1135 2809 1190 2868 τοῦ
1206 2809 1281 2868 θεοῦ
1295 2804 1490 2874 διόαωταλίιις

338 2905 545 2983 ἐπιφοιτῶσιν,
567 2899 637 2968 άλλιί
655 2907 687 2970 ἐκ
703 2913 757 2972 τοῦ
771 2905 914 2990 διαβόλου
934 2907 1223 2992 *ἐμβεβροντημένοι
1237 2905 1312 2980 τινές
1331 2899 1426 2988 α’ργοί
1442 2905 1491 2968 ταί

339 3002 483 3082 αόθάδεις
500 3013 615 3086 κακόν,
640 3005 771 3087 ’φάσκει
791 3009 897 3095 λέγων,
927 3005 960 3073 ‘0
978 3006 1021 3091 μή
1044 3007 1236 3093 ἐργαζόμενος
1255 3007 1327 3090 μηδὲ
1348 3008 1491 3082 ἐσθιέτω,

338 3111 388 3175 ἰ’να
405 3109 598 3198 παραχαράξγγ
613 3106 667 3192 την
682 3116 740 3176 τόν
760 3113 915 3197 παρέργων
929 3110 1043 3178 τούτων
1066 3107 1220 3176 ὑπόθεσιν.
1265 3107 1493 3191 Παρακελεόοτ·

339 3237 387 3276 ται
403 3203 458 3278 οὖν
481 3220 544 3287 τοῖς
566 3208 664 3296 αόεοῖν
686 3215 914 3296 κατηχουμέυοις
937 3215 1055 3299 τρέφων
1077 3210 1186 3288 αότοός
1208 3216 1347 3293 δαψιλεῖς.
1397 3213 1443 3274 Οί
1461 3209 1492 3273 δέ

339 3320 401 3380 πᾶν
416 3310 518 3380 δτιοῦν
532 3311 694 3400 άναγκαῖον
712 3317 914 3401 προςφίρουσι
927 3325 991 3392 τοῖς
1006 3317 1151 3392 ἐκλεκτοῖς
1166 3316 1293 3391 ἑαυτῶν,
1320 3315 1370 3376 ἵνα
1391 3315 1493 3394 ὅτ’χθεν

340 3413 462 3498 εόσεβὴς
475 3414 586 3499 όφθείη
603 3417 719 3501 τρέφων
735 3415 787 3494 τάς
800 3416 900 3501 ψυχάς
916 3416 969 3494 τάς
985 3419 1191 3503 ἐκλελεγμένος.
1236 3419 1277 3480 Οί
1290 3413 1323 3480 δέ
1336 3415 1492 3509 λαβόντες,

340 3515 381 3594 άς
396 3517 510 3605 γέλοιόν
530 3520 589 3584 ἐστι
605 3522 713 3599 εἰπεῖν,
734 3519 882 3608 προφάσει
900 3527 954 3586 τοῦ
969 3517 1113 3598 εὔξασθαι
1129 3517 1204 3604 όπέρ
1221 3524 1280 3584 τῶν
1294 3515 1492 3598 ἐωρνυχότων,

340 3627 449 3706 μᾶλλον
470 3621 503 3687 δέ
523 3619 625 3706 σχεδόν
645 3621 776 3707 κατάραν
798 3621 900 3710 αὐτοῖς
914 3625 1112 3702 ἐπιτιθέασιν,
1134 3617 1426 3706 ἐπιμαρτυρήσαυεες
1441 3615 1492 3682 αό·

339 3734 403 3801 τοῖς
424 3728 531 3790 κακίαν
549 3730 657 3807 μᾶλλον
679 3724 700 3807 ἢ
722 3725 922 3809 άγαθοσόνην.
969 3723 1122 3792 Φάσκουσι
1139 3723 1196 3811 γάρ
1213 3722 1307 3799 οὕτως
1321 3721 1382 3797 ότι,
1414 3718 1490 3805 'Ep'

341 3826 398 3894 οὐκ
413 3826 534 3912 ἐσπειρά
550 3849 598 3905 σε,
621 3826 678 3893 οὐκ
695 3827 816 3912 ἐθέρισά
834 3851 880 3908 σε,
909 3826 965 3895 οόκ
980 3825 1083 3911 ἤλασα,
1113 3829 1154 3903 είς
1169 3829 1307 3908 κλίβανον
1325 3822 1381 3890 ουίι
1403 3827 1490 3908 ἐβαλ-

339 3935 405 4009 λου,
434 3925 521 4004 άλλως
542 3926 647 4015 ἤνεγκε
673 3931 724 3994 καλ
747 3931 874 4016 ἐφαγου,
902 3928 1036 4006 άναίτιός
1058 3932 1132 4012 είμι·
1161 3931 1213 3996 καλ
1234 3934 1346 4011 μᾶλλον
1361 3951 1491 4010 πουηρο·

377 4188 434 4238 cn.
451 4188 505 4240 Lu.
535 4215 567 4230 —
610 4188 630 4242 λ.
648 4193 684 4241 λισ
705 4192 760 4242 λίαν-λ
781 4203 836 4241 mn.
870 4193 898 4242 λιι
930 4205 972 4250 νος
992 4185 1173 4256 ίιθαλλόμτνος.
1206 4189 1234 4241 λιι
1253 4202 1315 4252 ιαηη.
1330 4191 1437 4238 eoum
1458 4181 1489 4235 εδ

339 4257 407 4306 edim
420 4261 452 4305 εκ
468 4253 562 4322 ἔφθινε.
931 4257 1021 4312 ἐαυτοῦ
1041 4259 1090 4322 τῆς
1111 4255 1245 4321 ἐπιθυμίας
1266 4251 1338 4320 πάαη
1365 4250 1430 4320 (τίει)
1445 4251 1488 4304 ταῦ

374 4327 397 4372 ’2.
417 4325 540 4374 λπδοτυοι
557 4327 677 4388 οεόίαεαι,
700 4339 768 4390 quem
788 4328 842 4375 libri
861 4341 898 4376 τε·
932 4320 1009 4379 αότοῡ
1034 4325 1150 4391 δαίμονος
1172 4325 1255 4392 (ι’κιελλ
1272 4319 1486 4390 Ἑρμαφραδίταε)

341 4395 452 4454 φιυιιιιιν,
464 4397 554 4442 παλαια
568 4407 657 4444 mem
672 4401 728 4445 ενοι.
756 4395 899 4456 λὐλροτιιίυι
932 4393 1076 4461 ελςηγεῖται

340 4463 404 4515 mol
420 4451 622 4525 Ἑρμαφρόδιτον
643 4458 686 4514 τοῦ
710 4456 787 4515 αότοῦ
810 4459 898 4528 δαίμο·
