3148 4938
339 233 478 288 ruhault
494 233 558 288 Lib.
569 235 602 287 ll.
618 232 701 288 Tou.
716 233 748 284 ll.
764 229 866 284 HABR.
878 229 997 282 vaur.
1189 218 1246 280 571

89 353 301 420 nandrinurnrn
314 353 577 439 archiepiscorum,
600 363 633 418 nt
647 372 700 438 per
717 361 808 416 totarn
825 349 993 436 Aegyptum
1008 369 1042 414 ae
1055 346 1248 428 Thebaidem,

89 454 300 536 Mareotidem,
323 455 464 543 Lybiam,
488 455 725 533 Ammoniacanr,
745 451 940 520 Mareotidenr
956 462 987 516 et
1001 447 1184 537 Pentapolim
1201 471 1249 514 ee-

90 557 256 624 clesiastico
274 558 392 642 negotia
411 558 628 622 administrent.
674 553 757 640 Ergo
776 575 880 620 omnes
897 553 938 618 illi
956 553 993 618 nb
1010 550 1119 618 Christi
1143 574 1249 618 nomen

89 657 119 723 in
138 660 300 726 custodiam
317 659 377 724 dati
395 659 445 724 din
461 661 490 724 iu
505 659 631 724 vinculis
649 658 758 724 detenti
773 668 859 736 sunt;
884 668 953 722 aute
967 677 1040 741 qnos
1055 654 1185 720 nonnulli
1201 676 1250 719 ea-

90 762 155 828 dem
173 763 210 830 de
225 781 332 828 caussa
356 763 446 827 uincti
469 761 641 847 martyrium
665 760 819 838 obierunt,
843 781 878 824 ac
895 758 1054 844 praemium
1070 769 1165 822 morte
1180 779 1250 822 eon·

89 864 184 930 secuti
206 874 292 944 sunt,
316 885 382 930 oum
406 863 522 928 interim
546 862 594 928 isti
618 873 754 947 tanquam
772 862 901 947 primarii
922 881 956 925 ac
975 859 1205 946 praestantiores
1219 860 1249 923 in

88 977 241 1050 posterum
264 966 412 1032 reservati
434 977 547 1032 essent.

176 1167 309 1256 Cumque
333 1170 466 1236 nonnulli
490 1171 663 1258 martyrium
689 1169 815 1234 feliciter
835 1167 1013 1250 subiissent,
1044 1166 1092 1232 alii
1119 1187 1191 1230 vero
1213 1167 1249 1232 ab
1279 1171 1339 1242 cap.
1355 1174 1386 1224 tt.

89 1273 194 1338 eodem
210 1274 405 1352 excidissent,
428 1283 460 1338 et
476 1271 618 1338 nefariam
636 1272 779 1338 idolorum
794 1271 1033 1358 superstitionem
1050 1269 1249 1348 admisissent,

89 1376 164 1442 adeo
185 1385 217 1439 ut
241 1376 269 1440 vi
287 1396 322 1439 ac
341 1376 520 1440 necessitate
544 1375 764 1454 sacrificarent,
789 1375 877 1439 iidem
902 1385 968 1462 post
985 1375 1094 1460 lapsum
1112 1383 1142 1436 et
1159 1371 1251 1436 saeri-

88 1478 154 1542 hcia
175 1478 212 1542 ad
229 1478 419 1544 confessores
442 1489 473 1542 et
497 1487 644 1564 martyres
661 1489 872 1556 accesserunt,
895 1487 927 1540 nt
942 1475 1123 1561 poenitentia
1136 1475 1251 1540 miseri-

89 1579 219 1644 cordiam
237 1579 418 1645 obtinerent.
466 1578 669 1663 Quorumalii
684 1579 791 1644 milites
806 1591 908 1657 erant,
933 1577 981 1642 alii
1002 1599 1041 1642 ex
1058 1578 1150 1642 variis
1166 1577 1253 1642 cleri·

88 1703 191 1748 eornm
209 1680 375 1761 ordinibus,
400 1681 595 1768 presbyteris,
620 1681 764 1760 diaconis,
788 1701 824 1746 ac
839 1681 960 1766 reliquis
974 1680 1052 1746 aliis.
1097 1678 1174 1744 Hinc
1193 1700 1252 1744 uun

88 1783 207 1848 minima
229 1783 307 1847 inter
324 1794 472 1869 martyres
493 1784 652 1848 commotio
675 1805 710 1848 ae
732 1784 880 1849 dissensio
905 1794 952 1848 est
970 1793 1093 1861 exorta,
1118 1783 1253 1867 neganti·

88 1886 144 1950 bus
159 1885 223 1950 aliis
245 1905 300 1952 eos
324 1886 373 1970 qni
391 1885 484 1951 semel
508 1886 582 1970 lapsi
607 1896 707 1950 esseut
725 1907 760 1952 ac
780 1883 931 1951 Christum
953 1885 1167 1970 abnegassent,
1198 1905 1252 1948 nec

88 1987 289 2052 fortitudinem
306 2009 341 2052 ac
357 1988 552 2052 constentiam
571 1987 764 2054 retinuissent
785 1999 836 2054 ant
852 2000 1001 2054 certamen
1019 1987 1180 2065 obiissent,
1205 2007 1253 2052 re·

88 2089 242 2174 cipieudos
264 2089 300 2154 ad
316 2089 526 2176 poenitentiam
543 2111 628 2170 esse,
652 2111 689 2154 ne
709 2093 784 2156 iorte
801 2090 906 2175 reliqui
930 2090 974 2154 ob¹
989 2089 1143 2154 celerrime
1161 2090 1252 2176 impe·

89 2201 196 2257 tratum
216 2191 252 2256 ab
269 2191 307 2255 iis
324 2191 535 2277 indulgentiam
558 2192 671 2256 minore
692 2213 850 2278 poenarum
874 2203 953 2258 metu
971 2191 1064 2280 abripi
1084 2212 1152 2257 sese
1170 2204 1252 2278 pate·

87 2305 209 2374 rentur,
235 2315 268 2358 ae
284 2295 371 2359 deum
388 2306 550 2379 negarent,
581 2294 816 2380 execrandisqne
840 2315 873 2360 se
893 2295 1046 2378 gentilium
1073 2295 1167 2360 sacris
1190 2295 1252 2379 pol·

89 2395 218 2460 luerent.
250 2394 291 2460 Et
306 2407 372 2461 erat
392 2398 468 2482 quod
485 2397 522 2461 ab
537 2397 680 2463 eiusmodi
700 2397 921 2462 confessoribus
938 2396 1120 2462 dicebatnra
1137 2396 1252 2460 rationo

89 2519 149 2562 non
166 2497 306 2564 alienum.
353 2498 392 2564 lli
410 2511 494 2563 erant
511 2495 652 2564 Meletios
669 2509 700 2564 ct
713 2495 839 2577 Peleus,
864 2499 973 2584 aliique
990 2499 1156 2583 complures
1174 2519 1252 2563 mar·

88 2610 172 2686 tyres
190 2610 221 2664 et
243 2603 450 2680 confessores,
474 2621 547 2686 qnos
569 2600 659 2664 divini
677 2600 799 2665 honoris
817 2602 914 2666 studio
939 2623 974 2666 ac
995 2602 1062 2666 zelo
1089 2599 1251 2666 inllamma-

89 2712 154 2780 tos,
177 2723 244 2768 oum
262 2702 335 2769 haee
358 2702 507 2781 dicerent,
541 2702 632 2768 inisse
656 2723 714 2768 non
740 2702 858 2768 dnbinnr
885 2715 942 2768 est.
988 2704 1138 2770 ductores
1161 2727 1250 2790 porro

88 2803 176 2868 iidem
193 2815 296 2885 erant,
320 2816 351 2869 ut
370 2805 530 2870 secundnm
550 2804 804 2890 persecutionem,
830 2817 896 2890 post
913 2806 1021 2870 iustum
1038 2807 1153 2892 aliquod
1178 2819 1252 2872 tem·

89 2904 168 2990 poris
183 2907 327 2990 spatium,
351 2927 423 2992 pace
442 2906 620 2986 constituta,
645 2897 843 2989 poeniteutiae
860 2907 918 2972 illis
936 2907 1018 2972 locns
1034 2907 1250 2993 indulgeretur,

87 3009 113 3072 si
138 3009 253 3092 quidem
280 3029 351 3075 vere
370 3009 449 3072 illam
474 3021 504 3073 et
523 3029 563 3072 ex
580 3008 679 3072 animo
703 3007 908 3093 susciperent,
941 3019 1028 3094 atque
1053 3011 1118 3074 eius
1140 3011 1252 3074 fructus

87 3110 282 3191 exhiberent,
316 3131 371 3175 uec
389 3111 429 3174 ita
450 3121 566 3190 tamen,
599 3121 629 3175 ut
652 3131 668 3174 e
689 3110 806 3176 clericis
829 3110 1028 3196 unusquisqne
1044 3112 1198 3199 pristinum
1222 3112 1251 3176 in

86 3211 220 3278 ordinem
238 3213 463 3292 restitueretur,
497 3213 548 3278 sed
569 3225 599 3276 ut
618 3224 685 3300 post
704 3212 823 3298 aliquod
842 3222 956 3298 ternpus
979 3214 1015 3277 ad
1037 3213 1192 3278 ecclesiam
1216 3236 1251 3278 ac

85 3313 323 3380 communionem
341 3315 486 3380 admissus
510 3315 540 3380 in
560 3315 672 3400 reliqna
689 3314 786 3400 populi
803 3314 1004 3395 multitudine,
1028 3337 1086 3380 nou
1104 3315 1182 3382 inter
1204 3339 1251 3380 re·

85 3415 201 3500 liquos,
226 3427 411 3483 censeretur.
459 3415 591 3502 Eratque
610 3416 682 3480 haec
702 3417 743 3480 nti
763 3416 844 3496 dixi,
868 3439 885 3498 a
903 3417 1039 3484 veritatis
1058 3439 1160 3484 amore
1184 3439 1252 3505 pro·

85 3517 185 3597 lecta,
208 3530 239 3584 et
261 3517 352 3586 divini
373 3517 489 3585 ardoris
511 3518 681 3604 plenissima
703 3519 791 3583 ratio.
1161 3605 1164 3610 ι

175 3615 287 3686 Contra
306 3619 509 3688 sanctissimris
524 3619 650 3702 Petrus,
675 3633 775 3708 utpote
792 3622 939 3708 benignus
956 3643 991 3686 ac
1007 3624 1196 3703 misericors,
1220 3633 1250 3688 et
1269 3641 1329 3710 cap.
1344 3643 1388 3695 ιιι.

82 3721 168 3786 velut
183 3707 348 3790 communis
362 3725 492 3789 omniurn
508 3745 634 3810 parens,
659 3724 704 3790 his
721 3725 786 3790 illos
804 3725 904 3790 verbis
917 3725 1110 3790 obsecrabats
1135 3725 1250 3790 Admit-

83 3835 183 3890 tanuas
200 3825 284 3906 illos,
309 3825 542 3911 quandoquidem
559 3828 670 3913 peccati
694 3849 747 3893 eos
764 3828 912 3916 poenitet,
936 3847 971 3892 ac
989 3828 1197 3913 poeniteutiam
1215 3828 1250 3892 il·

117 4045 144 4096 h.
163 4039 359 4114 doeemnptnr
375 4047 425 4098 cod
435 4047 532 4112 amon.
552 4051 593 4102 Sto
607 4052 650 4100 tte·
684 4047 802 4117 innoxos,
820 4050 883 4112 cuod
896 4062 938 4102 nec
948 4050 1078 4100 comanus
1090 4051 1252 4100 merendus

77 4127 138 4165 rum
154 4115 221 4176 intro
239 4129 291 4177 cup.
306 4111 330 4166 6.
352 4109 580 4183 supermontem
602 4119 651 4181 τῆς
684 4121 813 4180 seprinm
829 4121 949 4168 coenant.

77 4175 210 4245 ἀληθείας
235 4176 439 4248 ἀναδιδεγμὲνοι.
482 4185 575 4246 ltettqut
598 4187 652 4233 tthrt
718 4183 742 4237 7.
762 4182 785 4236 sl
801 4177 852 4250 ἄρα
869 4189 902 4235 ert
915 4185 1055 4234 Lottnurnrn
1069 4181 1091 4232 si
1106 4183 1184 4243 torte,
1202 4199 1248 4248 quo

76 4250 170 4298 notent
191 4244 403 4316 druhsherpptsoc
440 4251 491 4302 Pro
512 4251 588 4317 δῆλον
610 4243 651 4304 ὅτι
685 4255 843 4303 Tertullianus
858 4255 989 4315 frequenter
1003 4256 1036 4300 est
1049 4265 1114 4301 usur.
1132 4253 1249 4314 lltnepo·

75 4318 132 4368 ccd
153 4317 253 4380 flbsdtp.
269 4319 337 4368 notet
354 4313 479 4384 tutandae
685 4325 715 4370 tet
729 4335 776 4372 non
789 4335 837 4372 asse
853 4311 957 4382 δεῖᾶρα
971 4321 1154 4384 rnonmndrsn,
1169 4334 1249 4384 quero-

113 4381 140 4434 6.
162 4383 275 4446 Suspicor
293 4387 457 4450 eontpendum
480 4399 527 4436 csse
545 4382 652 4455 ἐπέσχον
685 4389 816 4440 odmndcns
832 4389 905 4438 uctutt
921 4389 966 4440 los.
981 4388 1094 4450 Ssottper.

75 4451 110 4521 (t.
120 4464 141 4502 e.
156 4449 328 4523 obtinebant),
346 4455 383 4506 cet
396 4457 467 4506 mona
479 4449 652 4522 tenesmum
