3154 4930
348 229 485 284 rennuit
503 230 609 284 crnrr.
626 232 709 286 ron.
722 233 752 284 n.
772 231 872 286 anau.
885 233 977 286 axvi.
1178 221 1239 288 ent

89 371 165 440 qaae
186 349 347 428 condaxit,
377 361 493 416 evertet
513 372 549 416 aa
570 351 716 432 santia,
750 362 872 439 apparet
894 352 966 418 daec
988 351 1176 420 addicenda
1198 352 1244 418 ia·

88 455 177 540 genio
200 474 267 518 csse
289 453 431 538 proiecto.

174 553 335 622 Praeterea
350 555 511 622 animarum
535 573 575 620 ea
594 555 660 620 aliis
675 556 705 622 ia
723 557 779 622 alia
796 577 920 643 corpora
936 558 1076 623 transitus
1092 557 1240 622 edisserit.
1260 569 1321 642 dap.
1331 567 1386 622 bv.

89 656 177 743 Qacd
196 658 378 724 mendacium
405 655 579 737 aPlatonc,
604 659 650 722 nei
670 657 795 724 Zenone
813 656 935 739 Stoico,
959 659 1007 724 nel
1029 661 1163 746 quopiam
1185 659 1242 725 alio

6 823 7 856 ,
88 783 130 828 ex
149 759 283 826 laneficio
304 760 361 826 illis
381 780 557 844 corrogasse
581 759 707 824 videtur.
753 759 872 826 Etenim
896 762 943 846 qui
965 761 1029 826 deri
1057 773 1153 847 potest
1173 773 1244 828 uta

6 929 8 946 ‚
88 885 215 950 corpore
235 863 265 928 io
286 883 392 948 corpas
408 861 504 926 anima
524 863 737 928 transferatur?
779 861 857 928 Nam
883 864 907 928 si
932 885 1055 948 corpora
1078 863 1243 932 iamdudum

6 1035 7 1048 ,
89 967 216 1030 formata
239 977 269 1030 et
291 976 392 1050 parata
416 963 529 1044 loreat,
560 974 593 1028 ut
615 965 728 1030 animas
754 965 944 1051 exciperent,
976 965 1107 1030 nonnihil
1126 967 1245 1032 scenica

6 1131 8 1148 ‚
90 1070 150 1136 ista
166 1067 261 1132 labala
280 1065 440 1132 uerisimile
463 1077 651 1151 proponeret.
695 1064 786 1135 Nunc
803 1089 867 1132 cam
894 1068 922 1133 id
938 1069 1013 1152 quod
1031 1069 1246 1154 proseminatae

6 1155 7 1162 ἵ
88 1171 200 1254 exigua
218 1170 340 1254 quedem
358 1169 469 1232 estilla
484 1169 539 1247 ait,
563 1189 623 1232 non
640 1169 726 1234 video
743 1171 984 1254 quemadmodum
1003 1171 1116 1236 tantillo
1134 1171 1162 1234 in
1177 1192 1244 1236 coe·

6 1345 7 1372 ,
88 1293 164 1360 pore
183 1282 291 1338 tanum
309 1270 472 1336 ubertatem
492 1292 526 1334 ac
543 1270 656 1356 copiam
673 1272 770 1336 anima
788 1273 932 1358 reperiam
963 1273 1007 1338 sic
1031 1273 1108 1336 caira
1132 1273 1245 1357 dogun-

6 1449 7 1452 ¹
87 1386 192 1440 turea
208 1372 305 1438 omnia
321 1375 649 1458 qaaecumqaetandem
671 1376 829 1458 ingenim.
868 1371 911 1439 ita
928 1375 1024 1440 aulius
1040 1375 1124 1440 iatius
1143 1397 1246 1441 narra·

88 1476 165 1542 tiaai
180 1478 262 1542 locas
279 1486 342 1556 eatq
367 1497 422 1540 aec
439 1475 475 1540 ab
491 1497 550 1540 uno
568 1497 692 1561 corpore
709 1477 738 1542 in
756 1477 832 1542 aliud
849 1477 964 1542 animae
988 1478 1243 1544 transiundantur.

5 1553 8 1664 f
88 1577 242 1665 Siquidem
263 1578 373 1664 aisque
390 1588 488 1642 mutua
510 1579 600 1645 maris
617 1599 652 1642 ac
671 1579 796 1642 leminea
819 1580 1026 1668 coniunctione
1046 1580 1117 1646 nihil
1135 1580 1165 1646 ia
1186 1580 1246 1646 allo
1353 1606 1360 1621 ·

5 1763 6 1768 ἵ
88 1683 259 1748 animalium
283 1700 395 1766 genere
412 1681 621 1768 propagatione
641 1681 792 1754 formatur.
837 1679 918 1746 Num
935 1683 1025 1766 igitur
1046 1684 1090 1748 sic
1112 1682 1247 1746 consistit

5 1863 7 1876 μ
88 1786 188 1851 anima
206 1795 238 1850 at
256 1783 407 1848 amborum
424 1783 609 1868 copulatione
629 1803 783 1868 corporum
807 1783 991 1848 circulatoris
1011 1783 1096 1848 istinc
1120 1785 1246 1849 fabulam

5 1879 8 1896 ’
88 1887 245 1953 absolvat?
287 1884 368 1952 Sane
388 1886 489 1950 miram
512 1884 627 1950 illorum
650 1885 837 1950 stoliditatem
856 1896 973 1971 oportet
988 1907 1072 1966 esse,
1096 1887 1146 1971 qai
1165 1887 1247 1952 eius·

5 1967 6 2000 ¹
89 1989 170 2054 modi
188 1989 235 2054 nel
252 1988 399 2072 cogitandi
423 1987 478 2050 siti
504 1987 656 2052 decrerint.
700 1985 797 2052 Nabis
815 1998 932 2070 autem,
962 2009 1000 2052 ae
1025 2009 1100 2074 quae
1122 1999 1247 2073 anguste

5 2069 7 2100 '
88 2113 126 2156 aa
143 2091 282 2176 religiosa
300 2101 386 2168 sunt,
410 2099 640 2168 commutemus,
671 2090 745 2153 satie
764 2111 832 2154 csse
850 2091 945 2156 nisum
968 2102 1015 2156 cst
1039 2092 1121 2157 relat
1144 2112 1163 2154 e
1183 2092 1248 2156 loa·
1277 2081 1278 2086 ¹

5 2187 7 2206 ³
88 2193 203 2278 qinqao
220 2191 384 2278 argumcrni
402 2191 488 2256 huius
504 2192 680 2256 informasse
701 2191 842 2278 speciem.
887 2189 1035 2276 Quocirca
1053 2193 1248 2280 perniciosam

5 2279 7 2310 ³
89 2296 170 2360 hauc
188 2306 274 2379 atque
296 2293 474 2358 exitiabilem
495 2295 662 2380 opinionem
681 2295 924 2378 praetermittam.
967 2293 1045 2360 Nam
1069 2296 1249 2382 peradsuada

4 2385 6 2414 ³
88 2408 162 2465 suat
186 2395 327 2462 eiusmodi
354 2396 451 2460 omnia
474 2397 621 2482 dogmata.
666 2393 784 2460 Etenim
803 2395 830 2460 si
849 2395 1021 2482 cerporibus
1040 2419 1163 2484 corpora
1185 2419 1248 2462 mu·

4 2491 5 2496 ¹
88 2509 156 2564 teat
173 2499 306 2578 animae,
331 2509 362 2562 ut
380 2497 428 2581 qui
446 2497 515 2562 olias
532 2498 620 2562 homo
635 2499 722 2562 laesit
739 2509 841 2584 pastea
857 2500 938 2562 canis
954 2498 1082 2580 existat,
1113 2521 1166 2564 eur
1188 2521 1246 2564 aon

4 2589 6 2620 ³
85 2624 130 2668 cx
156 2601 272 2666 homine
291 2601 339 2664 vet
359 2600 436 2664 bove
456 2601 538 2664 oannis
555 2600 704 2665 nascituri
735 2609 785 2666 aut
804 2621 858 2665 cnr
880 2621 938 2664 noa
962 2601 1027 2666 auis
1047 2602 1248 2687 progignitur?

4 2693 5 2706 ¹
85 2705 151 2770 imo
167 2714 287 2781 coena,
312 2704 337 2766 si
356 2703 432 2787 qnod
453 2702 558 2766 iaiiuiti
574 2702 714 2788 temporis
732 2703 827 2788 spatio
844 2715 1005 2768 monstrum
1023 2704 1107 2768 huius
1129 2705 1248 2788 generis

87 2807 227 2884 oriatur,
258 2806 385 2890 portenti
406 2804 530 2868 habetor
549 2804 664 2868 instari
707 2805 754 2868 Ac
778 2815 882 2869 natura
907 2805 1022 2889 quidem
1046 2807 1108 2891 ipsa
1130 2805 1193 2873 suia
1214 2821 1249 2882 ae

86 2908 199 2974 linibus
217 2909 362 2985 continet,
387 2927 482 2990 acque
499 2917 547 2972 aut
565 2907 702 2984 hominiis,
725 2917 775 2971 ant
790 2907 909 2992 pecudis
929 2907 1016 2996 qilius
1030 2919 1164 2974 enatarem
1177 2931 1249 2974 con·

85 3021 135 3076 tra
156 3031 242 3094 qaam
259 3010 387 3094 postulet
408 3010 471 3094 ipsa
494 3019 670 3086 commutat,
701 3008 753 3072 sed
777 3008 806 3072 in
828 3030 1002 3095 unaquaque
1025 3011 1124 3096 specie
1145 3011 1247 3076 eadem

82 3121 233 3198 perpetuo
248 3112 373 3196 qualitas
391 3133 426 3176 ac
445 3112 574 3176 conditio
589 3122 733 3176 remanet.
780 3108 841 3175 lom
858 3132 930 3176 nero
947 3113 972 3180 ai
993 3133 1009 3178 a
1028 3134 1152 3198 corpore
1171 3115 1248 3180 aliad

82 3235 143 3300 pro
164 3214 259 3278 altero
282 3234 388 3297 corpas
411 3213 482 3277 oriri
511 3235 569 3278 aou
593 3225 706 3300 potest,
737 3225 847 3299 quanto
871 3215 965 3298 magis
987 3214 1016 3278 in
1040 3216 1117 3281 aliod
1141 3237 1249 3301 corpas

81 3314 254 3398 trerasgredi
273 3315 398 3378 lacticis
417 3316 514 3380 aniana
529 3337 587 3380 non
604 3317 730 3400 poterit?
773 3313 858 3398 Quae
875 3327 1051 3395 estentona,
1075 3318 1168 3402 inquit
1185 3319 1247 3396 ille,

81 3417 262 3483 mutationis
279 3418 358 3480 illius
375 3417 471 3482 ratioi
516 3415 556 3482 Ut
573 3417 708 3482 nimirum
726 3417 769 3497 si,
793 3439 858 3482 cam
874 3417 904 3482 in
918 3417 1035 3482 domiue
1048 3431 1147 3500 esset,
1170 3421 1249 3487 veri·

84 3520 166 3586 tatis
180 3519 333 3584 scientiam
354 3541 411 3582 non
433 3520 615 3605 perceperit,
637 3519 759 3582 subinde
778 3520 808 3582 in
828 3540 930 3584 canem
956 3531 1004 3586 aut
1028 3542 1132 3607 equum
1156 3522 1249 3586 intro·

82 3625 199 3701 dueta,
223 3642 258 3684 oc
283 3621 462 3706 perdomita,
486 3620 736 3704 intelligentiaque
758 3623 889 3707 praedita
909 3621 1065 3686 humanum
1088 3623 1118 3687 in
1141 3645 1249 3711 corpus

80 3727 191 3790 denuo
210 3735 394 3804 reuertatur,
418 3735 506 3808 otqne
520 3725 559 3788 ita
579 3743 699 3808 compos
715 3723 857 3788 scientiae
881 3725 957 3788 locta
984 3725 1013 3786 ia
1039 3725 1140 3789 orbern
1163 3728 1249 3791 lunae

79 3826 264 3911 recipiatur.
309 3823 343 3890 la
361 3848 419 3910 qao
439 3847 491 3911 per
512 3826 580 3890 illud
595 3845 669 3890 suae
685 3826 788 3890 minum
805 3837 869 3906 est,
893 3827 1036 3906 anianum,
1060 3829 1196 3912 quamdin
1218 3828 1248 3894 in

80 3927 211 3996 homine
228 3929 300 4006 tait,
324 3927 371 3992 cui
392 3928 557 3992 scholarum
581 3929 855 4014 grammaticorum,
879 3930 1092 4014 sophistarum,
1115 3931 1248 3996 inarime·

78 4053 189 4098 rarum
216 4030 341 4114 denique
365 4029 471 4094 artium
494 4031 576 4114 copie
595 4031 741 4116 suppetit,
773 4032 821 4114 qni
840 4032 1105 4111 sermocinatione,
1136 4034 1247 4114 audita,

79 4134 257 4200 eruditione
273 4133 423 4219 praeditae
440 4145 502 4212 cst,
531 4134 560 4196 io
583 4154 619 4196 eo
638 4134 753 4218 inquam
772 4132 888 4198 homine
906 4145 985 4198 tanta
1003 4134 1032 4198 in
1051 4135 1166 4198 inscitia
1186 4137 1249 4200 ani·

78 4259 168 4304 mam
185 4256 251 4300 esse
269 4247 433 4314 uersatam,
457 4236 579 4302 eandem
598 4255 670 4300 vero
689 4257 760 4302 moa
781 4247 813 4302 ut
830 4237 860 4300 in
878 4257 998 4324 porcam
1021 4239 1162 4305 translata
1186 4240 1248 4304 iae·

77 4341 144 4418 rit,
173 4339 292 4402 maioris
307 4358 376 4402 esse
397 4338 539 4402 scientiae
559 4338 741 4427 participem.
787 4336 855 4423 Quo
881 4339 996 4426 quidem
1020 4341 1140 4406 decreto
1164 4361 1248 4406 suam

114 4477 146 4530 ⁵.
167 4467 325 4544 dnmccipann
348 4477 384 4544 (n
396 4489 417 4527 e.
433 4469 600 4544 ἀνακάμτπῃ)
618 4476 669 4570 eqd
685 4475 784 4540 mun.
