3168 4942
327 245 464 300 Pdellll
481 247 546 300 utu.
558 249 591 300 ll.
608 247 691 302 ΤΟΜ.
705 249 738 303 ll.
753 247 854 303 nanu.
867 249 966 304 thtt
1170 242 1229 306 661

66 387 206 448 versum,
230 379 282 432 aut
297 367 328 432 iu
347 368 407 433 lilio
431 367 571 454 aspicito
595 380 698 434 sancto
714 370 903 456 discrepans,
936 370 1178 455 quemadmodum
1201 373 1232 438 iu

66 491 243 556 unaquaque
256 470 441 556 superiorum
460 471 624 538 haereseon
639 472 807 552 refutanda,
832 472 880 537 ubi
898 473 927 536 id
943 493 1067 538 necesse
1083 475 1147 553 tuit,
1166 495 1233 539 cer·

66 574 191 638 tissimis
209 571 374 636 radentibus
388 573 582 655 ostendimus,
604 584 823 640 sacrosanctam
841 574 980 640 videlicet
997 575 1157 640 trinitatem
1173 599 1232 642 nna

67 676 226 740 divinitate
247 686 404 756 constare,
438 697 532 762 neque
559 677 711 763 quicquam
737 676 885 742 diversum
911 676 941 740 in
968 697 1036 742 sese
1061 678 1233 764 variumque

66 779 242 857 continere,
272 778 324 842 sed
347 778 439 863 ipsam
456 779 576 843 omnino
601 778 813 864 perfectionem
837 799 922 858 esse,
956 779 985 843 in
1009 799 1065 864 qua
1088 780 1144 844 tria
1166 801 1233 866 per·

67 884 146 946 tecta
169 881 247 959 sint,
273 879 378 965 quibua
401 881 487 944 unius
510 891 540 945 et
562 882 721 966 singularis
742 881 855 966 gloriae
878 881 1060 966 praedicatio
1081 903 1116 948 ac
1131 883 1233 968 singu·

66 983 141 1048 laris
164 983 325 1048 dominatio
348 982 505 1048 tribuatur.

153 1081 261 1163 Dices,
291 1081 533 1170 Curigiturlnoc
554 1085 713 1150 illedixit?
758 1082 821 1150 lam
837 1084 954 1171 quidem
978 1085 1051 1150 alias
1070 1085 1154 1150 uoltis
1177 1087 1226 1150 itta
1280 1103 1342 1156 cn.

64 1189 210 1274 disputata
228 1187 362 1272 quaestio
379 1197 438 1267 cst,
462 1188 513 1252 sed
533 1188 603 1252 nihil
625 1189 712 1252 modo
729 1188 866 1273 prohibet
885 1188 1040 1272 quominus
1058 1190 1159 1254 endem
1177 1189 1226 1254 illu
1262 1123 1337 1226 nl

64 1301 237 1376 repetamus
255 1289 310 1353 hoc
328 1290 405 1354 loco.
447 1290 545 1375 Atque
561 1291 681 1356 eosdem
697 1291 764 1354 illos
780 1290 955 1355 verissimos
972 1311 1127 1356 sermones
1144 1313 1231 1359 usur-

63 1415 154 1480 pare,
184 1415 274 1474 neque
289 1415 332 1454 me
345 1395 472 1474 pigebit,
505 1402 536 1456 ct
554 1392 714 1458 lectoribus
736 1394 772 1457 ad
795 1393 961 1457 cautionem
986 1392 1058 1456 utile
1080 1404 1169 1478 atque
1191 1395 1227 1459 ad
1253 1422 1352 1484 pent„

63 1495 245 1560 refellendos
273 1493 460 1559 adversarios
486 1495 654 1581 cumprimis
681 1505 856 1580 oportunum
881 1493 1011 1559 videtur.
1063 1491 1116 1559 Sin
1138 1495 1229 1580 igitur
1266 1477 1321 1534 ⁸’¹'

63 1621 133 1663 sese
160 1618 208 1662 res
228 1597 333 1676 habet,
365 1596 508 1682 triplicem
533 1599 563 1662 in
587 1597 638 1661 illo
657 1595 722 1662 loco
745 1593 885 1662 Christus
906 1597 1040 1662 ordinem
1063 1599 1229 1684 proposuit,

64 1712 197 1788 patrem,
228 1700 376 1785 seipsum,
410 1721 445 1764 ac
469 1701 615 1764 coelestes
641 1719 745 1764 omues
769 1699 904 1784 angelos.
950 1696 1000 1762 Ex
1025 1699 1130 1784 quibus
1153 1700 1230 1788 patri

63 1805 182 1890 quidem
201 1801 278 1866 illius
296 1801 354 1864 dici
374 1801 507 1866 notitiam
525 1801 638 1866 detulit.
673 1799 782 1887 Neque
798 1802 873 1866 hanc
891 1801 986 1866 solum
1003 1801 1155 1882 indicavit,
1176 1805 1230 1868 sed

63 1918 92 1970 et
108 1907 170 1970 alin
189 1904 289 1969 omnia
304 1923 378 1990 quae
396 1904 425 1968 in
446 1904 537 1990 patuis
562 1924 597 1968 ac
615 1903 665 1969 lilii
685 1914 832 1989 potestate
857 1903 923 1968 sine
946 1904 1004 1969 ulla
1022 1905 1231 1971 controversie

63 2019 207 2096 perpetuo
228 2010 362 2086 ruerunt,
388 2026 521 2092 quaeque
536 2006 573 2070 ab
594 2005 653 2071 illis
671 2007 812 2091 producta
830 2027 866 2070 ac
883 2007 1014 2092 perlecta
1038 2017 1118 2070 sunt.
1163 2005 1230 2072 No·

64 2112 106 2174 vit
122 2113 223 2195 itaque
240 2119 324 2196 pater
343 2108 419 2174 diem
436 2109 535 2188 illam,
566 2108 668 2188 novit,
692 2109 829 2193 inquam,
859 2120 890 2173 et
906 2109 1065 2194 produxit,
1097 2131 1133 2174 ac
1154 2109 1231 2174 iudi·

64 2213 163 2292 cavit,
196 2223 283 2298 prout
306 2214 336 2275 in
359 2209 479 2276 loannis
499 2211 655 2295 evaugelio
673 2211 810 2276 dominus
834 2223 947 2275 narrat.
993 2216 1095 2287 Pater,
1121 2212 1382 2296 inquit,tmn.e,ta.

64 2321 200 2377 nemmem
228 2317 380 2388 t'udr‘endr't‚
413 2318 464 2376 aed
485 2335 565 2376 omne
586 2318 721 2376 aicda'ct'um
742 2317 821 2376 dedit
836 2316 918 2395 filio.
966 2309 1033 2378 lluc
1061 2314 1139 2378 enim
1162 2313 1229 2400 ipso

65 2418 139 2504 quod
157 2417 295 2481 iudicium
312 2417 391 2481 dedit
414 2415 561 2481 indicasse
577 2417 723 2502 putandus
741 2425 798 2479 est.
843 2413 926 2499 Ergo
948 2435 1014 2480 cum
1039 2415 1226 2496 iudicaverit,

65 2523 146 2584 novit
162 2519 279 2604 quaudo
294 2518 333 2582 sit
347 2519 396 2582 illa
413 2519 476 2582 dies
495 2528 631 2584 ventura.
664 2516 744 2582 Nam
762 2523 814 2599 qui
827 2540 883 2581 non
899 2522 991 2582 credit
1005 2521 1152 2600 tirfllt'um,
1170 2524 1382 2592 tentamenta

65 2627 207 2684 indractum
228 2634 280 2684 eat.
326 2619 398 2686 Non
418 2622 493 2706 quod
511 2621 649 2686 iudicium
673 2620 731 2685 iam
751 2621 957 2705 praeterierit,
982 2621 1034 2684 scd
1054 2621 1130 2706 quod
1152 2641 1227 2706 quaa

68 2736 133 2788 tuuc
151 2727 249 2788 lutura
267 2732 337 2788 sunt
354 2725 442 2788 modo
460 2723 665 2803 declarenturq
697 2721 859 2786 cuiusmodi
877 2723 1013 2806 quiddam
1029 2723 1058 2786 in
1078 2723 1228 2809 praesenti

68 2827 187 2911 negotio
204 2825 348 2890 cernitur.
394 2823 510 2911 Quippe
528 2825 676 2911 scriptura
694 2845 752 2888 uon
769 2845 858 2888 unum
875 2825 1018 2889 scientiae
1036 2845 1130 2909 genna
1147 2847 1228 2890 com·

67 2929 215 3012 plectitur.
260 2927 399 2992 Ceterum
419 2929 495 3012 quod
515 2927 657 2992 hactenns
679 2947 769 3013 saepe
790 2949 825 2992 ac
841 2937 1014 2992 constanter
1032 2927 1171 3007 lecimus,
1196 2937 1229 2991 nt

66 3031 97 3093 ad
114 3031 178 3108 nei,
204 3051 260 3116 qua
276 3033 312 3094 de
329 3030 444 3114 agitur,
469 3030 694 3094 illustrationem
717 3041 745 3094 et
768 3029 994 3114 explicationem
1020 3029 1227 3093 similitudines

67 3135 205 3217 quasdam
231 3144 260 3196 et
281 3133 419 3218 exempla
439 3152 671 3218 proponeremus
697 3153 737 3197 ex
757 3133 926 3218 praeteritis
951 3129 1040 3195 rebus
1061 3152 1097 3194 ac
1117 3130 1224 3216 gestis,

66 3236 202 3319 aquibus
223 3235 259 3297 ad
275 3246 479 3318 argumentum
497 3235 591 3321 ipsum
616 3244 646 3297 et
662 3245 749 3321 caput
767 3234 971 3320 disputationis
987 3233 1223 3319 perveniremus,

66 3337 136 3400 idem
164 3337 389 3421 inpraesentia
414 3337 578 3402 laciendum
602 3337 710 3401 indico.
760 3335 862 3421 Quare
886 3335 972 3401 atum
997 3335 1124 3422 repetito
1146 3336 1226 3421 priu-

68 3439 138 3522 cipio
162 3439 200 3502 ad
222 3460 289 3503 eum
314 3439 430 3504 modum
453 3461 519 3503 cum
542 3439 600 3504 illis
622 3459 754 3524 agamus.

147 3540 228 3625 Quid
257 3543 372 3606 tandem
400 3542 518 3606 dicitis?
560 3539 640 3606 Num
664 3541 797 3606 Adamus
820 3563 945 3607 uxorem
964 3539 1058 3605 Evam
1084 3540 1133 3605 vel
1155 3550 1224 3604 ante
1268 3559 1328 3612 c..

68 3658 217 3731 peccatum
238 3666 273 3708 ac
292 3645 430 3710 violatam
453 3644 548 3728 legem
575 3656 716 3725 noverat,
748 3647 862 3708 necne?
905 3641 976 3708 Non
999 3644 1123 3728 potestis
1147 3642 1227 3706 veri-
1249 3577 1345 3680 ull·

68 3749 114 3809 tati
133 3767 313 3833 repugnare.
359 3745 427 3810 Nisi
445 3747 523 3810 euim
542 3747 572 3810 in
592 3747 678 3810 huius
695 3747 739 3811 rei
761 3745 956 3831 intelligentia
979 3757 1062 3809 recta
1088 3743 1225 3831 progredi

68 3850 177 3930 velitis,
205 3849 342 3914 facillime
360 3849 591 3913 convincemini.
633 3853 742 3926 Erunt,
767 3850 862 3934 inquit
877 3849 1039 3935 scriptura,
1064 3852 1148 3922 naui,
1173 3861 1368 3922 nectamus.

65 3957 167 4030 pudore
188 3953 403 4036 cffict'ebnntcr.
457 3950 549 4035 Atqui
572 3961 632 4014 tum
658 3953 726 4016 nudi
752 3961 854 4030 crant,
886 3971 982 4035 unque
1007 3961 1106 4014 tamen
1130 3947 1224 4014 caeci.

70 4051 148 4136 Quod
165 4053 285 4139 quidem
300 4052 423 4118 inlicinri
448 4073 507 4116 uon
525 4053 666 4136 potestis,
695 4063 747 4118 aut
765 4075 823 4118 nou
842 4053 960 4118 videndi
982 4052 1122 4117 lacultate
1140 4071 1227 4137 prue-

59 4249 60 4252 ,
98 4205 120 4258 6.
135 4205 209 4277 τύπῳ
226 4213 260 4260 eat
283 4211 368 4260 uittam
393 4209 429 4257 ed.
448 4209 530 4258 Petnu.
548 4209 626 4258 Coton.
659 4209 741 4270 toctptt
755 4208 900 4271 eupllLi'l.
918 4207 1062 4270 Vutpomtm
1075 4207 1226 4290 dcattnpnunt

60 4281 130 4336 granc.
661 4275 772 4340 εἴδησιν,
791 4269 828 4334 nic
847 4275 891 4328 acl
903 4272 1024 4335 πολλάκις
1036 4301 1052 4312 -
1068 4301 1084 4314 -
1097 4300 1110 4312 -
1127 4291 1157 4327 cu
1173 4275 1225 4327 dte-

62 4409 63 4412 *
99 4341 120 4392 7.
141 4346 239 4403 „neem
254 4342 390 4394 nonnihil¹‘
407 4347 531 4396 communit
546 4346 626 4396 Pemv.
661 4341 791 4408 λείψαμεν.
826 4341 956 4410 Adducunt
971 4341 1051 4396 τοίνυν
1064 4347 1115 4394 cett

62 4405 91 4466 {la
104 4425 176 4474 uturp.
211 4415 276 4464 utun
292 4414 407 4462 desidero.
696 4410 756 4461 Cur.
773 4411 866 4462 XLVl.
890 4437 925 4452 ··-
960 4410 982 4462 1.
1008 4405 1063 4466 οἶδε
1082 4411 1150 4462 codd»
1167 4423 1223 4468 atta.

62 4469 65 4574 ἱ
99 4477 255 4532 lttceucutc
276 4475 396 4549 λάβωμεν
422 4484 448 4532 ln
471 4481 527 4533 tdlt.
546 4481 627 4534 Petne.
661 4484 683 4531 ct
696 4479 822 4544 apadno
