3186 4928
391 244 527 299 canaan
544 245 609 297 cna.
621 245 654 296 u.
670 244 756 299 uonna
767 247 799 297 n.
816 244 916 300 mnu.
930 245 1010 298 cxv.
1168 282 1176 303 .
1217 233 1278 298 389

120 365 311 430 constitutos.
357 363 415 431 Est
431 366 507 430 euim
527 375 609 430 certa
622 364 675 430 ttta
690 375 721 428 et
737 364 922 430 immutabilis
937 365 1099 444 sententia,
1124 377 1193 430 ante
1210 387 1278 430 coe-

121 470 182 533 lum
201 490 238 534 ac
255 480 364 532 terram
380 467 452 532 nibil
469 468 587 532 omnino
603 467 785 532 conditarum
800 487 899 531 rerum
915 467 1067 546 extitisse,
1091 469 1226 552 quoniam
1243 473 1277 535 ln
1297 481 1354 526 θοι·
1367 483 1387 538 ¹.
1398 483 1417 527 ¹·

116 576 261 653 prtbct'pt'o
280 577 389 633 creauit
403 575 471 633 daras
489 574 595 634 coelunt
611 583 640 632 et
654 583 769 632 terrum.
818 567 856 635 Ut
878 569 947 634 illud
968 569 1008 632 sit
1031 571 1150 634 creandi
1171 571 1278 656 princi·

120 674 199 759 pium
222 685 291 738 aute
314 673 390 758 quod
414 673 522 740 creatis
545 694 585 736 ex
607 673 696 737 rebus
720 672 839 753 omnino
862 672 941 736 nulla
962 672 1063 736 luerit.

206 774 403 860 Quamobrem
420 797 477 839 non
494 787 602 864 potest,
626 777 668 839 uti
683 775 822 853 diximus,
846 774 921 858 quod
936 774 1014 838 inest
1029 774 1060 837 in
1077 773 1193 838 bomine
1209 795 1276 840 ver·

118 879 188 943 bum
207 878 293 942 bomo
316 879 495 964 nuncupari,
525 878 577 944 sed
598 877 724 942 bominis
748 875 882 940 verbum.
928 873 1015 960 Quod
1037 875 1064 939 si
1086 875 1133 940 dei
1154 877 1276 942 verbum

119 983 193 1044 deos
211 992 269 1060 est,
292 981 483 1046 subsistentia
499 981 618 1044 minione
636 992 729 1060 curet,
754 981 885 1064 adeoque
902 979 975 1043 deus
991 979 1111 1044 verbum
1129 977 1274 1060 subsistit,
1399 1045 1402 1061 ,

118 1105 136 1146 a
154 1083 210 1147 deo
224 1084 367 1167 genitus,
383 1085 448 1148 sine
466 1083 551 1148 initio
566 1083 625 1146 ullo
641 1104 675 1146 ac
691 1093 839 1168 tempoce3
865 1083 983 1144 Verbum
999 1087 1071 1144 enain
1085 1103 1153 1143 curo
1167 1083 1427 1162 foederabunttt

116 1198 179 1260 est,
202 1199 233 1247 et
246 1189 387 1249 bubniani!
399 1191 428 1249 in
445 1188 537 1260 aodt's,
562 1197 591 1246 et
607 1189 726 1249 cedrinus
741 1189 865 1266 glomum
880 1190 952 1259 erbe,
974 1189 1098 1266 glortitm
1114 1190 1199 1266 quusi
1213 1191 1275 1248 uni·

113 1293 242 1369 genitia
259 1303 360 1370 putre,
382 1293 496 1371 plenum
512 1293 630 1369 grutrite
646 1301 674 1350 et
690 1293 827 1350 conlatas.
875 1293 994 1350 Ioannes
1015 1292 1050 1349 de
1070 1290 1120 1349 illo
1142 1299 1272 1364 testatur,

116 1403 150 1452 et
165 1394 270 1453 clamat
286 1395 398 1466 dt'ceas,
423 1396 478 1453 Hic
494 1404 539 1454 est
552 1413 632 1473 quern
646 1395 712 1453 deici
726 1393 821 1452 ootu:
845 1395 972 1472 quipus!
984 1413 1026 1452 me
1040 1395 1130 1464 uenit,
1155 1402 1221 1453 onte
1233 1413 1276 1452 nte

112 1497 213 1576 suetus
227 1505 287 1568 est,
312 1499 378 1576 quin
390 1500 474 1576 prim
487 1517 530 1556 me
543 1506 623 1556 erut:
648 1497 694 1556 dic
709 1498 787 1556 uenit
798 1499 827 1556 e'n
842 1497 984 1568 mundum,
1010 1505 1044 1555 ut
1053 1497 1180 1556 sulcatur
1195 1515 1274 1556 mun-

115 1601 172 1658 dus
191 1619 245 1677 per
264 1602 370 1678 apruna.-
401 1603 430 1659 r'n
453 1601 555 1660 mundo
577 1609 655 1672 erut,
678 1609 707 1658 et
726 1599 845 1659 mundus
862 1617 916 1677 per
935 1601 1024 1677 spuunt
1038 1599 1141 1679 suctus
1163 1608 1221 1671 est,
1246 1609 1276 1658 et

115 1703 237 1760 mundus
260 1721 322 1760 eum
345 1721 401 1761 aon
427 1705 568 1781 cognouit.
617 1697 709 1763 Vides
737 1699 919 1783 unigenitum
942 1685 1085 1762 verbum?
1129 1696 1220 1764 Vides
1242 1699 1272 1784 in

115 1801 255 1864 muudum
274 1801 447 1886 completum
464 1801 542 1865 iuter
560 1801 710 1881 homines,
735 1823 769 1864 ac
786 1801 898 1886 plenam
916 1821 933 1864 a
948 1811 1029 1885 patre
1052 1801 1194 1885 unigeniti
1209 1803 1273 1886 glo-

114 1904 191 1967 riam
214 1903 414 1968 obtinentem?
455 1901 525 1966 Non
551 1915 581 1966 ut
603 1915 689 1988 pater
710 1904 774 1989 ipse
794 1903 833 1968 sit
854 1902 996 1984 verbum,
1019 1914 1070 1967 aut
1092 1925 1157 1968 cum
1179 1905 1271 1970 verbo

114 2007 289 2070 ooalescens
306 2005 492 2094 apparuerit,
515 2005 597 2069 velut
612 2009 699 2070 bomo
717 2027 781 2070 com
798 2005 889 2070 verbo
905 2005 999 2091 ipsius
1016 2017 1153 2091 apparet,
1177 2029 1272 2093 oeque

113 2109 194 2173 illius
216 2108 335 2172 verbum
361 2128 503 2194 apparere
523 2119 637 2192 potest,
661 2109 719 2173 nisi
739 2108 815 2172 adsit
838 2109 886 2193 qui
907 2108 976 2172 illud
998 2109 1155 2192 eloquitur.
1202 2107 1273 2175 Cui·

112 2233 183 2276 uam
199 2211 289 2295 igitur
303 2210 428 2275 adhibeo
443 2211 550 2275 fidem?
594 2207 718 2275 Cuiuam
737 2211 904 2275 assentiar?
947 2209 1163 2294 Aquilianam
1182 2213 1270 2278 vitam

110 2315 143 2378 in
166 2312 326 2398 disciplinis
351 2313 511 2399 accipiam?
553 2313 633 2378 Num
653 2313 689 2378 ab
708 2314 818 2378 sanctis
836 2311 1056 2396 evangeliorum
1079 2314 1271 2399 scriptoribus

112 2426 144 2480 et
163 2416 258 2480 afflatu
278 2416 372 2480 sancti
395 2414 516 2501 spiritus
537 2417 686 2502 impulsis,
712 2417 761 2500 qui
779 2413 901 2480 verbum
918 2435 935 2476 a
953 2427 1036 2499 patre
1059 2416 1179 2480 missum
1203 2438 1270 2482 esse

111 2518 324 2603 prodiderunt?
368 2518 417 2582 An
448 2517 573 2583 aPauli
600 2517 787 2584 samosateni
813 2516 979 2603 discipulis,
1014 2517 1062 2602 qui
1091 2539 1155 2581 curn
1178 2521 1269 2583 verbo

110 2623 218 2700 deum,
244 2631 355 2684 etcum
379 2623 434 2685 deo
451 2622 574 2711 verbum
599 2643 666 2686 esse
686 2621 806 2685 dicunt?
835 2621 883 2705 qui
908 2619 998 2705 patris
1019 2641 1085 2684 curn
1108 2621 1216 2700 verbo,
1241 2632 1271 2684 st

111 2723 197 2787 verbi
219 2735 386 2808 compatre
411 2725 571 2811 comparati
595 2747 681 2789 unam
707 2744 773 2788 esse
797 2743 953 2809 personam
978 2722 1138 2787 deliniunt?
1180 2723 1221 2787 Ar
1244 2725 1268 2788 si

110 2825 202 2890 unica
225 2826 367 2890 duntaxat
388 2837 433 2890 est
455 2847 599 2912 persono,
624 2827 769 2911 quomodo
787 2826 833 2889 bio
850 2824 953 2905 mittit,
978 2825 1026 2889 ille
1042 2846 1115 2889 vero
1133 2825 1266 2890 mittitur.

109 2933 232 2992 amices
252 2933 341 3004 emita,
366 2928 408 2992 ait
424 2927 582 3015 propheta,
604 2931 732 3004 uerbum,
758 2941 789 2990 et
807 2930 954 3012 lt'quejbct't
971 2950 1020 2990 ea:
1044 2929 1318 3012 stubt'tspr‘rr'tusra.
1332 2946 1409 3000 1⁴,1e

108 3037 188 3106 cius,
214 3036 348 3115 etstuent
361 3053 460 3112 oquae.
507 3029 600 3110 ltent,
623 3037 743 3094 Ecrbiu
755 3044 841 3113 putre
856 3053 932 3104 meo,
957 3042 986 3091 et
1001 3036 1097 3107 cenr'o3
1127 3044 1173 3111 et,
1199 3038 1417 3141 Vrbppoamntua

108 3157 181 3216 ego,
213 3147 244 3196 et
261 3139 331 3196 arbit
354 3137 383 3196 ἐπ
403 3155 446 3195 ane
467 3139 519 3216 qui
536 3140 613 3197 mt'sr't
632 3157 676 3197 me
695 3145 789 3217 poter.
836 3131 992 3217 Quomodo
1016 3133 1063 3218 qui
1090 3133 1196 3198 missus
1220 3147 1266 3200 est
1284 3101 1417 3154 ΜΝ

109 3237 187 3301 mitti
208 3247 319 3320 potest,
345 3235 422 3298 etin
447 3257 536 3300 carue
557 3237 693 3322 prodire?
735 3243 824 3298 Deum
845 3239 917 3297 enim
940 3257 1018 3296 nemo
1040 3239 1112 3297 milit
1131 3258 1260 3318 unquam.
1279 3235 1387 3342 ¹2⁰3&

112 3343 283 3420 Unr‘prem'tus
305 3342 373 3400 deus
395 3342 447 3419 qui
463 3351 508 3400 est
524 3344 554 3401 r'n
574 3343 640 3400 sano
659 3345 768 3420 ponas,
794 3343 843 3400 u'lle
864 3343 1008 3414 admavit,
1034 3338 1078 3402 ait
1097 3339 1265 3424 unigenitus

108 3444 203 3504 deus:
232 3439 367 3524 quoniam
387 3441 508 3504 verbum
531 3462 548 3504 a
570 3451 653 3526 patre
677 3443 806 3526 genitum
831 3451 892 3519 est,
923 3451 1005 3526 pater
1026 3452 1123 3505 autem
1145 3463 1162 3504 a
1186 3441 1264 3505 nullo

108 3543 247 3628 genitus,
271 3542 308 3605 ob
329 3542 358 3605 id
381 3541 549 3627 unigenitus
572 3555 618 3608 est
638 3543 726 3608 lilius.

196 3744 313 3810 Etenim
330 3747 429 3812 diviua
442 3746 567 3814 scientia
582 3771 635 3834 pro
650 3769 703 3814 sua
719 3749 901 3835 providentia
914 3747 1068 3814 veritatem
1082 3767 1163 3812 suam
1178 3768 1262 3834 prae·
1282 3750 1340 3820 Gap.
1355 3754 1397 3806 vt.

106 3851 210 3914 dicate
225 3859 293 3914 ante
310 3849 422 3930 voluit,
446 3873 503 3936 quo
521 3852 634 3917 animas
654 3863 771 3917 orostrae
788 3853 922 3918 cautione
939 3874 974 3916 ac
993 3851 1152 3916 securitate
1170 3851 1262 3915 muni·

107 3962 168 4017 ret.
214 3949 350 4018 Noverat
370 3954 447 4018 euim
470 3965 500 4018 et
518 3951 737 4018 Samosateoeis
752 3955 936 4035 vecordiam,
962 3967 992 4018 et
1007 3954 1186 4019 brianonum
1208 3955 1261 4018 im-

106 4055 188 4142 pium
208 4055 329 4140 dogma,
354 4063 384 4119 et
400 4055 622 4120 Anomoeorum
642 4057 873 4143 improbitatem,
896 4070 927 4122 et
943 4055 1183 4122 Manichaeorum
1200 4058 1259 4122 rui·

105 4179 195 4238 nam,
219 4169 250 4220 et
272 4167 436 4222 ceterarum
458 4157 620 4224 haereseon
640 4159 825 4224 calliditatem
848 4181 882 4223 ac
903 4161 1050 4239 fraudem,
1080 4159 1259 4245 proindeque
1348 4199 1350 4208 =

106 4262 143 4326 de
173 4259 297 4343 siugulis
322 4259 529 4346 propemodum
556 4262 678 4329 vocibus
705 4262 854 4328 securitati
883 4274 1000 4328 nostrae
1022 4262 1139 4327 divinus
1160 4284 1258 4331 sermo

105 4361 247 4428 consulit.
292 4357 410 4426 Patrem
437 4365 514 4428 emim
535 4367 715 4450 unigenitum
738 4387 796 4429 nou
818 4366 959 4452 appellat3
991 4365 1157 4452 unigenitus
1179 4367 1256 4434 euim

139 4501 164 4554 ⁵.
183 4497 211 4556 dt
227 4501 293 4556 ebert
308 4514 324 4550 o
340 4501 391 4553 eod.
406 4502 504 4566 Rbedtp.
