3154 4930
324 219 386 282 518
751 221 876 278 ειαοτι
895 223 1068 278 ιιειοιιιιιιι

182 367 250 434 Κεφ,
269 363 317 428 ξεν,
417 347 477 409 Καὶ
498 343 591 409 πολλά
612 368 665 426 μοι
693 345 754 409 έστι
781 344 849 428 περὶ
880 339 1012 408 ιτούτου
1038 341 1140 426 λέγειν.
1188 338 1287 404 Πάλιν
1313 340 1348 404 δέ
1375 341 1484 421 φησιό

330 445 419 523 αὐτός
440 446 553 529 Μάνης
575 445 636 524 ότι,
665 443 699 509 '0
721 443 810 525 θεός,
833 445 925 526 φησί,
947 450 1002 509 τοῦ
1025 445 1137 518 αἰῶνος
1157 442 1265 508 τούτου
1288 439 1436 522 έτόφλωσε
1454 437 1484 504 τό

330 547 465 630 νοήματα
485 555 545 612 τοῖν
570 544 718 625 ἀπίστων,
748 541 813 610 τοῦ
828 544 869 628 μή
894 542 1079 630 καταυγάσαι
1102 546 1171 620 ’ἱείς
1190 541 1245 608 τόν
1263 542 1420 626 φωτισμόν
1439 549 1486 607 τοῦ

330 650 507 736 εὐαγγελίου.
554 652 596 712 Εἰ
613 650 681 713 ’ένι
696 645 715 713 6
729 645 803 724 θεός
819 653 872 712 τοῦ
891 644 1006 729 κόσμου
1020 644 1142 725 τοῦτον,
1165 647 1193 710 τί
1210 642 1268 728 ἀρα
1286 643 1386 710 mv
1403 640 1423 710 ό
1438 665 1487 708 σω-
1558 669 1559 676 “

329 750 383 834 τηρ
402 754 495 816 ἐποίει
514 753 556 826 εἰς
577 749 613 814 τά
634 747 788 835 ἀλλότριος
819 751 870 814 καί
889 751 917 813 εί
938 749 992 831 μὲν
1013 755 1072 814 τοῖν
1096 746 1255 832 ἀλλοτρίων
1270 749 1385 828 ἀφίετο,
1411 743 1489 810 4οῦκ

330 855 391 918 ἔστι
408 859 517 918 τοῦτον
541 851 676 937 ἀγαθοῦ,
709 849 776 916 οῦτε
795 853 923 916 δικαίου.
970 853 1012 914 El
1027 850 1060 914 δέ
1077 851 1175 915 ἕνεκεν
1197 856 1252 914 τοῦ
1279 855 1374 913 σολσαι
1393 841 1489 930 ἦλθεν,

329 952 386 1020 οῦκ
402 957 479 1031 ίδια,
503 949 561 1017 ἀλλ’
580 951 725 1037 ἀλλότρια,
749 959 837 1018 τοῦτο
851 954 901 1016 καί
918 951 1045 1027 κόλακος
1062 949 1198 1037 τυγχάνει
1213 948 1295 1026 τινός
1306 950 1487 1031 βουλομένου

330 1060 537 1140 προςεπαίρειν
553 1054 623 1130 τοῦς
639 1059 694 1119 τοῦ
715 1055 812 1129 πέλας,
859 1055 920 1117 Καί
943 1055 971 1117 εί
993 1052 1067 1130 ῦλως
1092 1051 1129 1118 τοί
1145 1059 1200 1118 τοῦ
1214 1059 1291 1117 θεοῦ
1310 1058 1366 1118 τοῦ
1388 1054 1491 1126 «mm

330 1157 440 1224 τούτου
457 1151 531 1238 ἦλθε
547 1163 658 1235 στῦσαι,
681 1153 739 1241 ἀρα
758 1153 840 1244 αὐτῷ
855 1159 895 1243 τῷ
912 1161 975 1244 θεῷ
992 1163 1046 1221 τοῦ
1062 1154 1178 1236 κόσμου
1197 1153 1252 1237 τὴν
1273 1153 1360 1239 χάριν
1380 1155 1492 1218 κατατί-

331 1270 432 1338 θεται,
456 1261 518 1324 ἴδια
534 1255 627 1322 αὐτοῦ
645 1255 737 1338 σκεύη
760 1256 942 1344 πειρώμενος
959 1257 1068 1335 σοόζειν.
1115 1259 1175 1320 Καί
1191 1259 1219 1320 εί
1233 1255 1309 1331 όλως
1323 1257 1491 1340 συγκατατί-

332 1371 418 1426 θεται
436 1358 454 1425 6
471 1358 547 1435 θεός
560 1367 615 1424 τοῦ
633 1362 743 1433 αίῦνος
757 1359 866 1425 τούτου
887 1361 938 1424 έπί
952 1369 1015 1436 τοῖς
1029 1357 1121 1424 αὐτοῦ
1139 1354 1189 1424 διά
1208 1364 1263 1424 τοῦ
1287 1363 1424 1442 σωτῆρος
1443 1377 1492 1420 συ·

332 1465 481 1545 ζομένοις,
512 1460 570 1545 ἀρα
586 1459 705 1546 ἀγαθός
725 1461 818 1538 έσειν,
850 1463 877 1524 εί
894 1461 943 1526 καί
970 1459 1011 1544 μὴ
1030 1463 1156 1526 διίναται
1177 1459 1295 1538 ου’ζειν,
1315 1463 1429 1544 χαίρων
1450 1459 1493 1524 bd

331 1572 368 1653 τῇ
384 1571 443 1628 τοῖν
459 1565 543 1627 ἰδίαν
560 1565 699 1649 σωτηρίιγι.
745 1563 807 1626 Καί
829 1564 909 1627 ἔσται
926 1562 1032 1628 λοιπόν
1049 1567 1102 1645 μία
1119 1565 1260 1628 κοινωνία
1277 1568 1330 1644 τῆς
1346 1558 1493 1646 ἀγαθόνπ-

332 1691 398 1744 τος,
428 1660 510 1728 δτιό
532 1663 585 1744 μὲν
607 1662 773 1745 δυνάμενος
794 1663 891 1743 σοίζει,
921 1662 989 1729 όδδ
1010 1664 1051 1748 μὴ
1071 1663 1238 1746 λουόμενος
1257 1661 1294 1728 τά
1314 1666 1379 1728 ίδια
1400 1662 1495 1739 σιτίζειν

335 1770 429 1851 χαίρει
447 1765 497 1830 έπί
512 1774 574 1840 τοῖς
590 1766 781 1845 σωζομένοις,
803 1767 910 1850 κέρδος
929 1765 964 1832 τά
979 1771 1040 1832 λ’δια
1057 1764 1223 1851 ἡγούμενος
1236 1764 1318 1850 πυρά
1331 1772 1388 1830 τοῦ
1405 1771 1496 1837 καλῶς

213 1894 267 1938 μς.
278 1881 326 1926 ιω.
339 1869 485 1946 σώζοντος
501 1865 651 1948 σωζόμενα
665 1869 747 1948 ἔχων.
794 1869 855 1932 Κυλ
871 1870 899 1930 εί
912 1865 988 1944 όλως
1002 1865 1058 1933 οῦκ
1076 1871 1258 1934 ἐναντιοῦται
1274 1874 1315 1956 τῷ
1329 1865 1496 1952 βουλομένην

334 1967 370 2035 τά
386 1972 447 2033 ίδια
462 1967 577 2046 σώζειν,
602 1969 653 2032 καλ
668 1966 754 2052 χάριν
771 1965 954 2053 ὁμολογήσει.
999 1973 1042 2032 El
1055 1970 1088 2034 δέ
1101 1967 1186 2054 χάριν
1200 1967 1353 2054 όμολογεῖ,
1382 1975 1496 2053 πρᾶτον

335 2067 427 2134 αῦιόν
450 2067 532 2146 σοι’ζει
554 2059 592 2132 οῦ
612 2071 644 2133 οί
666 2068 837 2151 σωζόμενοι,
859 2073 910 2134 ἵνα
926 2073 1006 2160 δείξη
1025 2068 1069 2134 ἐπ’
1086 2069 1180 2134 αὐτόν
1194 2069 1361 2152 σωζόμενον
1379 2070 1436 2152 τὴν
1450 2066 1495 2132 αό-

335 2177 390 2237 τοῦ
416 2170 606 2256 ἀγυθότητα,
637 2171 689 2235 καί
713 2170 749 2236 οὗ
775 2168 844 2247 τοῦς
862 2171 988 2258 μιτροάς
1011 2178 1120 2253 μᾶλλον
1139 2170 1277 2254 βούλεται
1298 2171 1421 2250 σάζειν,
1451 2173 1495 2234 καί

337 2277 389 2339 έᾶν
402 2271 455 2338 τόν
472 2269 650 2356 ἀναγκαῖον,
674 2274 704 2350 έξ
725 2265 817 2358 οὗπερ
835 2277 868 2339 οί
884 2271 1044 2356 σωζόμενοι
1063 2271 1226 2358 γεγόνασιν.
1262 2271 1302 2336 Ἢ
1327 2271 1426 2350 άλλως
1447 2271 1496 2338 πό·

336 2384 397 2455 λιν,
420 2377 448 2439 εί
461 2375 513 2456 μέν
529 2371 664 2456 βούλεται
680 2371 772 2440 αὐτόν
795 2375 837 2458 μὴ
858 2375 976 2456 σοόζειν,
998 2374 1070 2450 τοῦς
1085 2376 1117 2440 δέ
1139 2372 1186 2440 ἀπ’
1212 2371 1305 2440 αὐτοῦ
1320 2373 1425 2454 σοίζιι,
1446 2375 1496 2456 ἀρα

337 2475 375 2543 οῦ
392 2479 501 2542 τέλειον
523 2472 729 2560 ἀπεργάζεται,
764 2475 835 2545 οῦδέ
858 2477 982 2542 δύναται
1003 2475 1036 2542 τό
1056 2474 1174 2562 ἀγαθόν
1199 2474 1386 2560 έργάσυοθαι
1410 2479 1442 2542 έν
1461 2501 1497 2540 τι·

337 2578 470 2663 λειότητι.
516 2581 559 2642 Εἰ
576 2579 608 2643 δὲ
630 2576 680 2642 διά
696 2576 730 2644 εδ
746 2576 820 2644 εἶναι
839 2576 932 2644 αότδν
949 2578 1070 2660 φάσεως
1087 2577 1126 2660 μή
1144 2579 1310 2659 σωζομένης
1331 2575 1432 2644 αὐτόν
1452 2579 1498 2659 μίν

339 2679 495 2756 ἀδυνάτως
518 2683 575 2763 έχει
598 2681 716 2760 σοι’ζειν,
744 2678 816 2756 τοῦς
830 2681 862 2745 δέ
879 2677 926 2745 ἀπ’
946 2679 1039 2746 αὐτοῦ
1057 2681 1268 2766 γεγενημένους
1284 2678 1386 2759 σοόζει,
1411 2687 1497 2766 πολλᾷ

253 2827 257 2836 ·
339 2789 450 2865 μᾶλλον
479 2785 511 2846 οί
539 2783 569 2858 έξ
593 2779 687 2846 αότοῦ
709 2783 896 2867 γεγενημένοι
921 2781 1098 2868 σαθρότεροι
1124 2779 1219 2847 αάτοῦ
1242 2777 1428 2865 ἀπόρχουσι,
1455 2783 1498 2844 καί

339 2881 494 2958 ἀδυνάτως
516 2884 613 2965 έχουσι
632 2881 709 2967 πρός
725 2887 881 2970 σωτηρίαν.
930 2887 990 2948 Καὶ
1006 2883 1100 2960 άλλως
1117 2885 1165 2963 δέ,
1188 2885 1214 2948 εί
1229 2883 1283 2966 μέν
1299 2881 1363 2946 wad
1382 2911 1450 2949 τινα
1464 2881 1498 2964 μη

339 2988 413 3069 έχων
430 2982 532 3062 σιόζειν
553 2987 595 3060 είς
615 2982 651 3048 τά
673 2983 810 3069 ἀλλότρια
831 2980 925 3070 ἦλθεν
946 2989 1114 3064 ἐπιδείξεως
1128 2983 1229 3070 χάριν,
1252 2981 1306 3065 τὴν
1320 2981 1421 3050 ου’τοῦ
1437 2985 1498 3067 βοός

337 3098 426 3153 θειαν
443 3090 549 3164 δεῖξαι,
572 3083 664 3168 πολλή
680 3084 700 3168 ἡ
717 3083 844 3174 ἀπορία,
865 3085 888 3171 ἦ
902 3088 943 3172 μή
962 3090 1112 3171 δυναμένη
1128 3091 1190 3152 ἴδια
1206 3085 1318 3165 σοι’ζειν,
1341 3090 1395 3151 καλ
1414 3091 1456 3164 είς
1468 3085 1498 3150 τό

338 3186 476 3273 ἀλλότρια
491 3190 692 3270 έπιδημοῦσα,
714 3187 800 3266 ὅπως
817 3191 975 3273 ἐνδείξηται
992 3189 1024 3255 τό
1048 3192 1133 3275 ἔργον
1159 3188 1176 3254 δ
1195 3190 1227 3254 έν
1243 3198 1306 3264 τοῖς
1324 3191 1418 3266 ίδίους
1435 3191 1498 3254 ἀδυ

339 3291 435 3366 νότως
452 3293 534 3373 ἔσχεν
550 3291 763 3368 ἐπιδείξασθαι.
810 3294 871 3356 Καὶ
886 3290 945 3376 ἤδη
961 3289 1123 3358 διέπεσενό
1144 3293 1212 3375 περλ
1234 3297 1288 3354 τοῦ
1304 3300 1444 3377 σωτῆρος
1455 3295 1497 3356 καί

338 3401 393 3459 τοῦ
404 3391 570 3476 ’Ἀρχοντος
597 3399 653 3456 τοῦ
675 3395 785 3468 αίοῦνος
809 3392 919 3460 τοῦτον
945 3391 1005 3461 ῦπδ
1030 3400 1084 3459 τοῦ
1107 3392 1202 3475 Μάνη
1227 3395 1384 3476 εἰρημένος
1406 3393 1498 3480 λόγος,

339 3497 390 3560 καί
410 3497 471 3560 έστι
483 3500 526 3582 τῷ
543 3490 607 3558 ἀντι
631 3492 649 3558 ό
670 3494 744 3572 θεός
763 3503 818 3560 τοῦ
835 3499 946 3574 αίοῖνος
962 3498 1088 3576 τοῦτον,
1110 3493 1148 3561 οῦ
1167 3494 1242 3572 θεός
1259 3499 1499 3582 παρηλλαγμένος

338 3593 421 3681 παροί
445 3593 498 3660 τόν
523 3594 594 3660 ὄντα
617 3593 743 3676 ὅάλλος,
773 3597 846 3663 οῦδὲ
871 3596 1069 3674 ένυπόστατος
1087 3595 1161 3673 θεός
1185 3595 1284 3678 ἀλλος,
1314 3596 1359 3680 μη
1381 3603 1498 3683 γένοιτο.

340 3696 415 3775 Θεός
434 3695 492 3783 γάρ
515 3694 533 3763 6
554 3695 675 3763 πάντων
697 3698 856 3782 δεσπότης,
880 3697 898 3765 6
919 3699 972 3766 τόν
989 3699 1103 3782 κόσμον
1117 3697 1261 3784 ποιήσας,
1284 3695 1328 3774 είς
1343 3703 1403 3765 ἐστι
1426 3699 1498 3774 θεός,

338 3796 358 3865 ό
380 3797 478 3884 πατὴρ
500 3807 554 3866 τοῦ
576 3803 682 3884 κυρίου
704 3798 790 3884 ἡμῶν
810 3799 909 3884 Ἰησοῦ
934 3809 1082 3888 Χριστοῦ,
1104 3803 1157 3866 καλ
1173 3798 1317 3866 οόδέποτε
1331 3805 1479 3867 διαλείπει

218 4197 287 4267 Κεφ.
302 4197 331 4252 α’.
427 4190 504 4274 Περὶ
526 4181 564 4256 οῦ
591 4189 623 4254 δέ
650 4187 669 4256 ό
696 4186 860 4268 ἀπόστολος
880 4192 971 4278 λέγει,
1001 4189 1037 4258 δν
1059 4189 1197 4282 ᾐρέτισαυ
1218 4189 1270 4258 τόν
1290 4190 1369 4258 θεόν
1389 4193 1496 4260 {miv

370 4307 431 4394 ριν.
447 4310 544 4392 [δίης.Ι
560 4337 592 4350 -·
623 4313 644 4361 1.
661 4311 734 4364 τοῦτο
749 4315 786 4363 εδ.
801 4317 882 4390 Ρείου.
967 4312 992 4364 3.
1010 4316 1050 4364 Sic
1065 4329 1139 4400 ειγγασ
1156 4317 1220 4366 λοσε.
1237 4309 1279 4378 λἹ,
1295 4331 1354 4380 μορ.
1367 4314 1426 4368 369.
1441 4315 1495 4364 ffl

372 4377 394 4425 ί.
412 4379 558 4436 Ρτοεροειίιο
575 4377 701 4438 titubaret
714 4381 899 4444 ποππυσμοῦ.
933 4380 1059 4436 δεικνύντι
1082 4399 1122 4435 οτι
1144 4375 1204 4436 ἀνευ
1226 4379 1305 4448 νόμου
1328 4383 1374 4436 καί
1388 4381 1491 4446 xpum

338 4444 507 4506 σοπίςιοσυυι
524 4446 621 4505 fartam
637 4451 671 4498 ιιι
687 4441 780 4506 αὐτοῖς.
936 4445 983 4501 οῦκ
999 4448 1035 4502 ένι
1053 4447 1219 4516 δικαιοσύνη,
1241 4451 1308 4500 haer.
1322 4448 1410 4514 am
1434 4444 1492 4513 πλὴν
