3168 4926
267 252 292 298 x
754 229 795 282 PR
801 231 950 284 bubullo.

266 367 301 434 in
329 368 442 434 eadem
472 369 599 435 haeresi
626 369 778 450 legsmtur
802 367 914 434 eadem
940 366 1100 434 medicine
1125 383 1343 436 succurrerem
1370 385 1433 452 qua

267 481 342 544 ante
363 479 422 544 hos
444 479 597 545 tredecim
611 497 713 546 annos
731 497 793 561 ope
806 477 923 544 rodus
939 496 998 543 ms.
1013 478 1151 545 Parisini
1163 479 1345 546 accuratius
1360 497 1433 549 exa·

266 589 379 655 rdinati
407 590 631 671 gravissimum
660 590 805 656 eiusdem
835 589 960 670 generis
988 589 1103 656 vulnus
1132 589 1274 656 secundo
1301 589 1432 658 dmobii

268 700 424 766 adversus
440 701 596 767 Nationes
617 701 699 768 libro
719 699 873 768 inflictum
888 717 1004 769 sanare
1020 699 1097 766 mihi
1112 699 1209 766 licerit
1252 701 1358 768 Unum
1376 701 1432 768 do-

267 810 387 892 lebam,
417 830 467 876 me
495 811 639 894 quamvis
662 811 717 878 diu
744 811 808 878 iam
836 815 1075 893 exspectantem
1097 811 1151 893 qui
1177 812 1295 880 codicis
1316 811 1432 883 Veneti

269 921 445 1004 scripturus
468 922 689 1005 discrepantes
718 923 916 990 exscribendi
944 941 983 988 ea
1010 940 1074 1004 qua
1101 940 1162 1005 por
1188 928 1276 989 esset
1297 940 1432 988 eura-ac

268 1031 411 1100 sollertia
431 1032 574 1100 laborem
597 1034 776 1116 susciperet
789 1033 893 1100 serius
908 1033 1070 1100 invenisse
1084 1052 1180 1116 quern
1194 1038 1230 1098 ut
1244 1037 1344 1102 tetam
1360 1051 1432 1100 eam

267 1143 396 1210 Panarii
416 1149 542 1226 partem
563 1161 659 1225 quam
682 1143 824 1210 contmet
846 1143 887 1209 ad
908 1144 1180 1226 praestantissimi
1201 1143 1274 1210 libri
1294 1144 1432 1212 auctori-

266 1259 367 1321 tstem
387 1271 539 1320 revocare
558 1272 697 1336 possem.
747 1253 840 1332 Quod
861 1254 1109 1336 incommodum,
1137 1255 1286 1338 quonium
1307 1255 1432 1337 gravio·

264 1365 353 1432 ribus
385 1364 471 1430 vitiis
499 1365 621 1432 mederi
650 1364 753 1446 licuit,
789 1365 865 1432 licet
893 1365 1014 1432 leviora
1039 1366 1126 1432 haud
1154 1383 1259 1448 pauca
1290 1365 1355 1432 sint
1380 1386 1431 1434 re-

264 1475 367 1558 lique,
397 1481 505 1542 umen
533 1477 750 1543 inexcusabile
778 1495 841 1542 non
869 1476 995 1542 videtu
1023 1493 1111 1556 esse,
1140 1476 1331 1559 praesertim
1360 1495 1430 1544 cum

264 1585 427 1669 plerisque
453 1587 487 1652 in
516 1587 595 1654 locis
616 1587 731 1654 Veneti
759 1587 946 1670 evulgatis
973 1587 1063 1654 libris
1091 1587 1308 1669 discrepantia
1328 1605 1431 1670 paene

265 1696 355 1764 nulla
376 1697 419 1762 sit
440 1697 502 1764 nisi
524 1699 749 1766 vocabulorum
771 1715 838 1764 rem
868 1699 1003 1764 eandem
1029 1697 1276 1781 significantium
1303 1703 1431 1766 senten-

266 1807 446 1890 tiarumque
468 1808 561 1877 uliter
586 1809 793 1876 formatarum
823 1813 880 1874 aut
901 1808 1135 1878 collocatnmm.
1177 1809 1326 1876 cetorum
1347 1810 1431 1876 eim-

266 1920 340 1985 dem
363 1937 436 1984 esse
462 1919 634 2002 prosapiae
657 1919 784 1985 videtur
804 1920 947 1988 Venetus
977 1921 1066 1986 euius
1094 1924 1146 1986 est
1166 1920 1358 2000 Vaticanus,
1389 1920 1430 1986 dc

266 2048 329 2112 que
357 2029 433 2096 mihi
460 2028 543 2094 infra
569 2029 739 2096 dicerrdum
765 2031 835 2096 erit
885 2031 1028 2098 'lbanseo
1057 2049 1142 2096 nunc
1168 2031 1210 2096 ad
1238 2031 1354 2098 librum
1381 2031 1430 2098 le·

265 2157 406 2206 pensem.

348 2250 381 2316 Is
403 2249 484 2316 liber
502 2249 575 2333 (Ms.
599 2251 674 2316 Bos.
698 2253 727 2318 8.
749 2255 791 2335 1.)
813 2242 961 2318 redit'ad
983 2269 1100 2319 annum
1121 2251 1300 2333 dccclv„
1332 2257 1369 2318 ut
1391 2271 1431 2320 ex

264 2360 498 2443 subscriptione
520 2359 649 2428 Panarii
670 2361 785 2446 liquet,
815 2381 950 2445 cumque
970 2363 1066 2430 hodie
1088 2363 1183 2430 modo
1205 2362 1337 2429 dimidia
1359 2363 1429 2430 eius

263 2490 355 2554 pers,
384 2489 466 2554 quae
488 2471 522 2538 in
549 2470 742 2542 bibliotheca
762 2473 954 2540 Academiae
976 2475 1122 2540 lenensis
1144 2478 1345 2553 asservatur,
1377 2493 1432 2540 su·

264 2586 391 2664 perstas
414 2582 471 2662 sit,
500 2583 620 2648 amissa
641 2583 748 2665 priore
770 2602 852 2666 quae
874 2584 1056 2667 pertinebat
1077 2585 1119 2649 ud
1141 2601 1213 2666 pag.
1234 2601 1336 2666 usque
1357 2585 1430 2650 604.

264 2692 314 2758 ed
330 2690 455 2771 Pecus,
485 2697 612 2758 constat
632 2699 757 2760 tantum
779 2694 863 2762 foliis
887 2695 972 2774 168„
1000 2693 1121 2762 formae
1143 2695 1288 2776 maiorm,
1318 2712 1431 2776 gossy-

263 2802 362 2884 pinis,
392 2820 490 2868 manu
519 2809 607 2870 certa
636 2821 694 2868 nec
720 2804 896 2886 ineleganti
925 2791 1101 2885 erraretus,¹
1123 2805 1182 2872 sed
1210 2804 1250 2871 ob
1272 2804 1431 2872 clausula·

263 2931 334 2977 rum
356 2912 561 2995 compendia,
591 2915 705 2997 quibus
732 2915 881 2982 librarius
905 2920 956 2982 est
977 2933 1071 2994 usne,
1102 2915 1154 2982 hie
1174 2915 1240 2980 illic
1260 2914 1432 2983 lentunen

263 3023 381 3104 facilis,
412 3043 495 3106 quae
518 3042 617 3090 causa
645 3032 715 3091 erat
741 3030 778 3090 ut
804 3025 898 3108 primi
928 3026 1034 3107 operis
1066 3026 1207 3092 editores
1228 3024 1390 3092 interdum
1411 3044 1433 3092 a

262 3153 338 3200 vero
355 3135 581 3203 aberraverint.
609 3135 671 3202 Est
685 3136 770 3202 euim
783 3135 838 3200 ille
853 3135 939 3202 idem
956 3137 1108 3204 Iohannis
1120 3135 1226 3218 Largi
1240 3135 1321 3202 liber
1336 3153 1431 3218 quem

262 3247 476 3312 intercessore
505 3245 586 3312 Phil.
608 3246 832 3312 Melancbtone
862 3265 882 3311 a
910 3265 1101 3329 possessore
1131 3248 1360 3329 impetraverat
1386 3245 1432 3312 10.

263 3355 439 3439 Oporinus,
467 3355 501 3422 id
528 3357 615 3439 quod
643 3355 739 3422 etiam
764 3357 845 3424 haec
870 3357 968 3424 verba
994 3357 1134 3440 probant
1160 3357 1318 3440 superiori
1338 3354 1433 3438 primi

262 3467 330 3534 folii
351 3466 489 3548 margini
509 3467 679 3548 inscripta:
709 3465 760 3532 Er
782 3465 973 3533 bibliotheca
993 3467 1146 3532 lobannis
1160 3466 1268 3552 Lunpi
1285 3467 1433 3552 sopior-

263 3579 351 3644 doni.
397 3577 526 3642 Panan’i
548 3595 625 3659 pars
647 3595 742 3660 quem
764 3576 907 3644 continet
929 3579 992 3644 120
1008 3577 1085 3644 folia
1107 3577 1260 3660 complet;
1290 3577 1366 3644 inde
1382 3595 1433 3643 se-

264 3691 406 3770 quuntur
432 3688 613 3754 Ancoratus
645 3687 711 3770 (iol.
745 3687 929 3754 121-152
954 3691 1011 3770 u),
1043 3687 1336 3770 Anacephalaeosis
1365 3687 1433 3769 (fol.

264 3799 325 3863 152
343 3817 372 3863 v.
384 3835 426 3850 -
440 3799 500 3864 161
516 3799 565 3881 ο.),
582 3797 623 3864 de
632 3795 830 3865 Ponderibus
846 3805 879 3864 et
892 3797 1053 3864 Mensuris
1068 3796 1135 3879 (iol.
1149 3799 1208 3866 161
1225 3819 1303 3864 v.-
1314 3799 1374 3864 168
1382 3801 1432 3882 n).

262 3908 300 3975 ln
321 3906 385 3975 fine
406 3907 519 3973 addita
539 3912 616 3974 sunt
642 3913 793 3991 excerpta
814 3909 973 3990 quaedam
1000 3926 1039 3974 ex
1061 3909 1191 3978 Ioannis
1214 3909 1433 3993 chrysostomi

262 4016 404 4084 Humilia
421 4017 463 4082 de
473 4017 791 4100 Incomprebensibili
805 4019 866 4084 Dei
880 4019 911 4084 N
912 4023 1005 4084 etms
1020 4020 1099 4100 (Τοῦ
1113 4015 1201 4103 ἁγίου
1218 4018 1330 4104 πατρός
1347 4017 1433 4102 ἡμῶν

261 4122 401 4190 Ἰωάννου
417 4131 470 4190 τοῦ
510 4111 562 4217 ἰ.
580 4129 613 4193 ἐκ
628 4133 683 4193 τοῦ
705 4130 772 4212 περὶ
789 4124 996 4210 demulsimus
1018 4135 1042 4193 ἔ.
1067 4121 1105 4194 οὗ
1126 4126 1146 4210 ἦ
1172 4126 1263 4212 dorsi,
1291 4126 1432 4195 Ἐπειδὰν

263 4237 350 4324 μέλλῃ
367 4261 411 4310 τις
427 4239 610 4322 μακροτέρας
627 4235 801 4312 ὑποθέσεως
815 4239 998 4304 subaulicis
1014 4239 1155 4320 δεομένης
1175 4237 1271 4323 λόγων
1291 4246 1318 4322 ο]
1332 4243 1432 4325 Incip.

267 4349 318 4420 Τλς
337 4347 413 4429 ἔγνον
437 4354 510 4412 νοῦν
534 4353 658 4434 κυρίους
688 4355 765 4424 κτλ,
794 4348 846 4416 filu
869 4348 920 4412 καλ
936 4343 957 4412 d
971 4345 1058 4431 λόγος
1076 4349 1107 4412 ἒν
1128 4353 1170 4436 τῷ
1195 4353 1237 4436 νῷ
1255 4357 1433 4432 dsuprirua,

264 4475 335 4531 cum
356 4459 417 4527 huc
438 4460 687 4546 subscriptione,
715 4458 802 4536 Τέλος
814 4453 906 4544 λόγου
921 4463 976 4527 τοῦ
997 4454 1086 4542 sylon
1099 4457 1283 4541 Ἐπιφουλου
1297 4466 1351 4528 τοῦ
1371 4462 1434 4528 λυο-
