3186 4928
382 242 519 296 raanan
536 241 600 295 nra.
616 243 647 295 n.
664 241 746 296 rcnr.
758 243 778 296 ι.
794 243 895 297 uasa.
907 243 1002 298 nxrr.
1211 233 1271 298 373

114 362 189 432 Non
206 385 224 429 a
240 385 287 430 ma
303 375 452 450 peceatum
474 375 611 428 exortum
630 375 693 445 est,
717 365 768 428 sod
789 386 806 429 n
822 364 1003 451 corruptibili
1026 365 1076 430 illo
1096 379 1272 454 terrenoque

116 489 242 556 corpure
265 479 415 554 stuprum,
445 467 674 532 adulteriumne
697 467 831 532 libidines
855 469 1004 554 proiectae
1028 479 1113 534 sunt:
1144 492 1210 534 nam
1234 492 1273 536 ex

116 593 175 658 qno
193 582 325 657 tempore
342 592 360 635 a
376 593 422 634 me
440 571 602 634 seiunctum
621 580 678 649 est,
703 570 773 633 nibil
792 570 956 634 arthurum
974 571 1173 638 commissum.
1207 571 1270 638 Ho-

116 685 203 739 neste
225 695 298 738 sene
316 673 479 738 excusandi
494 674 540 737 sui
556 673 649 752 ratio,
674 683 704 738 et
721 674 755 736 ad
773 673 820 736 dei
835 673 977 738 iudicium
994 676 1185 740 evertendum
1208 677 1271 740 ido-

117 797 185 841 nea.
230 779 272 840 At
289 777 313 841 si
330 797 436 863 corpus
452 775 546 863 ipsum
565 797 680 862 quoque
700 776 772 839 deus
789 776 977 861 produxerit,
1002 777 1057 842 boc
1077 778 1155 842 onim
1173 779 1272 844 lacere

116 890 232 965 potest,
258 889 289 943 nt
303 877 465 944 *Ezechiele
485 899 572 963 snpra
590 878 873 957 demonstravimus,
899 881 1013 943 tametsi
1035 880 1126 964 lignun
1149 881 1271 965 quadarn

116 1003 151 1046 ae
176 981 363 1046 similitudine
387 994 446 1046 turn
469 983 496 1045 id
519 1003 591 1066 opos
615 982 774 1065 perlectum
795 982 899 1045 luerit:
929 1002 1029 1046 rerum
1049 983 1269 1062 clamitantem,

116 1105 192 1170 quae
209 1096 278 1148 tuoe
291 1083 480 1150 similitudine
495 1085 544 1148 illa
560 1083 756 1162 referebatur,
781 1084 1007 1148 adumbrantiam
1025 1085 1189 1150 istiusmodi
1205 1107 1271 1171 spe·

115 1188 178 1252 cies
197 1198 243 1252 est
259 1208 415 1273 expresso.
462 1183 536 1251 Cum
554 1187 665 1250 scilicet
684 1207 718 1248 ns
737 1207 823 1250 nuum
843 1187 878 1250 ad
899 1189 1042 1268 alterum,
1067 1199 1097 1252 et
1114 1209 1271 1274 compages
1281 1204 1423 1263 susannae.

115 1292 151 1354 ed
175 1311 343 1376 compagem
362 1291 578 1353 accommodato
596 1301 659 1366 est,
683 1311 716 1352 ao
734 1311 797 1352 oum
816 1288 896 1352 arida
916 1301 1016 1354 essent
1030 1311 1116 1370 ossa,
1142 1312 1197 1354 nec
1213 1291 1270 1355 ulla

115 1394 210 1457 adbuc
228 1393 323 1456 anima
340 1394 386 1455 rel
403 1393 539 1478 spiritus,
565 1413 620 1476 qno
638 1393 830 1475 agitarentur,
855 1391 885 1454 in
904 1392 975 1476 ipsis
994 1395 1124 1473 inesset,
1148 1392 1270 1456 subinde

115 1509 214 1560 tamen
234 1505 434 1580 coagmentata
455 1505 523 1558 sunt
540 1505 585 1572 et,
611 1505 641 1556 nt
662 1494 801 1581 propbeta
823 1495 968 1577 loquitor,
996 1501 1124 1559 solidato·
1137 1517 1267 1578 corporo.

115 1600 163 1664 Ac
180 1598 206 1661 si
224 1598 264 1662 ita
281 1598 336 1662 deo
353 1598 496 1677 libuerit,
513 1598 654 1682 perlicere
671 1599 748 1660 istud
764 1609 877 1682 potest,
903 1598 983 1662 nullo
1001 1610 1033 1662 ut
1048 1599 1162 1663 animae
1181 1601 1271 1662 inter-

114 1711 207 1764 ventu
227 1701 379 1785 prodeant,
404 1723 438 1764 ac
455 1721 522 1764 sese
541 1711 756 1764 commoveant.
802 1697 871 1763 Non
887 1721 973 1764 secus
988 1711 1076 1786 atque
1091 1703 1192 1764 Ababa
1205 1724 1272 1765 suu·
1284 1717 1342 1764 eor.
1355 1722 1374 1765 a.

112 1810 182 1885 gari
194 1816 262 1885 post
278 1805 381 1865 clitum
400 1803 589 1888 loquebatur,
615 1823 673 1874 nou
692 1803 800 1866 anima.
846 1801 916 1866 Non
936 1787 1012 1868 eninr
1029 1801 1124 1868 anima
1143 1816 1190 1868 est
1204 1827 1271 1870 sen·

114 1908 199 1991 guis,
223 1908 275 1970 sed
292 1927 398 1992 corpus
413 1906 482 1970 illud
499 1906 574 1990 quod
595 1917 726 1992 apparet.
771 1903 882 1969 Verum
901 1927 1007 1992 corpus
1025 1907 1089 1971 sine
1113 1907 1208 1972 anima
1226 1909 1271 1972 iu·

115 2009 207 2073 dicari
231 2031 288 2072 non
315 2021 421 2094 potest.
467 2007 544 2074 Nam
571 2019 602 2072 et
625 2007 719 2094 ipsum
744 2007 915 2088 resisteret,
948 2020 978 2073 et
1001 2011 1076 2074 huno
1100 2011 1130 2074 in
1156 2011 1270 2075 modum

115 2111 286 2197 exciperetr
310 2110 380 2176 Non
400 2133 455 2198 ego
477 2113 612 2197 peccari,
638 2110 689 2173 sod
711 2111 826 2189 anima3
856 2133 895 2175 ox
921 2133 978 2196 qno
1002 2113 1079 2177 enim
1101 2125 1271 2199 tempores

114 2236 161 2278 me
180 2214 334 2294 discessit,
359 2237 426 2278 num
443 2213 634 2293 adulterium,
659 2235 727 2276 num
745 2223 876 2298 stuprum
895 2214 982 2278 ullum
999 2215 1123 2280 admisi?
1144 2238 1212 2279 num
1230 2217 1271 2279 si-

114 2319 246 2382 mulacra
267 2318 364 2382 colui?
409 2314 453 2380 lta
471 2337 578 2402 corpus
598 2315 758 2381 iustissimo
778 2316 823 2379 dei
849 2316 973 2398 iudicio,
1006 2329 1035 2380 et
1057 2319 1170 2403 quidem
1192 2319 1269 2397 inre,

115 2421 310 2484 contradicet.
358 2417 473 2504 Quibus
495 2420 531 2484 de
553 2419 684 2496 caussis,
714 2419 836 2504 aliisque
860 2419 1059 2504 compluribus
1077 2441 1118 2483 ac
1133 2441 1270 2485 neeessa-

114 2523 187 2603 riis,
211 2543 264 2608 pru
286 2522 396 2586 induite
418 2543 471 2588 soa
493 2523 636 2608 sapientia
654 2523 726 2586 deus
743 2531 875 2586 emortua
892 2533 994 2586 nostre
1012 2543 1136 2608 corpora
1157 2534 1187 2586 et
1208 2524 1271 2588 ani·

114 2647 180 2690 mas
200 2646 305 2690 noram
320 2626 356 2688 ad
372 2625 592 2709 generationem
611 2625 754 2711 perducit,
778 2625 1018 2709 quemadmodum
1034 2646 1073 2690 ex
1089 2625 1202 2710 ingenti
1217 2649 1269 2692 sno

116 2729 298 2793 humanitate
316 2727 459 2814 promisit.
506 2725 552 2792 Ut
564 2729 612 2812 qui
630 2729 659 2792 in
675 2727 839 2791 sanctitatis
856 2727 957 2791 officiis
975 2728 1182 2808 elaboraverit,
1205 2731 1270 2794 exi-

115 2831 206 2895 mium
232 2853 249 2893 a
278 2833 332 2894 deo
359 2831 518 2916 praemium
545 2851 630 2894 omne
655 2831 811 2918 percipiat,
842 2839 871 2892 et
894 2850 1015 2918 quorum
1042 2830 1140 2896 inania
1164 2832 1272 2896 inerint

115 2955 226 3018 opera,
251 2934 372 3020 perinde
391 2934 572 2998 iudicentur:
599 2945 629 2996 nt
647 2945 677 2997 et
695 2955 799 3018 corpus
818 2955 882 2996 cum
900 2933 1014 3013 anima,
1039 2935 1182 2998 stenima
1204 2957 1268 2998 cum

115 3059 241 3123 corpore
263 3037 290 3099 ei
314 3057 346 3100 se
370 3037 476 3100 iudicio
499 3036 665 3100 subiiciunt.
999 3113 1001 3118 Α

205 3139 302 3224 Atque
327 3139 400 3204 baec
427 3135 776 3222 adversusbrrogantem
801 3139 879 3204 illum
905 3133 1066 3222 Origencm
1092 3141 1167 3203 dicta
1193 3143 1281 3204 snffi-·
1318 3149 1377 3214 cap.

114 3241 213 3321 ciant,
241 3242 288 3326 qui
313 3243 421 3329 frustra
442 3242 607 3306 Adamantii
633 3241 688 3304 sibi
707 3261 812 3304 nomeu
833 3241 985 3326 imposuit,
1017 3252 1103 3326 atque
1127 3243 1269 3307 adversus
1288 3217 1409 3267 mm·

113 3345 193 3408 illius
217 3343 341 3408 absurdo
362 3346 496 3430 dogmata
523 3344 773 3429 perniciosamque
792 3345 970 3424 doctrinam,
995 3365 1080 3430 quam
1100 3357 1201 3408 contra
1218 3366 1268 3408 ve-

113 3447 234 3510 ritatem
252 3447 350 3512 multis
368 3450 396 3509 in
415 3448 479 3510 lidei
496 3458 615 3510 nostrae
631 3447 759 3534 partibus
777 3446 968 3532 excogitavit.
1004 3446 1092 3511 Nunc
1106 3447 1184 3512 illius
1201 3447 1269 3512 bae·

114 3550 177 3615 resi
202 3551 410 3635 praetermissa
435 3551 573 3635 deinceps
597 3571 660 3626 me,
690 3549 851 3628 carissimi,
882 3551 916 3614 ad
944 3549 1016 3614 alias
1041 3550 1269 3616 considerandas

115 3655 311 3732 transieram,
336 3653 427 3716 aden
446 3675 498 3739 pro
517 3673 599 3716 more
621 3653 771 3737 postulans
791 3651 941 3717 tenuitatis
962 3663 993 3716 ut
1015 3663 1133 3717 nostrae
1156 3651 1271 3716 adiutor

115 3777 185 3820 esse
202 3756 285 3836 velit,
309 3766 341 3820 nt
358 3757 501 3820 adversus
518 3755 633 3818 inanem
652 3775 754 3819 vocem
773 3775 887 3819 omnem
906 3777 980 3840 qnae
997 3767 1100 3820 contra
1116 3755 1269 3820 veritatem

114 3859 244 3942 insurgit
259 3858 400 3923 resistere
415 3879 449 3921 ac
464 3858 614 3923 victoriam
631 3857 763 3922 obtinere
777 3859 938 3944 possimns3
963 3869 993 3922 nt
1005 3857 1113 3922 Esaias
1128 3857 1267 3943 propbeta

116 3962 206 4025 dieite
232 3967 326 4024 Omnis
342 3985 412 4037 unm,
437 3984 509 4043 quae
527 3967 658 4042 resurget
672 3974 771 4024 coemo
788 3972 830 4034 te,
856 3983 948 4024 omnes
968 3966 1033 4025 illos
1052 3963 1215 4044 superate·
1239 3965 1272 4024 tr·
1281 3983 1334 4028 tut.
1346 3985 1380 4039 st,
1388 3984 1420 4030 tt.

113 4077 211 4128 nutem
229 4071 276 4126 ree·
286 4077 371 4128 erum
384 4070 413 4127 rin
430 4067 491 4126 itta.
538 4061 579 4128 Ut
596 4085 660 4128 cnm
679 4064 725 4126 dei
747 4062 857 4128 auxilio
876 4065 951 4149 quod
973 4065 1176 4150 proposuimus
1198 4084 1269 4128 eae-

115 4167 196 4246 onti‚
222 4167 250 4230 in
269 4188 371 4231 eurum
387 4167 527 4251 gretiam,
552 4169 600 4250 qui
619 4166 768 4250 sapienter
782 4165 854 4230 bueo
873 4177 975 4232 nostra
992 4167 1091 4251 legere
1109 4167 1267 4246 volneiint‚

114 4271 152 4333 ad
169 4269 393 4334 illustrationem
408 4271 543 4334 veritatis
559 4279 587 4333 et
603 4269 733 4333 salutare
751 4270 892 4354 quoddam
911 4270 1169 4348 medicamentum,
1193 4271 1268 4354 qnod

113 4372 240 4438 antidoti
265 4372 437 4452 adinstar,
467 4373 610 4436 adversus
635 4372 860 4458 uniuscuiusque
881 4373 1045 4458 serpentis,
1074 4393 1109 4441 ec
1131 4372 1270 4438 venenati

151 4509 212 4564 Ger.
231 4509 351 4564 LXXiil.
376 4537 409 4550 -
447 4509 468 4562 l·
488 4503 602 4576 α’ῤῥωγὸν
624 4509 678 4561 edtt.
692 4511 768 4576 priam
