3168 4926
307 185 361 252 w
627 212 630 223 ·
743 197 866 254 εινατι
881 198 1051 254 umam}

178 327 247 398 Κεφ.
264 323 305 400 ιγ’.
408 319 469 384 Καλ
485 315 534 384 ότι
549 320 690 404 διηγεῖται
705 323 797 384 ταῦτα
814 319 924 398 πάντα,
946 319 1043 404 λέγει,
1060 323 1161 383 Ταῦτα
1179 319 1213 384 ἐν
1228 315 1399 405 Βηθαβτρᾷ
1417 315 1479 402 ἐχέ-

320 442 400 488 νετο·
430 423 462 487 ἐν
484 419 580 496 ἄλλοις
601 421 633 486 δέ
655 417 864 506 άντιγράφοις,
895 423 928 487 ἐν
945 423 1100 509 Βηθανία,
1129 419 1223 505 πέραν
1243 427 1298 486 τοῦ
1314 415 1479 504 Ἰορδάνου.

323 525 386 588 Καί
403 521 476 606 μεταλ
490 529 582 588 ταῦτα
598 526 760 603 δείκνυσιν,
782 521 828 589 ότι
842 519 926 590 είπον
940 519 1023 613 αῦτρῦ
1037 525 1069 589 οἱ
1082 521 1142 589 άπό
1158 529 1213 590 τοῦ
1224 518 1364 588 Ἰωάννου
1379 530 1480 604 μυθη-

322 628 381 706 ταλ,
402 622 514 708 Ῥαββλ,
532 632 592 692 ποῦ
610 626 706 708 μένεις
712 653 721 704 3
743 621 809 691 όδέ
821 622 893 705 εἷπε,
916 629 999 691 δεῦτε
1013 626 1064 691 καλ
1079 627 1169 692 λ’δετε·
1191 625 1242 690 καλ
1255 620 1405 706 όπῆλθον,
1426 623 1481 688 καλ

323 725 392 814 παρ’
414 724 494 816 αι’πρῦ
516 729 633 812 έμειναν
651 725 706 810 τήν
718 724 833 813 ήμέραν
847 729 969 810 ἐκείνην.
1013 729 1074 793 Καλ
1091 731 1128 818 τῆ
1146 725 1268 812 αὔριον,
1291 717 1370 811 Ὦρα
1382 718 1422 807 ήν
1436 719 1482 801 τός

323 829 447 914 δεκάτη,
468 823 659 916 ήνἈνδρέας
674 826 693 895 ό
709 827 838 911 σίδελφδς
852 833 990 912 Σίμωνος
1007 829 1141 916 Πέτρου,
1163 825 1206 905 είς
1221 830 1254 895 ἐκ
1269 833 1330 894 νοῦν
1345 825 1400 893 δόο
1418 833 1481 892 τῶν

242 1013 243 1016 γ
323 930 593 1016 όκολουθησάντων
610 929 704 1020 αῦτρῦ·
733 928 861 1016 εόρίσκει
877 923 967 1007 οὗτος
982 937 1101 1017 πρῶτος
1117 930 1167 998 τόν
1182 929 1314 1012 άδτλφδν
1328 927 1381 996 τόν
1399 931 1481 995 ίδιον

323 1035 455 1119 Σίμωνά,
476 1035 528 1101 καλ
541 1035 613 1119 λέγει
629 1030 726 1123 αότῷ,
748 1029 929 1118 Είῦρήκαμεν
941 1037 1096 1112 Μεσσίαν,
1117 1031 1172 1100 τόν
1186 1029 1482 1118 μεθερμηνευόμενον

325 1135 464 1220 Χριστόν.
503 1128 602 1212 Οῦτος
616 1133 725 1221 ήγαγεν
738 1131 830 1204 αῦτόν
844 1133 921 1220 πρός
934 1133 987 1202 τόν
1000 1134 1130 1219 Ἰησοῦν.
1173 1133 1339 1219 Ἐμβλέφας
1353 1135 1385 1201 δλ
1397 1131 1482 1222 αότφλ

323 1237 489 1322 όἸηοοῦς,
511 1234 591 1318 είπε,
613 1235 661 1302 Σῦ
677 1234 707 1302 ελ
719 1241 822 1321 Σίμων
837 1236 903 1315 υίός
917 1235 1022 1319 Ἰωνᾶ,
1043 1236 1081 1304 οῦ
1096 1237 1234 1327 κληθήσῃ
1251 1243 1376 1320 Κηφᾶς,
1397 1235 1415 1301 λλ
1432 1237 1482 1322 ἕρ-

324 1339 478 1427 μηνεόεται
494 1341 616 1425 Πέτρος.
666 1347 710 1430 ίῆ
726 1338 870 1426 έπαόριον
884 1339 1028 1424 ήθέλησεν
1043 1343 1171 1418 ἐξελθεῖν
1185 1343 1227 1418 είς
1240 1337 1295 1423 τήν
1312 1342 1480 1418 Γαλιλαίαν,

322 1446 375 1510 καλ
389 1439 516 1528 τῦρίσκει
530 1447 694 1521 Φίλιππον,
715 1444 766 1508 καλ
780 1445 855 1530 λέγει
869 1441 950 1532 αῦτῷ
965 1439 983 1509 ό
995 1441 1130 1526 Ἰησοῦς,
1149 1440 1325 1510 Ἀκολούθει
1340 1466 1398 1524 μοι.
1421 1431 1483 1504 Ἠν

323 1546 356 1611 δέ
372 1548 520 1621 Φίλιππος
534 1541 593 1612 α’πό
608 1547 779 1627 Βηθσαϊδᾶ,
797 1547 830 1611 ἐκ
843 1553 896 1628 τῆς
907 1544 1020 1622 πόλεως
1031 1543 1171 1632 Ἀνδρέου
1182 1546 1234 1611 καλ
1249 1548 1381 1628 Πέτρου·
1402 1538 1481 1626 εῦρί·

324 1668 385 1714 σκει
404 1651 551 1724 Φίλιππος
565 1643 617 1714 τόν
635 1645 818 1731 Ναθαναήλ,
840 1649 891 1712 καί
904 1649 979 1733 λέγει
994 1645 1083 1737 αότῷ,
1097 1647 1155 1714 Ὃν
1170 1650 1283 1734 έγραψε
1295 1652 1433 1730 Μωῦσῆς
1447 1646 1483 1710 έν

323 1757 366 1838 τῷ
382 1747 481 1839 νόμην,
509 1752 561 1817 καλ
581 1753 614 1816 oc
624 1755 792 1837 προφῆται,
822 1747 990 1835 εῦρήκαμεν
1002 1748 1124 1834 Ἰησοῦν
1140 1747 1207 1816 υίδν
1227 1756 1281 1815 τοῦ
1296 1746 1412 1831 Ἰωσήφ
1426 1744 1483 1812 τόν

325 1849 386 1919 όπό
403 1853 544 1938 Ναζαρέτ.
589 1854 651 1917 Καὶ
667 1847 749 1918 εἶπεν
764 1850 844 1940 αῦτῷ
861 1849 1047 1935 Ναθαναήλ,
1067 1850 1119 1918 Ἐκ
1136 1851 1269 1937 Ναζαρέτ
1290 1849 1437 1916 ιιλόναταί
1453 1875 1483 1914 τι
1508 1877 1509 1880 ’

326 1951 446 2041 α’γαθόν
460 1951 550 2033 είναις
571 1956 645 2040 λέγει
660 1951 740 2044 αότῷ
756 1951 775 2021 ό
790 1959 949 2034 Φίλιππος,
961 1952 1074 2041 Ἔρχου
1087 1956 1140 2021 καλ
1153 1957 1207 2020 ίδε.
1243 1951 1332 2019 Ἰδολν
1344 1953 1376 2018 δλ
1390 1949 1408 2018 ό
1420 1949 1483 2034 Ἰη-

325 2063 398 2133 σοῦς
409 2053 462 2122 τόν
478 2055 647 2140 Ναθαναήλ
661 2055 818 2142 ἐρχόμενον
832 2056 909 2144 πρός
923 2054 1025 2136 αῦεδν,
1046 2057 1121 2143 λέγει
1134 2057 1201 2142 περλ
1215 2053 1318 2134 αῦτοῦ,
1331 2052 1399 2119 ’Ἰδε
1412 2050 1483 2138 άλη-

324 2165 392 2236 θοδς
407 2155 605 2243 Ἰσραηλίτης,
627 2161 660 2224 έν
677 2151 701 2247 χλ
718 2158 804 2235 δόλος
820 2155 876 2225 οόκ
891 2161 960 2224 έστκ
1003 2160 1093 2245 Λέγει
1109 2156 1190 2248 αότρῖ
1209 2154 1393 2241 Ναθαναήλ,
1416 2155 1482 2222 Πό-

324 2271 380 2327 θεν
400 2285 436 2344 με
456 2259 622 2346 χινοόσκειςς
652 2259 814 2346 Ἀπεκρίθη
833 2259 969 2344 Ἰησοῦς,
998 2265 1051 2328 καλ
1067 2258 1148 2327 εἶπεν
1165 2258 1261 2349 αότῷ,
1293 2258 1360 2345 Πρδ
1378 2265 1433 2326 τοῦ
1449 2280 1482 2324 σε

327 2368 479 2430 Φίλιππον
496 2361 634 2448 φωνῆσαι
653 2361 725 2430 ὄντα
743 2361 803 2432 ῦπδ
822 2362 877 2448 τήν
897 2369 1008 2447 συκῆν,
1039 2359 1121 2430 είδόν
1137 2384 1178 2429 σε.
1220 2360 1382 2446 Ἀπεκρίθη
1400 2357 1483 2449 αότγῦ

326 2463 511 2550 Ναθαναήλ,
537 2467 589 2532 καλ
604 2462 682 2547 είπε,
707 2463 823 2551 Ῥαββλ,
853 2464 891 2533 τό
904 2462 934 2532 ελ
946 2462 965 2532 ό
980 2465 1047 2544 υἱός
1063 2472 1118 2532 τοῦ
1130 2471 1223 2546 θεοῦ,
1250 2463 1287 2532 τῦ
1303 2461 1440 2548 βασιλεῦς
1452 2457 1486 2528 εί

325 2575 379 2636 τοῦ
395 2566 524 2654 Ἰσραήλ.
565 2566 729 2656 Ἀπεκρίθη
750 2566 917 2652 όἸησοῦς,
947 2569 999 2634 καλ
1016 2564 1097 2634 εἶπεν
1113 2564 1209 2658 αότηδ,
1229 2566 1297 2632 Ὅτι
1316 2562 1402 2631 είπόν
1423 2587 1481 2642 σοι,

326 2666 424 2734 Ελδόν
443 2691 476 2735 σε
492 2666 633 2736 ῦποιιάτω
654 2679 708 2754 τῆς
725 2679 834 2754 συκῆς,
860 2669 1021 2749 πιστεύειςς
1050 2674 1136 2753 μείζω
1157 2668 1273 2736 τοότων
1295 2666 1374 2752 όψει.
1419 2667 1483 2732 Kal

326 2767 408 2838 είπεν
423 2768 504 2860 αότηῖ
512 2821 520 2851 ,
548 2769 656 2855 Ἀμήν,
679 2769 758 2856 αλμήν
773 2775 847 2860 λέγω
863 2769 950 2857 όμῖν,
979 2770 1095 2854 όψεσθε
1107 2769 1161 2838 τόν
1175 2759 1306 2858 οῦραυόν
1321 2767 1482 2859 άνεχιγότα,

326 2875 378 2940 κοιλ
396 2871 467 2950 τοῦς
480 2869 621 2959 άγγέλονς
639 2880 696 2940 τοῦ
711 2881 788 2941 θεοῦ
801 2871 1018 2959 ἀναβαίνοντας
1037 2876 1086 2940 καλ
1104 2877 1338 2958 καταβαίνοντας
1359 2873 1408 2938 έπλ
1429 2868 1483 2938 τόν

326 2968 396 3042 ολόν
414 2982 470 3042 τοῦ
486 2973 661 3062 τίνθράπου.
706 2978 767 3043 Καί
784 2983 823 3068 τῆ
837 2974 933 3066 ήμέρμ
952 2983 990 3068 τῆ
1007 2980 1090 3068 τρίτῃ
1106 2974 1201 3063 γάμος
1215 2977 1327 3060 έγένετο
1346 2977 1377 3041 ἐν
1393 2971 1483 3062 Κανά

326 3083 380 3164 τῆς
395 3081 565 3157 Γαλιλαίας,
592 3080 643 3144 καλ
660 3075 696 3143 τά
713 3079 791 3162 ἑξῆς·
820 3081 870 3145 λ’να
886 3083 965 3170 δείξῃ
983 3077 1055 3163 μεταλ
1071 3077 1125 3155 τολς
1139 3076 1355 3162 τεσσαράκοντα
1370 3071 1484 3161 ήμέρας

206 3217 258 3266 μη,
269 3205 314 3252 ωε
327 3187 382 3246 τοῦ
397 3187 578 3266 πειρασμοῦ,
605 3181 657 3246 καλ
675 3179 747 3263 μετά
763 3179 818 3264 τήν
834 3178 884 3246 ἀπ’
902 3179 995 3248 αότοῦ
1011 3187 1065 3248 τοῦ
1081 3187 1246 3267 πειρασμοῦ
1265 3178 1412 3247 ἐπάνοδον
1430 3179 1484 3243 καλ

328 3279 425 3366 όρμήν
437 3280 491 3366 τήν
508 3283 559 3348 ίπλ
575 3283 709 3368 Ναζαρέτ
724 3286 777 3350 καλ
792 3289 964 3363 Γαλιλαίαν,
996 3281 1037 3361 οἷς
1054 3285 1086 3350 ολ
1099 3280 1178 3350 ἄλλοι
1192 3291 1270 3369 τρεῖς
1285 3279 1484 3368 εόαγγελισταλ

328 3386 459 3468 ἔφησαν,
481 3381 569 3450 πάλιν
583 3386 635 3450 ἐπλ
645 3383 698 3451 τόν
711 3383 868 3471 Ἰορδάνην
880 3383 972 3453 αότδν
984 3383 1103 3469 ήκέναι·
1126 3381 1168 3462 ελς
1184 3387 1235 3450 καλ
1247 3381 1307 3450 άπδ
1322 3381 1483 3468 τοῦλόγου

326 3485 472 3556 Ἰωάννου
485 3485 680 3570 δειχθήσεται,
702 3485 853 3570 φήσαντος
867 3488 976 3565 οῦτως·
990 3488 1062 3554 Ὅτε
1077 3483 1154 3553 εἶδεν
1166 3484 1258 3553 αῦτόν
1272 3484 1430 3573 ἐρχόμενον
1445 3493 1483 3576 τῆ

328 3588 487 3676 ἐπαύριον,
516 3584 610 3668 εἶπεν,
632 3585 698 3655 Ἴδε
715 3586 733 3656 ό
749 3587 843 3674 άμνδς
858 3596 911 3657 τοῦ
928 3597 1021 3672 θεοῦ,
1052 3587 1071 3656 ό
1086 3593 1178 3674 αλρων
1196 3588 1250 3672 τήν
1266 3586 1418 3674 ολμαρτίον·
1427 3595 1483 3654 τοῦ

327 3691 451 3776 κόσμου.
495 3693 557 3756 Καὶ
578 3690 667 3756 πάλιν
688 3699 725 3781 τῆ
746 3690 816 3782 ῦλλῃ
836 3690 949 3782 ἡμέρᾳ,
979 3689 1020 3770 ῦς
1040 3689 1117 3758 είδεν
1138 3689 1230 3758 αῦτόκ
1249 3697 1482 3778 περιπατοῦντα,

328 3797 404 3878 λφη,
437 3785 535 3870 Οῦτός
551 3796 611 3859 ἐστι
626 3794 694 3877 περλ
713 3785 751 3858 οῦ
768 3790 853 3860 ελπον
871 3792 957 3879 άμῖν,
986 3791 1019 3860 ‘0
1036 3791 1132 3862 όπίσω
1150 3821 1209 3878 μου
1231 3791 1411 3880 ’ἐρχόμενος
1432 3795 1483 3876 έμ-

330 3898 464 3982 προσθέν
479 3922 538 3980 μου
554 3897 684 3982 γέγονεν,
716 3893 761 3961 ότι
776 3895 895 3979 πρῶτός
911 3923 970 3981 μου
985 3889 1031 3980 ήν.
1076 3897 1136 3960 Καί
1152 3894 1349 3984 ἐμαρτύρησε,
1377 3897 1483 3978 φησλν,

328 3994 472 4082 Ἰωάννης
485 4000 577 4086 λέγων
590 3997 652 4078 ότι,
679 3999 829 4082 Τεθέαμαι
845 3997 878 4066 τό
893 4007 1009 4082 πνεῦμα
1027 4001 1059 4065 ἐν
1072 4002 1143 4065 είδει
1157 4007 1330 4087 περιστεράς
1343 4002 1483 4080 καταβαῖ·

329 4125 396 4178 νον,
426 4102 478 4165 καλ
494 4100 651 4188 ἐρχόμενον
672 4098 718 4166 ἐπ’
733 4099 838 4169 αῦτόν·
868 4103 901 4168 τό
924 4104 956 4169 δέ
972 4099 1188 4193 Ἐμαρτῦρῃσε,
1215 4105 1269 4168 -ιιαλ
1289 4102 1351 4181 ὅτι,
1384 4093 1484 4179 Οῦτός

331 4203 409 4268 ἐστιν
430 4201 465 4267 δν
481 4199 564 4269 είπον
579 4201 664 4288 ῦμῖν,
696 4201 737 4280 ολς
752 4203 810 4287 ήδη
825 4206 894 4290 περὶ
909 4202 998 4270 άλλου
1014 4207 1065 4271 καὶ
1082 4203 1171 4272 άλλου
1187 4211 1293 4292 καιροῦ
1308 4204 1481 4294 παρφχημέ·

329 4328 386 4371 νου
401 4305 508 4392 λέγων,
537 4307 587 4370 ἵνα
604 4309 682 4398 δείξῃ
705 4303 742 4373 οῦ
756 4303 809 4372 τδν
825 4303 916 4372 αότδν
932 4303 1006 4373 εἶναι
1020 4307 1128 4396 καιρόν
1144 4313 1253 4376 τοῦτον
1272 4308 1399 4390 ἐκεῖνον,
1429 4306 1482 4375 τόν

365 4442 424 4500 θεν.
438 4443 510 4497 XIII.
528 4471 559 4486 ·-
587 4445 611 4502 ί.
633 4440 735 4504 δῦιαται
751 4444 777 4503 τί
791 4442 889 4518 άγαλλι
905 4449 956 4502 οοιλ
971 4449 1069 4514 Ma.
