3154 4930
352 195 413 262 σου
774 205 1083 258 ιιωτιιεειεετλκιι

352 326 404 390 καί
434 324 556 408 μάλιστα
577 320 715 398 πολλάκις
743 320 798 400 τάς
825 319 917 399 αύτάς
944 319 1190 406 διαλαμβάνοντες
1217 317 1367 408 άκρότατα
1395 321 1502 405 δοηίίγ·

213 535 281 603 Καρ.
293 531 339 600 ξεί.
353 430 567 599 ξαμενίἰρῶτον
587 513 640 594 μέν
655 503 711 578 οῦν
735 509 781 577 ῦτι
805 507 900 594 εύροίν
915 513 950 598 ἐνΙ
962 520 1026 588 ταῖς
1042 514 1140 587 θείαις
1161 519 1291 598 γραφαῖς
1314 511 1382 596 περὶ
1403 516 1502 594 1149«.

354 614 462 697 κλήτου
480 612 641 697 όνόματος,
673 615 724 678 καί
740 611 885 698 άγνούσας
900 611 955 695 τὴν
972 621 1026 679 τοῦ
1043 610 1130 700 άγίου
1149 611 1348 698 Παρακλήτου
1367 610 1504 694 δύναμιν,

356 716 461 786 όυυτδν
476 714 684 803 ύπειςηνεγκε,
707 722 830 799 νομίσας
846 712 921 782 εἰναι
943 723 1037 784 τοῦτο.
1083 719 1145 782 Καὶ
1161 715 1269 798 φάσκει
1292 717 1345 800 μέν
1365 713 1453 803 αύτῷ
1474 715 1505 778 τά
1559 741 1560 744 ’

355 819 414 886 ῦπδ
433 828 486 886 τοῦ
501 817 589 904 άγίου
599 818 723 886 Παύλου
738 821 877 904 εἰρημένα
890 821 1177 905 παρακεχωρηκέναι,
1201 817 1242 896 ύς
1258 825 1312 886 τοῦ
1328 815 1417 902 άγίου
1437 815 1504 882 άττο·

355 923 460 992 στόλου
476 922 642 1006 φήσαντος,
669 917 729 988 άπύ
753 923 862 1008 μέρους
884 920 1078 1008 γινώσκομεν,
1107 923 1159 988 καί
1177 916 1236 990 άπδ
1259 923 1366 1006 μέρους
1387 946 1506 1006 προφη·

355 1026 488 1109 τεύομεν·
511 1025 584 1090 όταν
598 1027 673 1113 ἰλθη
689 1022 721 1090 τό
740 1025 856 1105 τέλειον,
874 1023 908 1091 τό
926 1021 985 1092 άπό
1001 1025 1111 1107 μέρους
1122 1023 1384 1110 καταργηθήσεται
1413 1030 1506 1090 Τοῦτο

355 1131 387 1195 δέ
401 1132 469 1212 περί
486 1126 683 1211 Παρακλήτου
698 1123 762 1194 ούδ’
778 1125 853 1205 ὅλως
869 1129 1014 1194 ἐκτίθεται
1032 1123 1050 1192 ό
1066 1125 1151 1211 άγιος
1171 1125 1348 1206 άπόστολος,
1377 1122 1396 1191 ό
1419 1153 1506 1192 κατα·
1560 1173 1561 1216 η

355 1234 475 1311 ξιωθείς
499 1228 614 1296 1αὐτοῦ
632 1237 687 1296 τοῦ
714 1227 801 1314 άγίοο
822 1229 988 1314 πνεύματος
1012 1226 1082 1312 μετά
1104 1236 1164 1294 τῶν
1183 1227 1295 1313 ὁμοίων
1315 1226 1409 1295 αύτοῦ
1435 1223 1507 1294 άπο-
1560 1229 1561 1290 1

355 1333 482 1414 στόλων,
504 1329 576 1398 άλλοί
590 1335 658 1416 περὶ
672 1339 731 1398 τῶν
746 1335 802 1398 δύο
820 1332 940 1416 κόσμων
954 1336 1097 1418 διηγεῖτο,
1119 1335 1185 1419 περί
1207 1341 1261 1399 τοῦ
1279 1335 1438 1408 ἐνεστῶτος
1461 1335 1506 1398 καί

356 1440 524 1521 μέλλοντος,
547 1432 588 1512 οἷς
604 1439 691 1518 ἐφην,
713 1445 776 1512 τοῖς
789 1437 981 1520 βουλομένοις
996 1436 1064 1521 περὶ
1078 1442 1190 1522 καιρῶν
1204 1434 1440 1518 καταλαμβάνειν
1457 1434 1508 1512 ὅτι,

357 1535 558 1622 Μηδίνύμῦς
581 1540 737 1626 θπτυρέτω
754 1541 786 1604 ἐν
802 1537 895 1627 λόγῳ,
925 1540 957 1603 ἐν
974 1540 1127 1627 ἐπιστολῇ,
1156 1534 1197 1614 οῦς
1219 1538 1265 1604 ὅτι
1288 1537 1310 1620 ἦ
1332 1536 1430 1622 ἡμέρα
1455 1541 1507 1604 ἐνέ

357 1663 444 1724 στηκε
457 1649 511 1708 τοῦ
527 1647 646 1724 κυρίου·
669 1640 723 1706 ἐάν
738 1640 794 1728 γάρ
810 1639 851 1724 μη
864 1638 1069 1730 άποκαλυφθγγ
1087 1637 1184 1716 όυίός
1200 1648 1251 1724 τῆς
1267 1639 1402 1725 άνομίας,
1426 1639 1447 1706 ό
1464 1639 1508 1706 ὅτε
1561 1657 1562 1708 λ

357 1754 482 1830 θρωττος
499 1748 552 1827 τῆς
567 1741 699 1826 άδικίας,
718 1747 773 1812 καί
790 1741 826 1810 τά
845 1746 919 1826 έξῆς.
964 1745 1024 1808 Καὶ
1045 1742 1134 1810 πάλιν
1155 1743 1359 1810 συνελθόντων
1381 1751 1442 1810 τῶν
1460 1771 1507 1826 μα

357 1855 462 1930 θητῶν
481 1845 560 1930 ττρδς
579 1845 632 1913 τόν
647 1855 766 1932 σωτῆρα
788 1843 910 1931 η’ρύτων
924 1843 1016 1913 αύτόν
1033 1848 1101 1929 περλ
1116 1853 1168 1930 τῆς
1185 1851 1365 1924 συντελείας,
1387 1849 1440 1912 καί
1455 1849 1509 1910 ἐλε·

236 1994 287 2040 1³⁸⁸·
301 1982 345 2028 ρης
360 1975 409 2036 γεν
427 1946 543 2028 αύτοῖς,
575 1945 638 2032 Ούχ
654 1946 739 2033 ύμῦν
764 1953 848 2016 8ἐστι
863 1956 973 2036 γνῶναι
987 1947 1113 2033 χρόνους
1129 1951 1180 2013 καί
1194 1946 1317 2034 καιρούς
1323 1999 1333 2030 ,
1355 1947 1410 2024 οῦς
1424 1945 1445 2015 ό
1459 1975 1509 2012 ιτα-

358 2050 412 2135 τηρ
428 2055 515 2118 ἔθετο
531 2054 562 2117 έν
579 2059 615 2140 τῇ
631 2054 694 2140 ἰδίᾳ
710 2055 843 2141 ἐξουσία,
874 2049 944 2116 άλλά
964 2049 1099 2134 λήψεσθε
1115 2049 1241 2134 δύναμιν
1257 2051 1440 2128 ἐπελθόντος
1461 2059 1508 2118 τοῦ

359 2151 446 2240 άγίου
468 2153 635 2237 πνεύματος
657 2152 704 2238 ἐφ’
720 2151 812 2239 ῦμῦς·
841 2157 892 2222 καλ
908 2151 996 2221 πάλιν
1013 2156 1121 2240 ἐλεγεν,
1151 2150 1224 2220 'And
1241 2150 1452 2239 Ἱεροσολύμων
1473 2155 1509 2238 μά
1562 2181 1563 2190 ’

358 2261 531 2342 χαρίζεσθε,
553 2256 778 2342 ἀπεκδεχόμενοι
797 2257 849 2340 τὴν
865 2259 1039 2344 ἐπαγγελίαν
1066 2263 1144 2322 θεοῦ
1159 2253 1343 2339 πνεύματος,
1364 2257 1406 2340 ἣν
1423 2255 1506 2340 ηκού

359 2383 442 2439 σακε,
471 2363 602 2428 τουτέστι
619 2359 652 2428 τό
670 2367 787 2444 ττνεῦμα
809 2359 842 2428 τό
867 2359 1056 2446 παράκλητον
1078 2359 1096 2426 δ
1115 2363 1190 2442 ἔφη,
1219 2358 1272 2426 ἐάν
1293 2357 1353 2444 ἐγσί
1378 2358 1507 2437 άπέλθα,

358 2467 471 2540 ἐκεῖνος
489 2461 647 2544 ἐλεύσεται,
668 2465 720 2530 καλ
736 2459 889 2549 άναγγελεῖ
906 2460 978 2546 ύμῖν
1001 2461 1037 2527 τά
1061 2461 1166 2529 πάντα.
1215 2461 1254 2530 Τδ
1277 2463 1325 2542 δί,
1353 2461 1510 2550 Ἀναγγείῦ

359 2564 431 2650 ύμῖν
447 2563 483 2631 τά
500 2569 611 2645 πάντα,
640 2565 678 2632 δι’
691 2566 732 2651 ἣν
749 2569 865 2649 ἐμελλον
885 2570 1099 2644 καταξιοῦσθαι
1118 2563 1247 2649 δωρεάν,
1272 2565 1462 2647 ὓένοιαύσειν
1483 2569 1509 2630 ἐι

360 2668 461 2745 αὐτοῖς
475 2666 509 2736 τό
529 2665 614 2753 άγιον
630 2676 762 2752 πνεῦμα,
793 2667 876 2746 ὅπως
897 2665 933 2734 τά
955 2666 1053 2736 πάντα
1076 2665 1178 2745 αύτοῖς
1198 2675 1304 2749 σαφῶς
1329 2667 1507 2754 διηγήτητοι,
1563 2671 1564 2682 ’

360 2770 416 2837 ὅσα
429 2769 576 2853 ἠδύναντο
599 2773 629 2836 ἐν
646 2779 688 2859 τῷ
703 2774 790 2838 αἰῶνι
806 2770 901 2860 τούτῳ
922 2779 1059 2856 χωρῆσαι.
1105 2772 1165 2834 Καλ
1181 2763 1238 2836 οἶδε
1253 2771 1307 2852 μέν
1323 2773 1357 2836 έν
1372 2779 1416 2858 τῷ
1433 2775 1507 2836 αἰῶνι

360 2871 456 2960 τούτῳ
471 2872 652 2958 χωρήσαντες
672 2873 706 2940 τό
726 2881 842 2956 πνεῦμα
858 2874 890 2940 τό
906 2872 1092 2958 παράκλητον
1110 2871 1348 2958 ἐπροφήτευσαν,
1371 2871 1416 2950 τάς
1427 2872 1507 2958 'Apa-

331 3001 338 3016 ·
361 2979 415 3057 βος
433 2974 633 3060 ἐπροφήτευοε
651 2979 718 3060 περλ
732 2981 819 3058 λιμοῦ
835 2977 994 3058 ἐσομένου,
1015 2977 1067 3041 καὶ
1083 2974 1129 3041 ῦτι
1145 2983 1298 3062 προφῆται
1316 2973 1378 3041 duo*
1394 2973 1507 3060 Ἷεροσο

360 3080 460 3160 λύμων
476 3079 656 3162 κατέβησαν,
679 3080 728 3144 καλ
746 3077 792 3145 ότι
805 3071 881 3163 ἦσαν
897 3080 1034 3164 τέσσαρες
1052 3079 1213 3164 θυγατέρες
1226 3083 1266 3166 τῷ
1285 3083 1430 3168 Φιλίττπφ
1446 3103 1508 3158 ιτρο

361 3179 551 3262 φητεύουσαι.
593 3178 688 3246 Ὅταν
713 3182 745 3246 δέ
771 3179 1038 3264 θπροφητεύωσιν,
1067 3179 1126 3248 οἰττό
1149 3183 1256 3265 μέρους
1279 3181 1508 3264 προφητεύσων,

359 3283 411 3348 καί
428 3281 489 3348 άτιύ
515 3283 625 3368 μέρους
649 3281 839 3368 γινώσκουσι·
870 3281 902 3348 τό
921 3284 955 3348 δί
970 3285 1077 3350 τέλειον
1101 3287 1132 3350 ἐν
1152 3293 1215 3360 τοῖς
1235 3285 1391 3366 μέλλουσιν
1414 3285 1509 3350 αίῦσιι

361 3387 522 3464 ἐλπίζοντες
540 3388 757 3468 προςδοκῶσιν,
780 3385 852 3454 ὅταν
868 3383 901 3452 τό
915 3384 1054 3471 φθαρτόν
1077 3388 1118 3464 εἰς
1140 3384 1314 3472 άφθαρσίαν
1332 3391 1509 3472 μεταβληθῇ,

360 3489 411 3554 καί
432 3485 465 3552 τό
490 3486 602 3570 θνητόν
617 3490 659 3563 εἰς
682 3484 865 3568 άθανασίαν,
894 3487 967 3554 όταν
988 3487 1052 3556 τότε
1069 3487 1228 3573 πρόςωπον
1250 3487 1326 3573 πρός
1349 3489 1508 3573 πρόςωπον.

362 3589 447 3674 ’Ἁρττ
463 3587 519 3675 γάρ
534 3587 570 3654 δι’
588 3591 757 3676 αἰνίγματος
771 3589 807 3656 τά
821 3589 993 3677 πράγματα,
1016 3593 1076 3657 ἐκελ
1092 3592 1125 3656 δέ
1138 3587 1353 3674 ἓτοιμάζεταιάί
1376 3589 1508 3674 7ὀφθαλ-

361 3690 417 3776 μός
435 3684 493 3758 άδε
510 3689 566 3758 ούκ
587 3689 670 3759 είδεν.
713 3692 793 3760 Ἐκεῖ
806 3693 1044 3760 ἇποκαλύπτεται
1061 3693 1083 3777 ἡ
1099 3693 1255 3776 τελειότης,
1277 3686 1369 3770 όίοῦς
1385 3695 1509 3760 ἐνταῦθα

361 3795 418 3862 ούκ
432 3793 567 3878 ἤκουσεν.
610 3793 690 3862 Ἐκεῖ
707 3796 740 3862 τό
757 3798 830 3882 μέγα
851 3799 979 3882 χάρισμα
995 3805 1057 3874 τοῖς
1075 3794 1185 3883 ἇγίοις,
1214 3795 1298 3862 δέπί
1317 3800 1446 3880 καρδίαν
1465 3793 1510 3863 άν-

358 3895 489 3980 θροόπον
505 3895 560 3962 ούκ
577 3894 669 3981 όνέβη
687 3902 827 3966 ἐνταῦθα.
859 3902 920 3965 Καί
936 3897 1011 3989 όρρῖς
1027 3899 1072 3966 ότι
1090 3897 1153 3984 ούχί
1172 3907 1214 3989 τῷ
1234 3898 1329 3990 Μάνη
1347 3897 1509 3982 ἐταμιεύετο

360 3997 392 4066 τό
408 4001 517 4066 εἰδέναι
537 3997 573 4064 τά
588 4025 624 4066 πε
656 3999 716 4067 ττά.
762 4009 836 4080 Πῶς
850 4001 907 4090 γάρ
932 4001 995 4093 γ’γ’δει
1013 4003 1125 4086 Μάνης
1148 4009 1202 4070 τοῦ
1224 4010 1341 4070 σκοποῦ
1364 4009 1420 4069 τοῦ
1437 4006 1510 4066 ἰδίου

361 4101 507 4181 ἐκκεσόνς
528 4028 716 4236 ’linsamo
732 4103 787 4192 γάρ
801 4109 851 4172 ἵνα
866 4103 918 4172 τόν
927 4104 1102 4190 Μάρκελλον
1119 4103 1302 4193 χειροίσηται,
1318 4102 1424 4190 ἤρχετο
1440 4103 1509 4188 πρός

396 4239 455 4290 Cu.
470 4241 537 4293 LXI.
553 4273 586 4284 -
623 4245 643 4295 ί.
661 4247 755 4308 nepam
772 4241 856 4306 αότδς.
986 4243 1010 4299 λ
1027 4247 1072 4300 τοῦ
1088 4243 1160 4312 άγίου
1175 4243 1317 4310 τωεύμοτος
1333 4247 1387 4296 ωδ
1401 4245 1495 4304 Μ·

396 4307 420 4357 ’2.
436 4308 548 4375 τττορετοί
566 4314 616 4362 cod.
634 4328 676 4364 οιτ.
694 4320 795 4376 uterque.
986 4317 1009 4364 5.
1028 4311 1165 4380 ένοικτὶοτιυ
1178 4311 1452 4379 (ένοικήοῒοοδλτι)
1464 4311 1508 4361 eod

395 4373 418 4422 3.
437 4373 490 4428 ἐστι
506 4379 598 4441 γνῶναι
614 4383 664 4432 τοο.
682 4397 724 4432 ms.
740 4388 839 4445 υλιτςυε.
868 4379 920 4436 ἐττε-
954 4397 997 4434 ms.
1013 4390 1113 4447 uterque.
1149 4386 1176 4434 λιι
1192 4385 1259 4433 editis
1275 4388 1309 4432 ττι
1326 4377 1459 4448 διοικήσει

361 4443 452 4510 χνῶνοι
468 4445 523 4494 edm
539 4450 598 4498 λίοτλ,
