3116 4934
340 239 476 293 sannen
493 239 558 294 nte.
570 241 602 293 n.
619 240 700 296 rom
714 241 733 292 ι.
751 239 851 293 mnan.
863 239 946 293 mxu.
1156 231 1218 298 mr

73 381 126 426 nnn
147 359 193 426 sin
214 370 354 445 tanquam
374 359 404 425 in
425 360 542 426 bomine
560 361 704 427 duntoxnt
725 359 859 426 babitsus
880 361 969 445 (obsit
984 373 1016 426 ut
1032 361 1073 428 ita
1089 361 1220 449 suspiee-

72 463 161 546 nnr),
185 464 238 528 sed
264 475 484 530 sncrnsanetnm
507 464 602 550 ipsum
627 463 772 543 verbum,
799 465 889 544 dens,
917 464 1052 550 inquam,
1083 467 1217 546 verbnm,

73 567 212 632 bominem
235 587 269 632 se
292 567 384 632 lenit.-

151 667 212 734 lam
228 669 349 756 spiritus
363 679 485 734 sanetus
500 689 587 754 quam
606 671 722 734 tradem
740 669 777 734 ob
794 690 928 734 naussum
946 670 1044 758 speeie
1059 690 1093 736 se
1110 672 1221 738 nolum·
1239 679 1298 749 (top.
1310 681 1355 732 vt.

72 771 118 836 bae
133 773 291 838 ridendum
313 771 466 852 exhibuit,
490 772 546 836 nisi
565 783 596 836 ot
618 771 669 835 tibi
691 771 851 858 sapientiae
871 772 1008 858 opinione
1028 773 1145 852 induto,
1169 795 1221 840 ue·

72 896 121 960 pne
134 875 289 960 quiequam
303 875 490 959 intelligenti,
510 875 580 938 nibil
594 874 623 938 in
643 875 728 938 deum
745 875 956 940 contumeliose
971 875 1135 942 iaciendum
1152 899 1219 942 esee

71 978 215 1058 mederet,
240 988 274 1041 ot
291 998 328 1041 ue
342 978 474 1063 spiritum
490 998 557 1042 enm
575 988 657 1064 patre
675 977 791 1063 filioque
811 977 1046 1044 nnnlundendum
1067 999 1135 1042 osse
1156 1001 1221 1044 oro-

72 1081 173 1146 deresl
214 1075 399 1166 Propterea,
423 1080 493 1143 lieet
515 1079 635 1166 spiritus
653 1091 774 1144 sanetus
791 1080 871 1144 nullo
889 1092 971 1146 esset
990 1101 1114 1167 nnrpnre
1137 1103 1220 1167 prae·

71 1181 160 1262 ditus,
183 1183 221 1246 ad
239 1181 390 1246 oolnmbae
410 1192 506 1248 temen
528 1183 650 1267 effigiem
669 1203 736 1246 sese
760 1183 972 1264 nnnlormavit,
996 1207 1054 1270 qun
1073 1197 1153 1250 tunm
1176 1185 1221 1250 ni·

71 1285 169 1348 mirum
187 1295 218 1348 et
236 1286 431 1370 patefaceret,
456 1295 487 1350 et
504 1286 695 1350 onnvinneret
717 1305 867 1366 errorem,
898 1287 983 1372 idque
1005 1289 1098 1373 ipsum
1121 1298 1220 1353 osten·

70 1389 165 1465 deret,
189 1397 294 1473 suapte
311 1388 475 1454 consistere
499 1407 626 1471 persono
644 1388 796 1473 spiritum,
820 1401 921 1475 suapte
937 1391 1006 1454 item
1026 1411 1151 1476 persona
1171 1411 1222 1476 pn·

72 1500 158 1569 trem,
183 1509 218 1553 ae
239 1501 343 1576 suapte
359 1501 509 1576 postremo
524 1491 631 1571 liliump
655 1491 698 1555 sie
714 1501 746 1554 nt
764 1512 821 1554 nnn
839 1491 906 1555 ideo
922 1492 1017 1556 diviso
1032 1513 1100 1558 esse
1117 1492 1222 1556 divini·

70 1603 128 1672 tas,
152 1601 205 1656 ant
218 1593 390 1679 depressum
407 1592 513 1678 aliquid
533 1593 562 1656 in
586 1593 650 1657 eius
666 1593 760 1678 gloria
779 1605 866 1678 atque
884 1594 1007 1660 inferius
1028 1616 1095 1663 esse
1117 1605 1220 1681 putnn·

69 1694 130 1758 dum
146 1694 197 1760 sit.
243 1693 480 1774 animadvertis,
505 1695 626 1781 opinor,
650 1696 890 1780 quemadmodum
905 1696 1020 1760 trinitas
1036 1697 1100 1782 ipsa
1119 1718 1221 1764 nurne-

69 1808 163 1877 retur,
189 1817 255 1860 enm
271 1805 303 1860 et
321 1807 404 1881 pater
419 1817 435 1862 e
455 1797 539 1862 nnelo
555 1798 679 1876 clamat,
704 1811 734 1862 et
751 1799 825 1863 lilius
841 1798 871 1862 in
889 1796 1013 1864 lordnue
1030 1799 1168 1884 tingitur,
1192 1810 1223 1862 et

68 1900 186 1984 spiritus
205 1908 327 1963 sanetus
347 1900 446 1986 speeie
463 1900 614 1966 columbae
631 1900 786 1964 delabitur.
833 1898 890 1964 Die
904 1903 1004 1980 sodes,
1029 1903 1095 1987 quis
1112 1914 1158 1966 est
1173 1903 1221 1968 ille

68 2001 113 2086 qni
131 2001 225 2080 dixit,
248 2006 324 2066 Erre
338 2006 481 2083 rbtellr‘get
493 2004 580 2085 filius
595 2025 673 2066 merce
689 2006 825 2079 dr'leetus,
851 2007 880 2067 ia
898 2027 952 2086 pun
968 2009 1041 2068 midi
1052 2009 1218 2086 compluens,
1233 2021 1288 2068 tut
1299 2024 1333 2080 nt,
1346 2024 1367 2070 ι.

66 2127 144 2186 quem
159 2107 248 2185 elegat
268 2111 363 2166 anemo
380 2126 450 2167 mee.
498 2109 601 2168 Ponam
615 2111 747 2187 sprm'tum
761 2129 850 2170 meam
872 2129 958 2189 super
973 2113 1079 2189 speum,
1103 2121 1134 2171 et
1148 2113 1222 2172 indi·
1250 2137 1252 2144 v

67 2212 138 2270 ot'um
151 2209 288 2287 gentibus
301 2210 452 2271 emendet.
498 2211 563 2270 Non
585 2213 747 2284 rouundel,
773 2231 862 2293 neque
884 2213 1031 2286 edomabat,
1055 2233 1107 2274 neo
1125 2215 1223 2274 oudrb·
1269 2223 1274 2236 '

68 2321 113 2370 tan·
129 2315 160 2372 r'n
174 2311 281 2390 pluteo
296 2332 352 2372 one
364 2315 435 2372 eries.
484 2312 627 2374 Culomum
642 2317 793 2376 eontm'tum
813 2335 869 2375 nnn
887 2315 1064 2396 confringet,
1090 2325 1119 2376 et
1134 2317 1221 2376 labam

60 2413 211 2494 fmnr‘gnna
225 2435 282 2475 nun
294 2417 453 2494 entabgnet,
474 2417 562 2476 donee
574 2420 684 2478 emittat
697 2420 726 2477 r'n
740 2419 886 2478 nr'emrs'am
899 2420 1032 2478 rbda'uimn
1046 2427 1100 2477 eto.
1125 2412 1157 2478 N
1160 2437 1221 2478 nm-

70 2514 134 2598 quid
154 2513 205 2580 illa
221 2516 258 2578 ad
277 2516 498 2601 exprimendam
517 2517 675 2581 trinitatem
693 2517 752 2582 vim
769 2517 876 2581 babere
892 2516 961 2595 tibi,
985 2515 1132 2581 hominnm
1149 2538 1223 2582 eon·

69 2615 294 2696 tentinsissime,
319 2619 475 2682 ridentur?
516 2618 566 2684 An
591 2620 627 2683 de
650 2639 684 2682 se
707 2629 750 2682 tot
774 2619 824 2683 illa
848 2630 931 2705 peter
954 2619 1028 2703 apud
1051 2617 1222 2705 prophetem

69 2718 225 2784 disserunt
268 2720 334 2803 Age
351 2719 416 2804 quis
432 2731 478 2784 est
493 2721 542 2784 ille
560 2721 596 2785 de
612 2743 670 2806 qno
688 2722 827 2806 seriptum
845 2732 908 2800 est,
932 2725 1017 2784 onir
1030 2726 1158 2786 dommum
1172 2727 1222 2784 do·
1236 2745 1273 2792 re
1286 2747 1332 2804 aaa,
1346 2751 1365 2794 1.

67 2826 137 2884 mr'an
153 2843 226 2896 men,
249 2826 315 2886 sede
331 2843 350 2884 a
366 2827 477 2886 dentrr'e
493 2829 583 2886 meis?
624 2821 694 2888 Non
712 2824 797 2904 dixit,
820 2828 854 2887 In
871 2827 1026 2888 meaubei't.
1073 2825 1135 2890 Aut
1150 2825 1220 2892 illud

67 2944 200 3003 rursum,
225 2925 301 3010 qood
318 2924 349 2989 in
367 2925 522 3009 evangelio
540 2926 680 3011 seriptum
704 2937 768 2990 este
798 2931 839 2988 Et
855 2931 985 2990 aseendit
996 2933 1026 2990 r'n
1045 2931 1169 3002 eoelum,
1194 2913 1395 2999 etmmentna'

66 3031 138 3089 redit
158 3031 197 3089 nd
220 3031 365 3092 denterom
385 3031 496 3109 patrae,
520 3040 551 3091 et
564 3041 699 3092 uenturus
719 3042 764 3093 eet
783 3033 911 3092 riadabnre
928 3035 1006 3092 naboe
1025 3043 1056 3092 et
1075 3037 1223 3092 mortuns?

67 3125 228 3194 Praeterea
243 3151 298 3192 eur
314 3151 372 3194 non
388 3130 641 3196 duorumillnrum
660 3133 789 3196 virorum
806 3133 856 3197 tibi
874 3133 1032 3218 persuadet
1048 3133 1219 3212 auotoritas,

68 3233 159 3317 quiin
175 3231 309 3298 vestibus
325 3231 399 3297 albis
416 3244 592 3318 apparentes
609 3235 649 3298 itn
666 3235 824 3321 discipulos
840 3235 960 3301 alluenti
976 3246 1061 3299 sunna
1088 3241 1153 3298 Vim·
1166 3241 1222 3298 Gn·
1234 3255 1282 3300 nee
1295 3255 1315 3312 t,
1329 3257 1361 3302 ιι.

67 3337 158 3411 lr'loer',
182 3338 253 3418 qra'd
266 3339 350 3396 emm
367 3340 535 3416 uspicientes
553 3341 582 3399 in
599 3341 727 3400 eoelum?
768 3342 823 3400 llio
839 3343 920 3402 lemae
937 3344 990 3420 qm'
1002 3351 1162 3420 assumptus
1179 3352 1223 3403 ear

66 3439 174 3501 nmdrb
191 3442 222 3500 dn
241 3440 364 3513 eoelmn,
388 3443 431 3500 aie
450 3444 542 3501 venriet
559 3444 786 3520 quemadmodum
803 3445 884 3505 illum
901 3447 1010 3504 odom
1026 3448 1221 3524 aerumpnam?

68 3535 230 3624 Quemnam
258 3560 332 3604 vern
355 3539 458 3604 beatus
481 3538 650 3627 Stepbanus
678 3542 863 3625 intuebatur,
894 3567 959 3608 eum
985 3545 1114 3623 dineret,
1145 3548 1359 3614 deminum.

66 3666 118 3725 ego
137 3647 218 3706 mileo
237 3646 344 3706 eoelum
367 3655 511 3725 apertum,
541 3658 572 3706 et
583 3647 683 3728 filliam
704 3649 823 3710 dominis
841 3659 961 3712 atumem
983 3669 1001 3708 a
1021 3651 1132 3710 deutris
1153 3650 1220 3707 dell

67 3745 117 3810 Tu
131 3767 204 3812 vern
230 3745 312 3811 rodis
334 3746 365 3810 in
386 3745 521 3812 omnibus
542 3757 629 3832 etque
652 3748 803 3834 imperite,
827 3751 969 3836 neuquid
990 3771 1094 3814 snorae
1117 3749 1219 3813 literne

66 3848 219 3934 loquantur
236 3847 418 3934 intelligens,
442 3850 610 3937 tibimetipsi
627 3872 662 3916 an
679 3852 736 3917 tuis
753 3851 999 3918 nusnnltatnribns
1013 3852 1109 3935 mnpis
1126 3850 1220 3915 lrandi

68 3952 163 4030 luisti,
186 3953 254 4017 dum
271 3973 288 4015 a
305 3973 393 4018 sauro
409 3963 511 4018 saneta
529 3954 646 4019 divinae
664 3956 798 4020 veritatis
816 3956 871 4019 fide
889 3956 1005 4040 longius
1020 3953 1169 4019 exeidisti.

149 4050 268 4118 Etenim
284 4055 382 4141 reipsa
401 4055 515 4140 quidem
537 4055 593 4120 bon
611 4056 661 4121 ille
682 4056 775 4137 dixit,
809 4061 873 4138 Ego
892 4079 953 4118 anm
970 4061 1096 4138 primae,
1121 4068 1152 4119 et
1166 4079 1219 4138 ego
1238 4065 1299 4175 cap.
1309 4067 1364 4118 ιιι.

62 4162 215 4238 portarier,
240 4169 271 4220 et
286 4169 405 4239 praeter
424 4179 468 4221 me
485 4181 541 4222 non
562 4171 607 4221 ert
627 4162 711 4221 eleba.
757 4157 904 4222 Nimirum
927 4159 1024 4243 plnres
1048 4157 1087 4222 dii
1109 4179 1219 4244 nequa·
1232 4131 1373 4188 ¹¹⁸⁴*

66 4281 151 4344 quam
168 4261 314 4338 existunt,
337 4262 390 4325 sed
410 4283 486 4327 unns
500 4262 643 4326 duntaxat
660 4261 770 4347 primns
784 4282 819 4326 ao
835 4261 992 4349 posterior,
1016 4272 1110 4348 pater,
1130 4261 1218 4339 lilius,

67 4372 97 4426 et
112 4364 230 4449 spiritus
247 4375 386 4447 sanetus,
410 4383 469 4430 nnn
487 4374 520 4429 nt
536 4365 668 4430 ennlnaio
685 4366 827 4451 qnondam
844 4364 959 4429 trinitas
977 4365 1026 4432 illa
1043 4364 1093 4446 sit,
1118 4375 1168 4429 nnt
1183 4363 1218 4428 ab
