3116 4934
262 217 274 236 ⁸
351 239 487 296 causan
502 236 566 294 nra
580 241 613 296 ιι.
629 239 712 295 rone
727 241 747 294 ι.
763 238 967 294 uaenuxtv.
1177 227 1237 297 ιιι

87 371 176 446 etque
195 334 339 432 eiusmodi
359 381 482 448 pceoam
499 369 681 440 statuerent,
705 370 737 426 ut
750 360 789 424 ad
808 358 887 425 iilius
909 357 1025 444 corpori
1043 369 1174 445 stuprum
1197 360 1242 427 in·

89 463 242 528 terendum
256 463 433 550 Aethiopem
448 473 664 548 compararent.
708 462 756 527 Ad
775 461 847 528 baec
864 457 1012 544 Origenes
1029 462 1243 528 iraudulentum
1279 511 1283 521 .

19 579 27 668 p
85 565 153 628 illud
173 565 281 632 diaboli
298 565 452 630 consilium
475 587 535 630 noa
558 566 708 632 sustinens
730 585 834 628 vocem
851 563 927 626 illem
945 564 1034 627 edidit
1052 584 1108 647 qua
1127 563 1240 631 duobus
1315 559 1317 564 ’

85 667 141 732 illis
165 668 342 754 propositis,
366 669 536 733 sacrificare
552 667 663 732 maluit.
708 663 893 751 Quamquam
916 686 974 730 ncn
993 665 1112 730 cmainc
1133 675 1240 752 sponte

84 770 152 835 illud
171 791 226 835 sua
243 769 427 855 praestitisse
443 771 532 854 vulgo
548 770 665 849 dicitur,
689 769 741 834 sed
759 768 808 833 nbi
828 767 920 832 semel
939 767 995 832 bcc
1012 788 1046 832 se
1061 787 1129 834 esse
1148 771 1239 834 lactu·

85 893 148 938 rom
171 893 313 940 assensus
329 884 394 952 est,
417 884 464 938 tus
479 874 509 936 in
527 893 641 936 manum
659 872 737 936 illius
758 869 923 956 impositum
940 870 970 934 iu
987 871 1150 936 subiectum
1170 891 1240 937 arus

85 975 182 1040 iocum
198 977 372 1040 excussisse
386 975 512 1060 gentiles
532 985 680 1041 asserunt.
724 971 790 1038 Hoc
808 973 943 1037 modoet
961 993 978 1036 a
996 973 1128 1058 martyrii
1145 971 1239 1056 glorie

85 1079 290 1145 eoutesmrum
312 1088 547 1163 martyrumque,
571 1076 619 1161 qui
635 1075 712 1142 illius
733 1074 912 1160 temporibus
929 1085 1033 1154 eraut,
1057 1073 1164 1140 iudicio
1183 1095 1239 1140 es·

85 1179 165 1258 cidit,
192 1191 223 1244 et
238 1179 274 1244 ab
291 1180 416 1246 ccclesia
434 1179 566 1244 deiectus
581 1189 638 1243 est.
671 1178 789 1242 Accidit
804 1177 859 1240 boc
870 1176 1084 1258 Alexandriae,
1109 1176 1156 1240 nbi
1172 1198 1238 1244 cunt

84 1281 325 1367 exprobrantium
343 1281 471 1346 ludibria
495 1283 574 1346 ierre
596 1301 654 1345 nou
680 1291 796 1365 posset,
820 1277 900 1345 illinc
924 1279 1014 1358 abiit,
1038 1288 1067 1344 et
1085 1278 1116 1344 in
1132 1275 1238 1345 Palae·

84 1383 178 1462 edna,
202 1383 269 1448 sive
293 1381 419 1464 ledaea,
444 1383 621 1448 domicilium
647 1381 809 1448 constituit.
854 1377 945 1447 Forte
970 1379 1095 1466 contigit
1115 1393 1147 1446 nt
1164 1379 1238 1444 ttic-

84 1486 262 1571 rosolpmam
281 1487 447 1571 proiectus,
471 1498 503 1551 ut
525 1495 590 1550 eret
609 1505 759 1550 sacrarum
781 1483 931 1548 literarum
953 1484 1091 1568 egregius
1113 1494 1144 1547 et
1166 1505 1234 1550 ene·

84 1588 245 1652 ditissimus
261 1588 425 1673 interpres,
448 1588 485 1652 ab
503 1589 687 1654 secerdotum
705 1587 830 1671 collegio
848 1589 926 1670 (nam
943 1597 975 1650 et
987 1585 1052 1672 ipse
1068 1587 1233 1673 priusquam

83 1691 265 1754 aaeniiceret
280 1691 316 1754 ad
333 1690 491 1760 sacerdotii
508 1691 630 1775 gradum
648 1687 821 1775 pervenisse
837 1689 954 1771 dicitur)
977 1689 1013 1752 ad
1031 1689 1120 1754 verba
1139 1689 1169 1754 in
1188 1710 1237 1754 ec·

84 1793 173 1858 alesia
200 1792 332 1856 taeienua
354 1792 576 1858 sollicitaretur.
621 1787 755 1876 Cumque
776 1791 813 1856 ab
835 1791 889 1870 iis,
920 1791 963 1856 nti
986 1790 1067 1871 dixi,
1096 1791 1145 1877 qui
1168 1803 1236 1856 tuac

82 1895 296 1960 sacerdotalem
319 1894 349 1958 in
368 1895 494 1960 ecclesie
514 1893 684 1980 dignitatem
706 1892 895 1972 obtinebant,
918 1894 948 1957 vi
971 1895 1176 1980 propemodum
1200 1896 1236 1963 ed

82 1998 106 2062 id
130 1997 279 2081 agendum
301 1996 519 2081 impelleretur,
542 1996 621 2063 iiie
612 2019 643 2062 ιι
666 1999 756 2082 pedes
778 2016 978 2078 consurgens,
1002 1996 1123 2080 reliquis
1141 1997 1236 2062 versi

80 2099 135 2166 bes
151 2098 382 2184 praetermissis,
400 2109 551 2184 postquem
569 2098 645 2164 bunc
659 2119 754 2162 unum
762 2119 779 2162 ο
794 2099 904 2185 psalmo
918 2099 1141 2183 quadragesimo
1156 2119 1235 2165 nouo

82 2202 177 2266 locum
195 2202 361 2266 attulisset:
385 2205 535 2264 Peccatori
545 2213 638 2264 auum
654 2203 827 2277 mesdeus,
853 2205 947 2280 Quare
963 2213 994 2264 ta
1011 2223 1131 2264 murras
1152 2208 1234 2266 ιἰιιιι-
1251 2201 1344 2308 13·ῐῇ

81 2310 134 2366 ta'aa
157 2326 251 2378 rums,
275 2315 306 2366 et
326 2309 446 2367 maumas
464 2309 655 2368 sumamma
673 2325 761 2366 areum
777 2325 832 2385 par
854 2326 886 2366 oa
907 2311 1005 2368 mura?
1032 2304 1234 2390 complicatum

81 2405 187 2470 librum
207 2406 349 2485 reddidit,
372 2407 505 2490 densque
523 2417 553 2470 οι
568 2406 724 2472 lacrimans
739 2406 865 2486 resedit,
889 2404 1026 2470 flentibus
1047 2424 1111 2470 cum
1130 2427 1167 2470 eo
1185 2407 1234 2492 qui
1280 2463 1281 2468 ,

81 2509 205 2574 aderant
225 2507 386 2575 nniversis.

163 2607 312 2676 Poetbaec
333 2610 432 2676 multis
456 2610 657 2689 donantibus,
680 2611 740 2674 imo
760 2609 950 2695 cogentibus,
974 2630 991 2672 ο
1008 2609 1160 2676 Ambrosii
1181 2631 1232 2676 eu·
1252 2614 1311 2684 cap.
1325 2617 1369 2667 111.

79 2711 191 2777 lesdam
208 2712 267 2778 viri
280 2715 359 2778 inter
371 2711 522 2778 Palatinos
537 2711 666 2800 primarii
684 2711 880 2778 familiaritate
896 2732 967 2777 usus
985 2711 1083 2796 (quem
1103 2711 1235 2778 nonnulli

79 2811 323 2894 Marcioniatanr,
347 2815 396 2880 alii
416 2813 614 2881 sabellianum
640 2816 732 2880 irrisae
749 2815 924 2898 memorant)
948 2814 1014 2878 buic
1032 2814 1089 2899 ipsi
1111 2824 1143 2878 ut
1165 2815 1234 2880 bae·

79 2917 158 2980 resin
179 2918 311 2982 eiuraret
326 2939 361 2982 an
379 2918 547 2995 damnaret,
570 2927 659 3002 etque
676 2916 819 2982 ecclesiae
835 2916 996 2981 catbclicac
1017 2917 1103 2982 fldem
1125 2917 1234 3002 ampie-

79 3028 236 3098 rteretur„
248 3030 353 3084 auctor
367 3019 478 3084 extitit.
523 3018 699 3084 Ambrosios
715 3039 800 3098 vero,
825 3040 889 3084 curn
905 3019 1041 3084 haeresin
1056 3039 1234 3106 magnopere

77 3120 247 3205 inplicatus
266 3121 409 3186 hactenus
427 3121 547 3200 luisset,
572 3131 603 3185 et
618 3121 749 3187 eruditus
769 3119 877 3205 alioqui
897 3143 932 3186 ac
949 3122 1113 3186 divinarum
1135 3123 1251 3208 illese·¹

78 3243 140 3288 rom
166 3223 473 3308 inprimiastudiosus
496 3233 595 3301 esset,
624 3233 744 3308 propter
765 3223 996 3302 sententiarum,
1028 3243 1103 3308 quae
1129 3223 1233 3288 iisdem

77 3327 174 3390 sacris
191 3325 341 3390 codicibus
360 3326 559 3404 condreatur,
584 3325 807 3410 profunditatem
828 3325 864 3388 ab
881 3321 1012 3410 Origene
1029 3325 1188 3411 postularit
1203 3337 1236 3391 ut

77 3445 111 3490 ca
128 3427 188 3490 sibi
205 3427 449 3513 interpretatione
467 3449 521 3492 sua
538 3427 728 3514 patefaceret.
775 3423 834 3510 Qui
857 3439 889 3492 ut
911 3427 1038 3492 hortanti
1060 3427 1231 3509 Ambrosio,

77 3550 129 3613 pro
146 3551 186 3593 eo
203 3541 292 3614 atque
309 3529 351 3593 illi
366 3529 564 3615 congruebat,
589 3529 791 3608 satisfaceret,
815 3530 983 3595 universam
1001 3529 1174 3616 scripturam
1189 3531 1233 3594 in·

77 3633 291 3718 terpreteticne
310 3651 364 3696 sua
386 3643 417 3695 et
434 3631 642 3739 expositione
640 3632 790 3699 declarare
812 3633 965 3700 instituit.
994 3630 1211 3717 Proinderpue
1202 3651 1232 3696 ιι
1274 3639 1276 3648 “

76 3735 147 3800 orbe
167 3733 274 3820 Tyro,
298 3755 373 3819 quae
388 3731 570 3800 Phoeniciae
585 3744 647 3812 est,
672 3731 774 3818 viginti
789 3745 858 3800 octo
873 3755 967 3801 annos
986 3735 1143 3801 excellenti
1161 3754 1232 3820 que·

76 3836 139 3901 dam
162 3838 245 3901 vitae
267 3837 383 3901 ratione
402 3836 432 3900 in
449 3837 509 3900 otio
526 3857 561 3900 ec
578 3835 792 3900 commentandi
809 3837 911 3903 labore
928 3837 1089 3921 transegit.
1114 3857 1180 3900 cum
1202 3848 1230 3901 et

74 3936 257 4004 Ambrosius
281 3959 356 4023 quae
374 3938 409 4002 ad
427 3937 586 4003 alendum
578 3959 671 4026 ipsum
688 3957 746 4002 une
763 3959 828 4004 cnm
849 3939 978 4004 librariis
995 3959 1030 4002 ac
1052 3939 1159 4003 ceteris
1181 3939 1232 4006 ad·

74 4075 203 4142 prlon'bec
190 4073 349 4157 cprcmissis
363 4073 445 4125 ἰιιιιιιι
446 4083 498 4136 tes,
522 4072 640 4142 imposito
674 4073 799 4198 (Ὕτῶν

74 4143 191 4222 maenibus
162 4143 383 4206 caesustnre,ra
356 4141 537 4213 mccisiimpd
539 4143 641 4194 onido·
805 4145 1121 4211 ,pommeranorum
1147 4146 1233 4198 mmet

75 4209 279 4296 cianimpesautss
672 4225 702 4262 ec
717 4215 807 4264 comen
805 4183 830 4263 ’tc
846 4215 1000 4275 prmmdactt.

106 4275 414 4333 ammentant
392 4297 429 4339 ως
441 4295 519 4344 pre
503 4277 599 4340 wabrie
709 4281 768 4331 Care
786 4281 882 4333 ut.-
926 4280 945 4331 t.
972 4281 1147 4343 ttclcprceter
1161 4285 1232 4333 Petc·

106 4347 162 4400 6
152 4345 358 4432 προτρεπόμενος
378 4351 430 4400 cod.
446 4351 543 4414 Rbsdip.
577 4349 642 4398 naar
673 4353 739 4420 mum
756 4352 883 4402 comanus
897 4357 989 4412 ᾳιιοοιιο
1003 4350 1059 4399 baec
1073 4351 1145 4400 nebo
1160 4352 1185 4400 la
1186 4356 1232 4400 ter·

73 4418 297 4482 ιιι-ιιιώοιιπροτ
344 4413 641 4498 emmeramensem-
671 4423 843 4482 panaces,
867 4419 982 4469 nudem:
1008 4433 1057 4485 qaue
1058 4415 1231 4486 serudchem

73 4489 234 4567 enituere
300 4481 400 4538 acardi.
428 4487 698 4620 uatunccpcepewa
672 4485 817 4537 sumena
803 4501 899 4536 ιοοιιοι
917 4493 1013 4536 nomme
1048 4483 1150 4552 Alpesne
1174 4487 1230 4536 tet

75 4539 248 4620 mmccc'c
205 4569 258 4618 coa,
272 4555 311 4604 cet
322 4567 547 4622 aporpaacpaecec
565 4571 577 4607 e
604 4569 641 4613 ue
672 4559 706 4608 ot
721 4551 851 4624 φιλοιιγία
867 4558 908 4605 cut
925 4551 1072 4623 φιλομαθία.
