3128 4930
357 273 493 330 canaan
512 276 617 328 nunu.
634 277 715 328 non.
728 279 746 328 r.
764 270 917 328 assant.
1176 255 1212 329 st

71 398 154 462 tatius
174 397 313 462 historiae
332 417 429 462 nexus
449 407 512 475 est,
536 417 635 460 secum
658 397 721 482 ipse
744 397 949 474 eonsentiens,
979 415 1034 460 nee
1056 397 1113 462 uida
1134 409 1217 483 parte

71 503 225 580 dissidens,
251 512 283 564 ut
300 511 330 564 et
345 500 506 563 charissima
529 498 569 562 sit
588 511 736 582 gestarum
758 520 855 563 rerum
875 501 985 562 veritas
1005 509 1034 562 et
1054 499 1218 564 certissime

71 605 258 687 pmedieatnr.
306 600 350 666 lta
369 603 446 666 enim
463 602 663 688 evangelistae
680 604 770 666 ceteri
789 613 944 680 testantur,
967 613 1045 666 metu
1062 603 1140 667 iiiam
1159 601 1218 665 tte-

71 707 143 768 rndis
164 709 293 791 fugisse,
325 726 360 769 ac
385 715 449 790 post
470 707 567 788 iugem
589 705 755 769 venientem
783 705 914 768 haesisse
932 703 1089 768 Nazareti.
1135 703 1219 770 Unde

71 809 196 894 baptismi
215 829 321 872 caussa
341 809 492 891 digressus
518 818 584 894 post
606 809 682 873 hune
705 808 831 872 secessit
850 809 879 870 iu
899 809 1058 871 desertum.
1103 805 1218 872 Deinde

71 915 180 976 rediens
203 897 375 997 praedicare
399 918 444 973 cst
465 931 636 994 eggressus.

147 1016 288 1092 Atenim,
312 1014 461 1097 inquiunt,
487 1015 613 1077 mendax
630 1025 675 1078 est
695 1014 802 1076 editum
820 1013 937 1077 numine
953 1011 1072 1077 ioannis
1093 1033 1220 1097 evange·
1261 990 1354 1110 xciiij·

72 1117 145 1180 dium.
190 1114 352 1202 Postquam
371 1116 447 1179 enim
467 1118 522 1180 ista
543 1117 635 1180 dixit:
667 1119 785 1178 tntum
803 1139 871 1178 caro
892 1119 988 1198 sachar
1010 1129 1067 1191 est,
1093 1129 1121 1178 et
1141 1119 1373 1197 habitassent.

71 1225 178 1282 tantais
196 1222 295 1292 nobee,
321 1220 435 1302 aliaque
457 1219 613 1296 anartuiha,
637 1219 734 1282 statim
752 1219 866 1282 adiicita
891 1223 1023 1300 ¹Nuptiae
1034 1223 1136 1302 saetae
1156 1232 1224 1282 eunt

71 1327 96 1384 ia
111 1327 187 1384 Cana
206 1325 360 1384 Galilaeae.
407 1319 474 1388 Nec
494 1321 661 1404 intelligunt
679 1321 745 1401 isti,
770 1323 817 1406 qui
835 1344 898 1384 cam
915 1323 969 1384 sibi
987 1323 1063 1385 uitro
1080 1323 1221 1385 insaniam

70 1436 232 1502 arcessunt,
259 1422 397 1488 lnarrnem
415 1435 479 1510 post
496 1425 561 1488 ilias
576 1447 683 1502 nuces,
707 1430 748 1487 Et
761 1427 873 1486 verbena
890 1445 958 1487 carc
966 1428 1078 1509 sactum
1093 1437 1145 1499 est,
1170 1425 1220 1487 ad·
1230 1448 1306 1493 roano.
1314 1451 1372 1506 1,1r.

71 1527 191 1605 didisse,
216 1531 259 1589 Et
273 1529 412 1589 hahr'tnait
428 1533 457 1590 in
474 1530 571 1601 nabab,
598 1531 672 1610 quod
692 1528 768 1590 idem
785 1539 848 1604 est,
873 1539 960 1611 atque
980 1528 1124 1590 huminem
1145 1527 1222 1590 exti-

71 1632 152 1693 tisse:
179 1639 335 1714 praeterea
358 1632 393 1694 ad
414 1629 552 1693 ioannem
578 1629 730 1714 baptistam
756 1640 784 1692 ct
804 1627 957 1694 iordanem
983 1630 1162 1710 accessisse,
1187 1629 1223 1693 ah

71 1752 158 1816 coque
178 1733 377 1816 baptizatum,
403 1744 434 1795 ut
455 1733 529 1795 idem
550 1733 597 1796 ilie
618 1733 799 1816 erarrgeiista
818 1745 1044 1808 commemorat,
1070 1753 1134 1796 cunr
1158 1744 1224 1818 post

69 1835 139 1899 iiiam
163 1835 357 1898 tentationem
384 1836 588 1912 discessisset,
618 1855 683 1898 aum
704 1847 733 1897 et
754 1836 829 1898 istud
855 1833 981 1900 ioarrnes
1007 1836 1132 1920 baptista
1156 1857 1223 1920 pro-

70 1938 229 2002 nuntiarit:
262 1942 317 2000 Hic
332 1949 377 2000 est
394 1941 430 1998 de
447 1959 502 2019 pan
517 1941 583 1999 dr'nt'
601 1940 687 2000 oahr's.
736 1935 827 2001 item:
860 1943 927 2000 Vidi
944 1943 1073 2019 spiritum
1095 1951 1311 2001 sanctarenae.

68 2045 274 2102 descendentem
298 2045 328 2102 in
344 2047 436 2121 specte
457 2043 616 2116 columbae,
640 2053 671 2102 et
686 2053 838 2102 manentem
856 2062 943 2122 snper
960 2047 1065 2122 speram,
1092 2051 1138 2104 ets
1170 2045 1224 2104 Hic

69 2156 110 2204 est
124 2147 270 2225 qar'tolh't
286 2155 433 2224 peccatam
452 2148 557 2206 mnndi.
605 2143 825 2207 hrrintadvertis
849 2143 938 2227 igitur
962 2144 1032 2207 nihii
1055 2144 1091 2206 ab
1114 2163 1150 2207 eo
1173 2166 1225 2228 per

70 2245 246 2309 obtivionem
263 2267 330 2310 esse
347 2246 549 2329 praeteritum,
574 2248 625 2310 sed
645 2267 679 2308 ea
699 2247 842 2309 duntaxat
859 2247 959 2310 relicta
981 2269 1054 2332 quac
1070 2248 1127 2309 iam
1145 2245 1224 2310 Mat-

70 2348 171 2412 thaeus
185 2360 378 2434 exposuerat.
419 2345 533 2430 Quibus
552 2371 616 2411 cum
637 2349 706 2412 nihii
721 2371 794 2434 opus
811 2360 875 2414 eret
890 2350 1026 2434 amplius,
1050 2361 1109 2412 tum
1126 2349 1225 2412 diviua

69 2451 113 2513 iiia
129 2452 292 2514 adhihenda
311 2473 388 2529 vox,
414 2473 470 2535 qua
485 2473 584 2516 eorum
603 2451 728 2534 iugulari
755 2462 856 2536 posset
873 2473 958 2515 error
977 2452 1024 2536 qni
1041 2448 1190 2514 Christum
1207 2473 1224 2516 a

71 2549 165 2618 diaria
183 2565 313 2630 tantum,
339 2565 425 2638 etque
443 2573 482 2616 ex
503 2555 552 2615 iiio
569 2553 691 2637 primum
710 2565 839 2637 tempore
860 2554 1038 2618 nominatum
1056 2555 1222 2631 crederent,

71 2657 174 2740 quoique
190 2657 236 2718 dei
255 2657 342 2718 titium
361 2656 467 2720 nudum
487 2655 632 2718 hominem
652 2657 742 2720 inisse
761 2659 910 2733 dicerent,
935 2659 1116 2740 eundemque
1136 2657 1224 2720 certis

72 2759 292 2823 accessionibus
310 2771 340 2822 et
356 2759 546 2822 interementis
567 2779 602 2820 eo
625 2779 830 2843 progressum,
863 2771 893 2822 nt
915 2759 963 2822 hiii
989 2761 1033 2822 dei
1058 2760 1226 2844 appeliatio-

72 2881 135 2924 nem
154 2863 314 2924 ohtinerct.
353 2858 400 2924 ttt»
414 2861 441 2922 id
463 2859 588 2925 ioannes
606 2883 669 2924 eam
685 2862 740 2924 sibi
759 2871 869 2948 partem
887 2863 1097 2946 deposcendum
1117 2863 1227 2946 pertavit

72 2985 144 3046 qnae
162 2965 332 3027 necessaria
350 2965 511 3026 rideretur.
558 2961 643 3026 Licet
660 2966 735 3027 enim
753 2987 854 3048 magna
872 2967 968 3027 arnoia
988 2966 1045 3028 sint
1065 2985 1100 3027 ae
1124 2985 1226 3028 neces·

72 3067 162 3144 saria,
188 3078 287 3130 tamen
309 3067 337 3128 in
354 3066 461 3129 divinis
479 3067 659 3151 potissimum
680 3065 861 3152 explicandis
879 3089 912 3130 ac
933 3069 1052 3130 cneirsti
1070 3067 1118 3130 iiia
1137 3067 1226 3130 admi·

72 3170 243 3232 distentione
268 3169 383 3232 debxus
411 3179 468 3232 est.
515 3167 600 3252 Quod
629 3170 717 3254 igitur
743 3167 862 3232 lucrinis
886 3169 1071 3253 evangelium
1097 3169 1133 3232 ob
1157 3170 1184 3232 id
1209 3191 1225 3232 a

73 3293 146 3336 novo
166 3283 344 3336 testamento
366 3271 520 3357 repudiant
537 3293 591 3334 nec
609 3272 779 3352 admittunt,
804 3275 879 3356 quod
902 3295 959 3335 non
979 3295 1044 3335 cerm
1067 3273 1131 3336 aliis
1152 3273 1225 3336 haud

73 3377 142 3442 setis
165 3375 352 3452 consentiat,
377 3395 491 3436 stimmo
513 3375 542 3436 in
566 3395 668 3438 errore
690 3395 724 3437 aa
747 3377 852 3438 ruentis
876 3376 1018 3439 caecitate
1035 3386 1203 3439 versantur.

155 3477 275 3541 Etenim
290 3477 493 3540 sanctissimus
510 3477 555 3540 hic
570 3476 749 3560 euangelista
768 3479 871 3540 ordine
886 3499 921 3540 ac
935 3477 1125 3541 successione
1142 3487 1378 3560 quar-cap.x1x.

74 3591 134 3660 tus,
166 3603 219 3662 ae,
250 3578 366 3642 tametsi
392 3581 502 3664 primm
526 3590 609 3642 esset
631 3581 776 3657 omnium,
808 3580 953 3643 scribendi
978 3589 1072 3643 umen
1097 3590 1226 3661 tempore

74 3697 256 3768 postremus,
282 3701 356 3766 qutte
375 3693 442 3745 ante
461 3703 494 3746 se
514 3682 663 3769 praeclare
681 3692 766 3745 erant
790 3684 913 3746 aliorum
933 3705 1023 3767 opera
1045 3684 1157 3764 digesta
1180 3701 1227 3742 re·

73 3797 171 3872 petere
188 3785 300 3862 notuit,
323 3786 375 3848 sed
392 3795 459 3848 ante
475 3805 527 3862 ea,
552 3806 626 3869 quae
644 3787 700 3848 iam
717 3785 792 3849 dieta
809 3787 941 3862 inerant,
965 3806 1039 3868 quae
1063 3806 1119 3846 nort
1143 3793 1228 3845 crant

73 3889 147 3952 dicte
174 3887 341 3974 proposuit.
386 3885 555 3950 Matthaeus
583 3889 697 3972 quidem
730 3888 766 3951 ah
794 3889 944 3951 Abraamo
969 3887 1114 3950 scribendi
1143 3885 1226 3948 initio

75 3993 150 4056 iacto
170 4005 236 4078 post
252 3990 428 4054 incunabula
448 3985 558 4054 Christi
577 4003 606 4053 et
628 3991 750 4054 aiterum
772 4013 789 4054 a
806 3991 892 4054 natali
910 3991 975 4054 eius
995 4009 1101 4052 artuum
1125 4010 1227 4054 narra·

73 4095 181 4158 tionem
206 4093 350 4181 pertenit.
396 4090 518 4157 Marcus
540 4115 613 4156 vero
637 4093 672 4155 ab
696 4115 724 4156 a.
747 4091 821 4156 XV.
843 4092 976 4169 Tiberii,
1000 4093 1226 4176 circumscriptis

73 4199 160 4260 medii
177 4196 318 4281 temporis
337 4195 425 4258 rebus
442 4185 703 4279 gestis,'exursus
722 4206 778 4258 est.
823 4195 866 4258 At
880 4192 980 4258 Lucas
1003 4194 1089 4258 altius
1109 4194 1164 4257 ista
1181 4217 1227 4258 rc·

74 4311 176 4384 petens
193 4301 230 4362 ab
247 4320 283 4362 eo
301 4309 431 4383 tempore
454 4300 550 4383 coepit
568 4299 643 4382 quod
664 4293 777 4362 Christi
801 4309 895 4362 ortum
916 4299 1092 4376 antecessit,
1117 4309 1147 4360 et
1169 4309 1226 4360 tam

75 4403 161 4466 huius
183 4423 269 4486 quam
287 4399 407 4466 loannis
428 4400 458 4464 in
472 4399 589 4469 Murice
605 4413 693 4486 atque
710 4399 860 4467 Elisabeth
878 4412 962 4466 utero
984 4411 1155 4486 conceptum
1174 4421 1226 4462 ex-

74 4505 184 4590 posuit.
231 4503 358 4568 loannes
376 4505 499 4588 denique
516 4516 680 4590 postremus
697 4507 841 4570 accedens
858 4504 998 4570 citissime
1017 4504 1144 4567 omnium
1161 4521 1229 4564 riar-

131 4603 221 4661 (herpes
234 4602 369 4647 flecterent.
383 4601 411 4645 ll.
424 4603 445 4646 2.
1005 4611 1025 4673 6
