3154 4930
350 239 757 300 raunarrmu.u.n0m.rr.
776 235 977 292 uranuxvr.
1178 219 1239 290 485

94 359 158 426 bula
175 361 350 426 consistere.
389 356 688 446 Eteurimprinsquam
704 359 835 424 interris
853 369 934 424 esset
954 359 1039 422 homo
1052 377 1126 443 quae
1143 357 1241 444 appel·

95 463 134 528 lat
148 463 292 528 clementa
317 464 456 549 producta
478 463 586 542 luisse,
610 462 788 550 perindeque
813 473 844 526 ct
866 481 960 525 vanos
983 461 1048 525 illos
1066 461 1155 525 cados
1178 483 1240 524 mo-

95 565 206 652 lemque
225 568 371 646 deleudit,
396 587 480 651 quam
503 565 637 630 iucundis
653 565 823 650 quibusdem
838 563 1079 649 appellationibus
1101 564 1167 627 ideo
1190 564 1240 627 de-

94 667 194 733 scribit
214 679 246 733 ut
266 691 284 733 a
305 689 338 733 se
360 669 490 753 deceptis
512 667 676 733 bominibus
697 666 811 731 illudet.
1127 657 1130 663 '

173 769 252 838 Nam
268 793 308 838 ex
321 771 384 856 ipsa
398 771 561 836 divinarum
576 771 785 856 scripturarum
801 769 879 834 serie
895 767 1011 833 cuilibet
1030 767 1163 856 prudenti
1177 786 1239 834 tna·
1263 783 1322 851 Gap.
1333 783 1374 834 ιι.

94 875 307 954 nilamonem,
331 885 485 958 antequam
504 873 611 957 primus
630 883 731 936 noster
748 892 854 957 parcos
870 872 1001 935 Adamus
1023 892 1038 934 a
1057 872 1112 935 dco
1133 873 1240 935 torma·

94 987 190 1055 retur,
222 977 269 1040 die
295 986 398 1062 quarto
424 996 489 1041 cum
514 975 762 1059 reliquentem,
794 984 854 1038 tum
877 975 987 1039 maiora
1007 975 1063 1037 duo
1087 973 1239 1060 producta.

94 1079 132 1142 Αι
152 1079 218 1157 ille,
249 1077 357 1159 Venit,
381 1078 493 1164 inquit,
516 1078 666 1142 duodenos
684 1089 715 1142 nt
736 1076 824 1142 cados
841 1077 1015 1156 lubricant,
1039 1075 1093 1140 snb
1115 1073 1240 1139 bominis

93 1180 207 1267 specie,
231 1191 318 1266 atque
336 1181 478 1246 eiusmodi
496 1179 660 1244 homiuibus
677 1179 821 1264 apparuit.
869 1175 902 1241 ln
920 1199 976 1264 quo
995 1189 1086 1243 totam
1100 1177 1178 1242 illam
1197 1175 1241 1240 in·

93 1284 268 1349 carnationis
285 1282 567 1348 administrationem
589 1281 729 1366 ignorans
753 1281 851 1344 dioere
874 1301 907 1344 sc
925 1281 1112 1346 nibilominus
1133 1278 1240 1364 aliquid
1314 1339 1318 1348 .

93 1385 255 1465 existimat,
280 1407 315 1450 ar.
333 1385 412 1450 velut
432 1405 539 1450 caecus
556 1385 743 1469 semetipsum
761 1384 891 1468 dirigens
905 1383 962 1464 iis,
985 1405 1108 1469 quorum
1127 1383 1240 1447 animos

92 1488 273 1568 occaecavit,
298 1487 410 1574 reliqua
426 1486 564 1572 deinceps
579 1486 730 1550 mendacia
747 1487 893 1550 narrando
911 1487 1050 1572 pertexit.
1097 1483 1174 1548 Mox
1187 1505 1239 1548 an-

93 1600 147 1653 tem
163 1603 195 1654 ut
212 1593 317 1660 adesse
338 1590 448 1654 veritas
467 1589 581 1674 coepit,
612 1600 642 1652 et
658 1588 831 1673 sapientium
852 1589 980 1652 virorum
1006 1587 1148 1651 benedicio
1171 1607 1241 1650 onu-

91 1692 133 1758 los
148 1693 277 1779 aperire,
296 1702 356 1758 tota
373 1693 445 1757 baec
462 1691 557 1757 tabula
574 1692 602 1755 in
622 1691 712 1755 risum
731 1711 765 1753 ac
781 1689 935 1755 ludibrium
953 1689 1133 1754 dissolvitur.
1167 1685 1241 1771 Qui-

91 1793 142 1860 bus
160 1796 236 1860 enim
256 1797 370 1860 mndcm
389 1795 570 1874 bominibus,
594 1793 642 1877 qui
658 1792 728 1857 nulli
746 1803 840 1871 erant,
865 1811 1006 1878 apparere
1024 1791 1136 1878 potuit?
1158 1789 1240 1875 Quo·

94 1899 178 1962 modo
194 1917 267 1962 vero
292 1898 416 1962 bominis
438 1897 536 1983 specie
559 1895 651 1960 videri
669 1905 800 1980 poterat,
830 1895 877 1980 qni
896 1894 1004 1959 nullum
1020 1912 1126 1979 corpus
1140 1891 1241 1956 induc·

92 2004 154 2064 ratt
199 2001 245 2064 Ao
268 2001 293 2064 si
316 2011 394 2079 tum,
419 2020 483 2064 oum
501 2019 591 2064 carue
616 1997 764 2084 praeditus
782 1998 917 2078 aduenit,
948 1996 1070 2082 pertenit
1092 1995 1179 2075 illud,
1211 2004 1243 2058 nt

91 2103 165 2186 quod
194 2123 253 2170 uon
279 2114 344 2166 eret
372 2123 440 2166 esse
463 2103 631 2181 videretur,
665 2111 755 2164 totum
783 2101 851 2166 illud
874 2100 1022 2185 negotium
1050 2097 1120 2162 nibil
1142 2096 1242 2162 babuit

90 2215 208 2288 praeter
231 2205 396 2291 opinionem
418 2225 453 2268 ec
470 2204 615 2288 speciem3
647 2223 738 2288 quare
763 2223 858 2288 neque
880 2202 1014 2287 apparuit
1037 2221 1130 2286 neque
1146 2202 1239 2264 venit.

91 2304 167 2371 Nam
184 2307 209 2371 si
227 2307 341 2392 qnando
357 2306 440 2371 acuit
458 2327 491 2369 re
508 2307 571 2392 ipsa
587 2327 645 2370 nou
664 2315 744 2385 erut,
776 2325 813 2369 ne
832 2305 951 2369 venisse
970 2301 1083 2388 quidem
1102 2301 1241 2366 dicendus
1269 2350 1274 2362 .

17 2477 18 2482 .
92 2419 146 2472 est.
193 2407 279 2493 and
298 2409 322 2475 ei
340 2409 426 2473 bomo
442 2429 510 2473 esse
533 2407 725 2485 credebatur,
749 2427 804 2470 nec
821 2427 854 2470 re
872 2405 934 2492 ipsa
954 2415 1049 2468 tamen
1069 2414 1150 2484 erat,
1174 2403 1241 2489 quid

92 2522 155 2575 crat
172 2513 248 2596 qnod
264 2512 394 2576 divinum
411 2511 533 2578 uerbum
553 2520 674 2594 urgeret
688 2493 761 2576 adeo
783 2519 815 2573 ut
830 2510 916 2572 bomo
934 2527 998 2572 cum
1019 2528 1078 2571 non
1096 2517 1177 2571 esset
1189 2527 1241 2590 ap-

91 2615 228 2698 parcrctl
255 2612 324 2678 Nisi
342 2616 417 2678 torte
433 2637 451 2679 a
469 2613 662 2679 oreditoribus
678 2622 818 2691 venetus,
840 2631 918 2675 novo
934 2609 989 2674 boc
1006 2609 1085 2674 cultu
1100 2629 1133 2672 nc
1148 2609 1242 2693 ligura

91 2714 272 2780 barontane
300 2717 428 2802 scipsum
457 2715 562 2796 vellet,
597 2727 629 2779 ut
656 2736 707 2780 cos
733 2737 750 2779 u
779 2713 883 2800 quibus
907 2711 1101 2800 quaerebatur
1121 2711 1239 2775 lateret.

91 2813 206 2881 Deinde
225 2817 340 2902 siquod
358 2839 417 2882 non
434 2829 499 2882 erat
518 2839 584 2883 cese
602 2817 684 2902 visus
702 2827 765 2896 cet,
790 2836 931 2901 quaenam
951 2817 1024 2880 hacc
1042 2814 1151 2878 veritas
1169 2813 1241 2877 tutet

89 2919 183 2984 Abest
200 2919 276 2984 enim
295 2919 452 2986 averitete
469 2921 671 3000 mendacium,
696 2940 749 3004 pro
765 2939 801 2982 en
820 2939 854 2982 ac
872 2920 907 2982 dc
931 2939 964 2982 sc
980 2915 1156 3002 Unigenitus
1178 2917 1240 3002 ipen

91 3029 232 3085 testatore
255 3025 397 3103 Egeram
414 3027 518 3086 nerim
532 3035 561 3085 ct
576 3027 643 3106 m'tu.
690 3019 760 3086 Vita
778 3021 880 3084 mortis
898 3031 944 3084 est
960 3041 1080 3105 expers.
1117 3017 1239 3083 Veritas

90 3124 278 3187 mutationem
295 3123 402 3188 nullam
418 3125 562 3204 sustinet,
592 3145 628 3188 ue
652 3123 688 3189 ab
706 3143 740 3187 ea
759 3121 927 3208 perturbata
947 3120 1058 3185 veritus
1079 3141 1145 3186 esse
1164 3119 1242 3210 desi7

89 3236 150 3288 nat.
187 3222 384 3308 Quamobrem
404 3226 462 3290 ruit
478 3227 573 3290 omnis
590 3225 667 3292 illius
682 3227 873 3310 undequaque
889 3224 1049 3308 tragoedia.
1094 3219 1172 3285 Nam
1190 3243 1241 3285 nc-

89 3347 144 3410 que
167 3338 235 3413 post
257 3329 412 3392 adventurn
430 3328 537 3392 domini
558 3329 698 3393 fabricate
716 3338 784 3392 snut
799 3327 912 3404 sidem,
936 3347 991 3390 nec
1011 3323 1143 3388 homines
1157 3331 1241 3387 aute-

89 3449 175 3512 quam
193 3429 241 3493 illa
259 3430 458 3496 conderentur
475 3431 656 3508 extiteruntq
680 3430 811 3514 adeoque
828 3441 885 3492 tam
904 3428 971 3492 bino
987 3449 1071 3513 quam
1087 3427 1185 3505 illinc,
1209 3436 1241 3489 ut

89 3541 175 3594 antea
198 3531 415 3611 demonstrari,
438 3530 633 3596 Manichacus
654 3531 798 3617 impostor
819 3531 973 3595 refellitur.

172 3630 250 3698 Nam
268 3635 344 3719 qood
360 3636 396 3698 de
413 3635 479 3699 luna
496 3633 589 3719 lingit,
613 3635 676 3698 eius
690 3631 790 3697 orbem
804 3633 930 3717 receptis
945 3630 1096 3696 animabus
1112 3629 1237 3714 impleri,
1257 3647 1381 3717 captat.

88 3735 176 3798 velim
194 3736 263 3800 mibi
283 3737 363 3800 dicas
388 3737 532 3822 quomodo
560 3737 635 3801 idem
661 3735 710 3801 ille
731 3735 811 3800 orbis
834 3734 947 3821 impleri
970 3735 1062 3821 potuit
1086 3743 1240 3817 antequam

89 3836 237 3902 bominum
255 3839 405 3924 quisquam
428 3839 457 3902 iu
475 3851 555 3904 terra
570 3848 745 3904 moreretur.
791 3834 825 3902 Si
848 3839 962 3924 quidem
988 3848 1053 3924 post
1076 3844 1241 3919 nongentos

88 3951 119 4003 ct
136 3940 256 4025 triginta
273 3961 386 4019 annos,
410 3961 483 4025 quos
498 3942 630 4006 ddamus
646 3942 740 4021 uixit,
764 3962 829 4005 oum
846 3941 955 4027 primns
971 3961 1012 4004 ex
1028 3939 1082 4003 bac
1100 3937 1161 4001 vita
1182 3936 1241 3999 rtis-

87 4042 197 4122 ceseit,
221 4043 322 4108 banne
336 4043 430 4129 potuit
449 4062 506 4108 una
522 4053 554 4108 ut
570 4044 669 4108 orbem
686 4043 783 4108 anima
799 4043 978 4129 compleret?
1008 4040 1135 4126 Quinam
1152 4060 1240 4125 porrn

85 4197 200 4248 Petuntur
221 4199 320 4250 mcum
337 4190 385 4252 eds
400 4199 524 4250 demum
544 4211 591 4250 erse
610 4213 649 4250 nr·
681 4201 742 4248 cntra
761 4199 924 4262 taterpretutuc
944 4201 978 4247 ert
1001 4193 1060 4263 qnid
1081 4193 1183 4262 urgebat
1199 4192 1241 4243 dei

85 4268 229 4326 peccone.
683 4264 785 4316 verbum
809 4275 836 4315 ut
851 4263 928 4315 homo
944 4273 1076 4332 appareret
1097 4278 1171 4331 quum
1187 4273 1240 4313 nou

119 4335 146 4384 o.
165 4335 240 4398 rupo
256 4323 313 4400 ἄρα,
682 4332 781 4400 enarr)
793 4335 957 4384 euremarus.
976 4329 1241 4398 restaurarentur.

119 4401 144 4454 3.
163 4389 214 4467 ἆρα
230 4405 298 4454 codd
316 4417 369 4454 nter.
717 4405 741 4453 b.
760 4399 804 4453 και
820 4417 867 4451 non
880 4403 948 4472 babel
962 4403 1012 4450 eod.
1028 4402 1124 4463 ltbedtq.

119 4466 145 4522 d.
165 4467 264 4554 inultus
292 4473 436 4523 mouerunt
461 4473 589 4524 Gmnnrtur
618 4471 651 4538 (ta
716 4467 741 4526 b.
758 4471 824 4521 btbrt
839 4483 893 4520 ntae
908 4470 1020 4534 prcebcnt
1036 4462 1111 4537 adrui.
