3116 4934
296 227 452 302 ,emersu
470 229 533 282 ure.
546 229 578 280 u.
595 227 677 282 rou.
690 230 712 280 ι.
729 227 829 280 usse.
843 229 912 279 mx.
1134 215 1194 280 189

66 345 88 410 in
108 357 218 432 peceato
241 347 394 412 bumanum
416 369 510 434 genus
535 347 683 448 incidere,
713 349 754 411 ita
779 369 893 412 rursum
918 347 1063 432 loquitur,
1086 351 1191 428 Serge,

66 455 129 522 seni,
153 452 272 512 colenda
294 472 371 526 mee,
396 472 452 516 nee
467 452 577 531 semel,
601 452 654 515 sed
674 451 805 516 seeundo
823 451 913 535 ipsam
933 451 1076 534 appellat,
1099 451 1139 512 itu
1164 460 1195 512 ut

64 653 214 737 alloquiture
237 659 333 737 Surge
345 661 505 740 propebpeu
521 680 598 731 meu,
620 659 747 738 formose
768 677 844 730 meo,
869 655 996 717 columba
1011 677 1081 718 mea.
1128 651 1195 717 Pri·
1208 667 1302 724 omne,
1316 671 1346 714 ιι.

63 757 236 842 uumigitur,
259 761 366 840 Surge,
391 765 464 834 ueni,
489 760 580 840 dixit,
606 782 665 824 uon
680 769 776 823 autem
794 770 840 836 et,
867 763 938 820 Wnu'
954 771 994 820 tu.
1040 758 1083 820 At
1098 755 1128 819 in
1147 778 1195 822 se·

64 859 139 922 eunde
152 859 302 924 ertieulnm
320 861 444 940 udieoit,
469 872 500 925 ιιι
518 863 663 927 diversam
683 862 719 925 ab
740 862 833 925 altera
856 859 1039 924 vocationem
1064 879 1131 923 esse
1154 859 1196 924 si-

63 959 209 1042 quidemst,
233 984 308 1047 quae
325 975 421 1028 tumeo
439 975 504 1049 post
519 965 644 1050 priorem
669 965 746 1028 illem
771 963 925 1048 benignam
942 985 1058 1026 manum
1075 985 1110 1026 ee
1126 983 1195 1026 noe·

62 1061 146 1126 lestem
162 1065 343 1128 elementiam
363 1069 545 1132 ostenderet.
592 1065 648 1146 Et,
674 1071 758 1140 Vem',
783 1065 893 1150 iuquit,
918 1067 1044 1128 columbe
1063 1087 1139 1139 mea,
1164 1070 1193 1127 tn

62 1176 150 1244 tegmen
169 1179 269 1248 petrae
285 1191 375 1250 prope
396 1172 578 1232 antemurale.
626 1166 660 1232 In
685 1180 799 1254 tegmen
824 1178 925 1253 petrae
949 1167 1047 1248 dixit,
1072 1170 1126 1232 boe
1148 1179 1196 1232 est

62 1262 152 1331 Christi
173 1269 384 1354 benignitatem
409 1271 698 1355 misericordiamque
722 1269 842 1334 domim.
889 1267 955 1333 lloo
975 1271 1052 1334 enim
1075 1282 1122 1334 est
1144 1292 1193 1356 pe·

61 1376 255 1456 traetegmeo,
280 1383 415 1457 tegmen,
440 1374 576 1459 inquam,
599 1375 680 1459 spei,
708 1373 772 1436 lidei
798 1383 884 1457 atque
905 1373 1052 1438 veritatis.
1097 1371 1194 1460 Prope

60 1475 218 1538 antemurale
235 1495 327 1555 vero,
351 1475 410 1540 boo·
424 1491 469 1542 est
485 1488 642 1561 antequam
658 1487 744 1562 porta
763 1475 934 1556 claudatur,
959 1487 1115 1561 antequam
1138 1497 1195 1540 rex

59 1571 238 1660 introgressus
256 1599 315 1641 uon
339 1577 462 1663 amplius
484 1588 550 1665 post
570 1579 682 1642 exitum
700 1577 737 1641 ab
760 1577 814 1640 bne
836 1579 895 1644 vita
914 1590 1096 1663 mortemque
1119 1579 1195 1643 reoi-

59 1675 114 1759 piat.
156 1675 228 1744 Cum
250 1701 309 1743 non
326 1680 449 1766 amplius
469 1702 557 1767 prope
573 1681 755 1744 antemurale
772 1701 891 1760 sumus,
915 1681 966 1745 sed
987 1682 1105 1746 olausae
1127 1694 1196 1746 sunt

59 1790 158 1860 portae,
181 1803 237 1846 nee
261 1782 336 1847 ullus
359 1784 533 1848 emendandi
555 1784 600 1848 sul
624 1783 705 1848 loeus
728 1794 786 1848 est.

127 1879 242 1948 Etenim
258 1883 290 1948 iu
307 1888 403 1950 loturo
418 1887 518 1952 seeulo
536 1897 603 1972 post
618 1885 743 1950 hominis
759 1885 869 1950 obitum
890 1885 985 1950 nullus
1008 1887 1131 1972 emplius
1152 1888 1195 1950 ie·
1212 1889 1274 1958 ⁰¹1²·
1289 1891 1323 1942 Χ·

57 1983 114 2047 iunii
128 1996 264 2070 quaestus
280 2000 337 2066 est,
359 2009 416 2052 non
433 1989 630 2076 poenitentiae
644 1989 775 2066 voeatis,
796 2010 855 2052 uon
872 1988 1079 2074 eleemosynae
1094 2001 1194 2054 osten·

56 2085 91 2150 sie
110 2099 164 2152 est.
209 2086 271 2154 Sed
293 2111 389 2174 neque
408 2091 579 2156 criminibus
603 2093 669 2156 ullis
686 2092 786 2170 loeus,
811 2113 870 2154 non
889 2091 1012 2171 bellum,
1038 2115 1096 2157 non
1113 2093 1194 2157 adul·

57 2188 163 2268 terium,
192 2213 252 2255 non
276 2192 429 2272 libidines,
460 2213 555 2277 oeque
583 2215 599 2258 e
626 2195 775 2258 contrario
799 2193 910 2256 iustitia
933 2195 979 2258 vel
1003 2195 1192 2280 poenitentis.

55 2287 119 2355 lieu
134 2293 208 2358 siout
225 2295 360 2359 demessa
377 2295 458 2381 spine
474 2317 597 2380 granum
616 2317 670 2362 nee
685 2307 805 2382 turgere
821 2296 971 2382 deinceps,
993 2319 1087 2382 neque
1105 2309 1194 2362 vento

56 2396 184 2481 eorrumpi
201 2407 289 2481 alque
305 2417 497 2475 evanescere,
523 2419 577 2462 nee
594 2397 668 2462 affini
686 2399 809 2483 amplius
826 2409 934 2485 potest.
971 2397 1038 2463 Nee
1054 2409 1100 2463 est
1117 2400 1194 2483 quod

55 2494 120 2560 illem
136 2497 204 2562 mibi
221 2501 417 2585 corruptelam
436 2501 575 2582 obiicias,
601 2523 676 2586 quae
696 2501 726 2565 iu
751 2501 866 2566 borreis
884 2501 1008 2580 assidit,
1032 2502 1194 2566 cuiusmodi

54 2609 110 2660 sunt
123 2621 239 2666 vermes
259 2623 294 2666 ae
310 2603 419 2667 tineae.
467 2601 549 2668 llaee
574 2607 651 2668 euim
674 2605 710 2668 ad
732 2625 768 2668 ea
791 2625 866 2688 qnae
886 2604 915 2668 in
932 2605 1032 2668 seeulo
1052 2614 1195 2688 geruntur

54 2700 236 2768 adumbranda
258 2716 402 2790 speetant.
450 2704 535 2789 Quod
559 2718 657 2772 autem
675 2707 865 2771 similitudine
889 2707 937 2771 illa
956 2707 1140 2787 declaratur,
1166 2718 1195 2771 et

53 2800 76 2864 in
90 2807 175 2889 portis
189 2828 259 2871 esse
275 2807 398 2888 dieitur,
423 2819 510 2894 etque
524 2810 553 2873 in
572 2810 686 2874 horreis
704 2811 869 2889 eonditum,
893 2812 928 2873 ad
946 2811 1110 2896 exemplum
1129 2811 1194 2875 fidei
1377 2897 1382 2905 ¹

54 2926 80 2968 ae
93 2910 315 2976 delineationem
334 2914 475 2976 refertur.
524 2915 579 2976 b'bi
595 2935 684 2995 neque
708 2915 791 2995 fieres
814 2915 970 2998 effoetum,
995 2937 1084 2996 neque
1101 2919 1346 2982 ttamen-tusas.

53 3026 237 3094 menapum,
263 3025 296 3076 ut
311 3014 450 3099 seriptum
473 3023 529 3078 est.
575 3013 635 3080 Sed
654 3037 749 3100 neque
764 3014 880 3100 pietatis
898 3015 986 3078 ullum
1004 3016 1116 3080 luorum
1134 3028 1190 3096 est,

53 3123 92 3174 ιιι
105 3114 301 3198 poeniteutiae
318 3116 514 3198 addiximus,
540 3128 755 3203 postmortem.
801 3114 872 3181 Non
890 3119 967 3181 euim
982 3113 1116 3183 Lazarus
1134 3120 1194 3183 illie

52 3214 79 3276 ad
93 3215 206 3282 divitem
229 3219 334 3303 pergit,
357 3241 452 3304 neque
465 3221 552 3290 dives
570 3221 605 3284 ed
625 3217 788 3285 Lazarum.
833 3216 940 3304 Neque
957 3221 1106 3285 Abrabam
1124 3241 1194 3307 pau·

53 3335 136 3398 penem
160 3320 271 3401 mittit,
302 3333 352 3386 aot
376 3322 553 3386 elleborum
578 3322 696 3404 indicit,
727 3333 759 3386 ut
783 3334 884 3408 postea
909 3322 1043 3388 ditescat.
1088 3321 1194 3409 Neque

52 3417 119 3484 dives
139 3442 174 3487 ea
197 3445 275 3508 quae
299 3424 500 3508 postulaverat
527 3424 681 3510 impetrat,
714 3425 828 3489 temetsi
857 3423 1076 3490 misericordem
1095 3424 1193 3490 nura-

52 3517 149 3588 bumum
166 3525 285 3610 maguis
305 3526 440 3613 precibus
462 3525 609 3591 obsecrat.
655 3523 807 3611 Siquidem
831 3527 984 3612 obsignate
1007 3539 1077 3592 suut
1096 3549 1194 3612 prom·

52 3626 168 3708 ptuerie,
191 3639 284 3712 atque
302 3629 450 3714 expletum
469 3640 583 3715 tempus
607 3641 669 3709 est,
694 3641 843 3694 eertnmeu
861 3632 1046 3708 conlectum,
1070 3651 1193 3694 saeuum

51 3728 176 3810 stadium,
201 3730 377 3795 distributae
399 3752 547 3812 eorouaeq
578 3732 705 3797 athletae
729 3733 820 3817 quieti
844 3753 878 3796 se
903 3733 1062 3811 dederunt,
1093 3743 1123 3796 at
1144 3731 1192 3816 qui

50 3840 184 3897 urta-en
204 3853 266 3898 non
284 3834 453 3919 attigerunt,
479 3835 585 3899 nullam
602 3836 726 3922 amplius
743 3837 807 3900 eius
825 3833 939 3921 sopiam
955 3835 1074 3915 babent,
1098 3833 1192 3919 etqui

50 3995 131 4050 pauper
155 3997 254 4055 pestes.
298 3987 386 4054 Neque
410 3987 480 4039 dives
506 3989 598 4056 ueeipit
631 3995 712 4044 τεῐται
736 3986 859 4057 λαμβάνει
883 3992 935 4040 eod.
960 3991 1064 4040 Venetus.
1103 3989 1194 4050 lltlr'qul

49 4064 101 4114 quae
110 4055 180 4120 petit,
199 4054 298 4106 etiamsi
313 4055 408 4123 magnis
423 4057 536 4123 precibus
548 4058 598 4107 mi·
632 4061 685 4108 tiore
706 4061 790 4108 babent
814 4055 933 4117 πλούσιος
958 4055 1081 4120 αἰτεῖται,
1115 4058 1195 4108 uteru

50 4119 187 4196 aprieordem
213 4122 340 4174 Abraham
365 4135 445 4191 roget.
489 4123 598 4180 Exsiluit
632 4129 731 4178 mulmis.

49 4188 182 4246 ιτ-ιστέλλει
207 4198 273 4244 uerte
303 4209 334 4242 ex
364 4193 454 4258 paenis
485 4193 598 4244 ominus
666 4193 690 4246 7.
706 4191 786 4260 ταμία
802 4195 854 4244 eod.
875 4197 949 4244 tenet.

49 4255 99 4306 dee
109 4257 197 4314 σκύλοι
211 4262 340 4324 lleeqettus
351 4263 599 4325 tntispmtoturetlom
666 4261 691 4314 e
718 4261 741 4316 el
762 4264 835 4326 uutpo
857 4263 1009 4312 desideretur.
1059 4263 1139 4313 Adtees'
1163 4275 1193 4312 ee

51 4319 168 4394 ,ιρἇκοςῆ
186 4327 343 4410 τριβόιιιοι.“
631 4332 699 4382 codd.
717 4333 815 4394 lllteds'q.
833 4336 853 4381 et
872 4334 962 4381 Veneto.

74 4393 95 4442 5.
112 4397 288 4462 τιιαυιησαιτα
303 4395 331 4456 ἐς
346 4390 448 4480 dereptis
461 4401 513 4450 eod.
523 4399 598 4449 Vener.
666 4398 690 4451 9.
707 4393 850 4452 dulnosum
868 4399 953 4480 (ιίιιιιι1
968 4393 1011 4451 τὸν
1027 4391 1126 4463 deone)
1143 4411 1192 4480 ppo.

74 4457 96 4512 6.
118 4459 236 4525 πλούσιος
251 4464 330 4532 πένης
352 4482 486 4534 γινομενας
507 4457 541 4520 oin
560 4465 599 4520 αἰ·
633 4461 778 4536 ἀιιιιιίησαι
794 4469 863 4520 codd
878 4467 977 4530 llbcdnp.
991 4471 1013 4516 et
1029 4467 1104 4518 ιἰιιιι.
1134 4481 1191 4518 uns·
