3116 4934
307 249 443 305 rsuumr
461 243 525 303 non.
543 251 575 303 11.
592 249 674 304 rom.
690 251 709 302 r.
728 249 827 304 noun.
842 249 936 308 nuru.
1017 255 1027 272 ³
1141 235 1204 306 243

52 371 170 458 argutiis
188 371 405 436 eirenmveuire
422 391 476 434 nos
491 369 566 450 suis,
590 393 626 437 an
643 372 742 436 dicere
757 371 888 436 nonnulli
905 369 1019 452 uniunt,
1044 373 1120 437 idem
1137 394 1206 439 esse

52 469 188 558 prvnprdv
200 495 266 538 enm
280 477 409 560 γεννητῷ
424 495 488 537 num
505 474 541 538 de
555 475 611 539 deo
625 475 732 560 agitur,
757 495 939 560 nequaquam
956 475 1130 542 audiendum
1146 487 1205 556 est,

52 579 97 642 sed
118 575 230 641 ereatis
248 577 389 640 duntaxat
409 576 438 640 in
456 576 556 640 rebns.
602 576 691 642 Atina
716 576 792 641 euim
818 588 864 641 est
885 572 1022 662 γενητὸν,
1044 578 1122 642 abiud
1144 600 1208 661 yen-

52 675 145 760 νητόν.
189 676 278 762 Quod
303 679 393 764 igitur
415 679 451 742 ab
476 699 513 742 eo
539 677 646 743 dietum
669 689 715 743 est
734 674 870 763 γενητόν,
899 681 954 744 boe
977 691 1023 744 est
1038 683 1208 762 pendentm

52 787 143 858 mun,
171 781 296 866 primum
313 782 382 845 iliud
400 781 598 846 sciscitemur.
644 780 773 866 Quinam
796 782 892 846 orenri
914 783 1007 868 potnit
1024 783 1050 847 is
1071 783 1119 868 qui
1139 805 1155 846 n
1179 795 1208 846 te

53 884 193 948 eiusmodi
210 884 355 948 vouabuio
381 884 501 950 bonoris
526 904 632 952 carrusa
653 885 777 950 affinitur
798 885 891 950 deust
932 885 1112 950 Adoraodus
1135 906 1209 950 vero

53 987 195 1072 quomodo
213 987 329 1050 tandem
350 987 423 1066 erit,
447 987 472 1050 si
491 988 585 1051 iaetus
607 989 673 1052 esti
716 986 795 1052 Volo
813 987 890 1052 euim
909 987 987 1052 illum
1014 987 1138 1073 apostoli
1161 1009 1209 1053 re·
1222 1001 1362 1062 namtas

53 1090 276 1175 prebeusinnem
292 1109 448 1154 removeas
466 1110 522 1174 qua
540 1110 592 1154 eos
608 1087 796 1176 prosequitur
812 1091 860 1176 qui
876 1093 985 1154 ereatis
1000 1091 1088 1154 rebus
1105 1090 1209 1156 diviui-

53 1203 137 1256 trtem
157 1190 333 1258 tribuerent.
377 1192 426 1256 Ao
444 1193 531 1256 talem
548 1191 617 1255 mibi
634 1193 718 1256 deum
735 1191 870 1256 exhiberi
885 1192 954 1258 volo
972 1193 1020 1277 qui
1037 1194 1211 1258 adoratione

53 1295 155 1378 dignus
178 1295 237 1372 sit,
268 1294 317 1378 qni
340 1292 416 1358 idem
442 1303 525 1360 reeta
548 1293 724 1379 sincereque
747 1295 821 1374 bde,
851 1315 927 1379 quae
945 1295 1061 1380 quidem
1083 1295 1210 1362 creatori
1312 1330 1346 1388 .-

53 1397 122 1475 soii,
153 1417 214 1460 non
235 1398 304 1460 item
323 1397 431 1460 urentis
455 1396 492 1460 ab
511 1395 562 1460 ilio
581 1395 670 1461 rebus
695 1397 896 1462 adorationem
919 1397 1064 1484 impertit,
1095 1411 1212 1465 erratus

54 1499 210 1583 aliquando
242 1509 411 1562 censeatur.
459 1497 525 1564 bine
549 1498 574 1564 si
600 1500 804 1564 demonstrare
829 1499 978 1586 potueris,
1010 1511 1070 1565 tum
1097 1501 1212 1566 demum

54 1601 180 1665 mendax
203 1601 274 1665 iilud
299 1611 379 1665 tuum
404 1603 618 1686 eonbrtumque
641 1602 745 1686 dogma
761 1601 867 1666 rationi
885 1614 1132 1684 cousentaneum,
1157 1625 1213 1668 nee

52 1703 84 1766 ab
101 1703 291 1787 antiquorum
309 1714 420 1786 patrum
440 1704 548 1791 pietate
565 1703 705 1784 alienum,
730 1724 797 1770 esse
814 1704 971 1769 videbitur.
1008 1702 1120 1771 Verum
1138 1728 1213 1771 nnn·
1311 1755 1313 1758 -

52 1828 137 1889 quam
154 1807 225 1870 iiind
245 1805 331 1869 nobis
348 1807 499 1872 ostendes.
542 1806 591 1869 Ae
612 1807 729 1870 tametsi
752 1807 948 1871 intervertere
970 1808 1113 1893 quaedam
1131 1809 1213 1872 etad

52 1919 131 1972 tuam
154 1908 333 1972 sententiam
357 1929 509 1996 perperam
531 1909 754 1973 accommodare
775 1929 865 1974 ansus
890 1911 999 1989 tueris,
1024 1932 1082 1975 noo
1106 1912 1135 1974 io
1159 1911 1214 1976 boo

53 2021 151 2074 temen
168 2011 374 2094 religiosorum
392 2012 577 2076 enoiunutam
595 2033 660 2075 eum
677 2020 757 2076 reeta
773 2011 889 2076 ratione
906 1995 1082 2078 sententiam
1099 2015 1134 2076 ad
1150 2026 1215 2078 tan·

50 2124 107 2177 tam
137 2115 330 2199 pravitatem,
356 2113 504 2178 bominum
527 2114 739 2192 furiosissime,
764 2115 942 2200 detorquere
967 2115 1089 2199 poteris.
1136 2113 1214 2182 Nam

52 2225 80 2279 et
95 2237 209 2280 sensns
226 2216 278 2281 tibi
295 2219 461 2300 refragatur
476 2227 507 2280 et
522 2216 607 2280 ratio.
648 2213 767 2280 Etenim
784 2217 919 2303 quiequid
936 2227 1140 2295 mentonem,
1164 2219 1216 2284 sd·

52 2319 147 2399 orari,
169 2328 205 2382 nt
219 2318 294 2396 dixi,
319 2339 378 2384 nou
395 2328 504 2403 potest.
550 2315 604 2383 Sin
623 2319 795 2384 adoratione
812 2319 931 2404 dignum
949 2319 1068 2383 omuino
1085 2320 1213 2400 ridetur,

52 2441 117 2484 eum
146 2419 204 2484 alia
222 2420 434 2507 quamplurima
452 2432 552 2485 creata
576 2419 652 2500 sint,
681 2423 814 2507 proiecto
834 2421 905 2484 nibil
928 2422 1069 2501 interest,
1094 2423 1163 2507 quin
1186 2435 1218 2488 et

52 2545 107 2587 uns
128 2544 195 2587 enm
218 2524 306 2587 unieo
329 2534 464 2587 creatore
485 2535 584 2588 uetera
603 2525 759 2589 adoremus
782 2523 879 2588 omnia
903 2544 977 2608 quae
996 2522 1098 2589 servili
1117 2525 1217 2590 uobis-

54 2646 119 2690 eum
145 2623 333 2704 eonditinne,
357 2627 518 2710 eademque
541 2626 669 2690 nominis
690 2626 807 2690 ratione
828 2626 1029 2689 eontinentur.

141 2729 210 2814 Age
225 2748 299 2793 reru
314 2727 467 2792 videamus
484 2729 514 2792 in
532 2739 658 2814 quatuor
671 2727 846 2813 evangeliis,
870 2727 975 2813 quibus
990 2729 1080 2793 vitan
1098 2752 1214 2795 omnem
1234 2736 1295 2806 Cep.
1312 2739 1359 2793 tx.

54 2843 190 2897 nostram
215 2830 338 2896 verbnm
363 2831 436 2895 deus
454 2831 490 2895 ad
513 2851 568 2896 nos
591 2829 715 2896 veniens
736 2831 933 2895 administrari
956 2831 1064 2912 voluit,
1090 2833 1218 2898 nuncubi

54 2931 196 3002 cbristus
217 2936 259 2998 ita
281 2933 397 2998 loeutus
414 2932 471 2998 site
503 2939 580 2996 Deus
602 2957 646 2996 me
668 2939 791 3008 creauit,
817 2934 882 3013 vei,
906 2939 993 2996 Peter
1013 2957 1090 2998 mens
1110 2916 1235 2998 eredunt·

52 3043 119 3100 nne?
143 3047 196 3102 aut
212 3047 309 3100 utrum
328 3047 414 3122 pater
432 3035 462 3099 in
485 3037 545 3101 ullo
561 3056 688 3121 unquam
706 3035 862 3121 euangelio
879 3037 1131 3121 pronuntiaverit,
1154 3043 1219 3121 Ego

53 3141 285 3221 meuva'filium,
310 3152 340 3201 et
356 3143 473 3201 misind
488 3160 546 3201 nos.
594 3135 654 3203 Sed
672 3139 707 3202 de
726 3138 771 3202 bis
788 3139 940 3202 bautonius.
986 3137 1064 3204 Nam
1084 3139 1161 3224 qood
1184 3141 1221 3206 ed

53 3243 229 3308 testimonia
247 3241 391 3328 pertinet,
416 3263 470 3305 uos
487 3240 699 3328 quamplurima
715 3261 804 3328 saepe
826 3242 969 3305 adversus
988 3242 1053 3306 iilos
1071 3243 1221 3309 attulimus

51 3347 102 3429 qui
121 3355 293 3410 ereaturam
313 3343 398 3408 nobis
418 3343 626 3408 obtrudebeut.
670 3341 754 3408 Nibii
771 3354 867 3407 umen
888 3343 1103 3430 inpraesentia
1126 3347 1220 3432 palam

51 3449 157 3512 iacere
173 3447 287 3534 pigebit
304 3467 389 3531 quam
408 3447 494 3510 inuida
514 3447 651 3530 redargui
668 3467 753 3510 error
766 3447 814 3510 itta
830 3447 938 3533 possit,
963 3457 1050 3532 atque
1070 3447 1110 3510 ita
1128 3447 1221 3512 homi·

51 3571 121 3614 aem
145 3551 246 3630 iilum,
278 3549 326 3634 qui
352 3549 469 3635 sapiens
492 3549 547 3612 sibi
566 3549 699 3628 videtur,
726 3551 859 3633 aggredi.
904 3547 1027 3630 Potest,
1058 3548 1097 3614 uri
1121 3547 1220 3629 bomo,

50 3651 245 3718 ereatosiiie
261 3671 329 3716 esse
345 3651 392 3735 qni
410 3651 496 3729 dixit,
521 3655 585 3732 Ego
600 3657 629 3714 ia
642 3665 727 3734 parre
740 3663 770 3713 et
778 3663 864 3733 poter
878 3655 908 3714 iu
926 3674 969 3716 me
983 3664 1036 3726 est,
1062 3663 1104 3731 et,
1126 3653 1222 3716 Ambo

50 3779 143 3820 aarum
168 3761 290 3818 mnus?
331 3751 436 3818 Potest
457 3775 530 3817 vern
555 3754 691 3819 diversus
713 3775 780 3818 esse
806 3753 853 3840 qni
875 3753 1026 3839 aequalem
1050 3775 1115 3818 eom
1139 3765 1223 3840 patre

49 3861 203 3924 bonorem
220 3856 372 3920 obtineant
413 3859 502 3919 Nemo
520 3861 593 3919 eurio
609 3861 688 3919 uouit
700 3859 800 3935 fidiam
818 3861 879 3918 πίει·
888 3870 983 3938 puter,
1007 3879 1096 3938 aeque
1108 3869 1374 3939 pntreaatnmaddre

48 3968 113 4026 »ἐπ’
122 3963 227 4045 fidius.
272 3955 349 4022 Tum
371 3957 459 4039 iliud,
485 3963 543 4038 (tui
562 3963 638 4022 vadet
653 3981 711 4034 me,
737 3963 813 4021 milet
827 3971 858 4020 et
870 3971 992 4039 putrem.
1039 3957 1126 4043 Quae
1148 3979 1221 4023 vero
1236 3919 1362 4022 dudda

48 4069 207 4130 adversus
223 4059 471 4126 resurreetionem
487 4061 523 4127 ab
542 4063 645 4126 eodem
659 4061 805 4146 disputata
821 4070 902 4140 sunt,
925 4071 1044 4125 servato
1061 4061 1165 4126 ordine
1181 4082 1222 4127 ex
1230 4025 1375 4136 ditabitur

49 4171 198 4257 ipsismet
215 4164 293 4228 iiiios
311 4163 412 4227 verbis
431 4165 517 4250 panio
536 4175 602 4248 post
618 4163 798 4242 adderemus,
822 4172 908 4247 atque
928 4184 968 4226 ex
985 4162 1070 4228 uoira
1087 4185 1161 4228 none
1179 4177 1224 4230 to-

49 4285 111 4336 tam
134 4259 220 4334 itlius
235 4267 413 4330 sententiam
430 4265 614 4352 aperiemus,
637 4276 667 4330 et
682 4275 818 4351 quantum
837 4266 877 4330 sit
892 4263 921 4328 in
944 4287 981 4330 eo
1005 4264 1140 4350 dogmate
1159 4267 1225 4330 ioti-

48 4371 194 4440 delitatia
219 4367 459 4433 monstrabimus.
506 4366 688 4453 Quamquam
705 4381 802 4434 nomm
829 4367 884 4432 bon
907 4379 1110 4452 argumentum
1133 4389 1223 4456 saepe

48 4479 99 4542 iiie
117 4472 249 4560 copiose
265 4471 453 4552 tractaverit,
477 4472 627 4556 variisque
650 4469 679 4534 iu
701 4470 782 4535 tibris
800 4471 935 4556 ingentes
953 4491 1047 4555 nugas
1070 4469 1222 4550 effutierit,

954 4579 992 4642 16
1005 4571 1020 4604 *
