3186 4928
403 229 539 283 rsuuurr
557 230 621 282 ure.
633 231 665 282 u.
682 229 764 282 nour.
778 229 796 280 r.
814 225 1020 280 uenenum.
1230 211 1291 272 345

136 371 195 415 nes
218 362 265 416 est
287 350 454 430 inveetum,
479 372 538 434 quo
561 371 600 414 ex
623 357 762 436 peneato,
787 359 922 432 tauquam
941 345 1072 432 germina
1095 341 1237 432 quaedum
1259 363 1292 408 ae

135 453 267 532 surnnli,
298 454 336 517 ita
361 453 543 539 voluptariae
565 453 596 517 iu
621 452 706 516 uobis
727 449 923 536 cogitationes
945 449 1089 512 oriuntur.
1135 445 1193 512 Est
1213 445 1290 510 euim

138 555 248 641 duplex
271 555 300 619 iu
322 557 407 620 nobis
425 551 634 640 eogitutiounm
656 576 769 640 qennsu
793 553 870 618 aliud
891 553 968 638 qnod
992 571 1032 616 ex
1054 549 1292 636 eeuenpiseeutia

136 659 262 742 quaein
283 678 406 743 oorpere
429 668 533 722 nostro
558 657 669 722 residet
689 657 814 722 eueituri
839 655 932 733 solet,
956 675 1048 738 qnae,
1072 663 1104 716 nt
1122 664 1191 716 ante
1215 651 1291 718 dixi·

85 805 100 828 .
136 781 221 838 mnu,
245 783 262 825 a
282 761 412 824 concreti
431 781 496 824 eum
516 761 639 824 materie
662 759 782 843 spiritns
803 759 904 822 lraude
926 755 1106 840 artificioque
1132 755 1292 840 prolieisei-

136 874 202 926 ture
232 863 309 926 aliud
334 875 380 928 εει
404 865 479 946 qnod
502 884 543 926 ex
565 863 692 926 mandati
715 861 781 946 lege
803 859 972 938 derivetur,
1004 859 1069 942 lege
1097 857 1215 941 iuquam
1243 857 1291 920 illa

137 986 224 1050 qnam
241 965 360 1030 insitam
374 976 439 1028 eta
459 975 563 1030 nature
579 963 739 1049 ingenitam
756 963 923 1040 hausimus,
946 982 1077 1046 quaeque
1093 962 1220 1026 animum
1239 981 1292 1022 uo-

134 1080 229 1132 strnm
247 1069 283 1132 ad
299 1069 482 1132 honestatem
498 1068 629 1132 stimulet
643 1077 730 1152 atque
746 1065 845 1150 erigit.
879 1063 1002 1148 Exque
1019 1066 1049 1128 fit
1065 1075 1097 1128 ut
1112 1061 1210 1126 diviua
1228 1063 1290 1142 lex,

135 1172 213 1256 qued
234 1172 268 1234 ad
290 1179 417 1234 mentem
436 1169 558 1247 attinet,
583 1159 760 1256 voluptutem
781 1168 866 1233 nobis
887 1169 1016 1230 adleuate
1041 1166 1096 1230 lree
1116 1165 1194 1228 enim
1216 1163 1292 1228 iute-

135 1271 200 1337 rier
212 1273 262 1337 ille
278 1273 365 1336 borno
381 1287 444 1336 est:
468 1272 506 1335 ob
523 1273 592 1337 illud
606 1294 678 1339 vero
694 1282 857 1357 poenitum,
880 1271 955 1355 quod
971 1269 1001 1334 in
1016 1287 1106 1332 earne
1123 1279 1223 1332 nostru
1241 1268 1292 1332 lra-

134 1375 227 1453 bitat,
252 1373 359 1438 diaboii
378 1375 443 1458 lege
461 1373 652 1440 delectemur.
698 1372 817 1438 Etenim
841 1373 891 1436 lex
914 1373 981 1450 illa,
1008 1393 1083 1456 quoe
1105 1393 1171 1435 enm
1193 1371 1297 1456 divina,

136 1488 248 1562 pugnet
264 1477 349 1562 eique
367 1477 497 1557 resistit,
521 1477 659 1543 inanimi
681 1476 774 1541 nostri
797 1475 955 1562 eupiditate
972 1473 1067 1560 posita
1090 1471 1139 1538 ille
1160 1473 1225 1559 ipsa
1247 1485 1293 1538 εει

135 1599 212 1663 quae
229 1579 411 1644 turbulentas
428 1590 459 1642 et
472 1581 613 1645 materiae
629 1583 711 1645 laeee
727 1578 892 1664 implicatas
906 1579 987 1641 etad
1003 1576 1217 1662 improbitatem
1233 1578 1293 1642 dis·

134 1681 247 1768 sipatas
262 1682 457 1766 eogitatioues
474 1683 623 1768 proderit,
647 1703 781 1768 quaeque
799 1682 948 1766 ingentem
966 1678 1086 1744 omniuo
1104 1680 1140 1744 nd
1157 1681 1291 1766 voluptu-

134 1797 182 1850 tes
204 1785 292 1849 babet
313 1783 494 1848 illecebram.

221 1884 373 1972 Siquidem
388 1888 539 1971 apestolus
553 1886 610 1952 triu
625 1886 744 1952 omuino
760 1886 856 1972 legum
871 1906 983 1969 genere
996 1885 1051 1950 boe
1066 1886 1095 1950 iu
1110 1886 1174 1950 loeo
1189 1886 1292 1950 distin·
1326 1889 1386 1956 cap.

133 1992 219 2056 uisse
238 1989 392 2054 mouileste
411 1991 538 2055 videtur.
585 1989 717 2073 Quorum
736 2009 822 2053 uuum
840 1999 888 2052 est
905 1989 996 2054 insito
1013 1990 1097 2053 uobis
1119 1988 1198 2054 boue
1220 2011 1290 2054 eou·
1317 1959 1386 2010 th

133 2104 329 2171 sentaneum,
354 2113 440 2176 qnam
457 2103 559 2178 operte
575 2091 670 2177 legem
692 2090 799 2156 mentis
818 2092 954 2177 appellat.
1000 2091 1134 2156 Alterum
1152 2102 1198 2157 est
1216 2093 1292 2176 quod

133 2217 176 2260 ex
195 2194 366 2279 nequissimi
389 2193 584 2280 impressione
604 2195 759 2259 enulletunr
784 2205 914 2259 uestrum
941 2195 1064 2260 animam
1087 2195 1117 2258 iu
1140 2194 1293 2280 perturba·

133 2297 224 2360 tionis
239 2297 425 2381 plenissimas
441 2299 610 2383 plerumque
625 2297 818 2379 cogitationes
830 2318 865 2361 ae
878 2298 1045 2382 phantasias
1057 2297 1188 2376 nouiieit‚
1206 2319 1290 2382 quam

134 2399 260 2464 eandem
277 2400 334 2484 legi
350 2402 458 2464 mentis
472 2401 625 2466 adversari
642 2400 727 2464 dixit.
772 2397 958 2464 Postremum
975 2421 1068 2486 genus
1085 2403 1222 2484 estquod
1240 2421 1293 2486 per

132 2513 286 2587 peeemum
303 2523 344 2566 ex
358 2501 422 2587 ipse
439 2503 597 2588 eupiditate
614 2503 644 2566 iu
658 2523 748 2566 eerue
766 2514 866 2566 nostra
883 2503 1031 2588 eeqalluit,
1055 2525 1139 2587 qnam
1157 2504 1206 2567 ille
1224 2525 1291 2584 pee-

130 2607 296 2684 eutr'legem
312 2607 482 2670 habitantem
497 2611 528 2669 in
549 2608 679 2669 membris
698 2610 804 2668 uosmr’s
821 2606 962 2670 nominet.
1008 2604 1103 2688 Quam
1126 2606 1214 2670 etiam
1236 2606 1290 2670 im·

132 2705 244 2792 probus
266 2706 315 2770 ille
338 2707 430 2772 bostis
447 2707 592 2773 iuuedeus
612 2707 697 2793 eique
713 2707 845 2772 insidens
861 2727 949 2794 seepe
968 2709 1111 2774 adversus
1131 2731 1185 2774 uos
1208 2711 1290 2774 exei-

131 2818 193 2888 tat,
217 2819 305 2892 atque
329 2812 364 2874 ad
385 2811 556 2876 iniustitiam
576 2833 611 2874 ae
627 2811 771 2874 scelerata
789 2811 918 2874 loeiuora
937 2813 1094 2895 compellit.
1139 2810 1216 2876 Nam
1240 2813 1290 2878 lex

131 2911 196 2988 illa,
221 2933 306 2996 quum
325 2913 469 2995 muliguus
489 2914 581 2980 bostis
597 2914 786 2978 extrinsecus
801 2912 943 2993 iusiuuat,
967 2935 1099 2999 quaeque
1116 2935 1290 3000 persensus

132 3013 216 3078 velot
238 3015 336 3080 lentus
358 3016 472 3099 quidam
495 3036 529 3080 ae
552 3037 666 3100 sequax
689 3015 839 3080 bituminis
861 3026 972 3080 treetns
995 3016 1026 3080 iu
1051 3017 1176 3082 animam
1199 3019 1291 3102 ipsam

131 3115 215 3180 intus
229 3117 401 3196 infunditur,
425 3117 462 3182 ab
478 3119 536 3182 elia
550 3120 617 3204 lege
629 3119 851 3196 corroboratur,
875 3141 960 3203 quam
977 3119 1008 3182 iu
1024 3140 1143 3184 earnem
1160 3131 1290 3186 nostram

132 3218 278 3302 eupiditas
294 3220 358 3304 ipsa
374 3221 498 3286 derivat.
538 3219 618 3286 Num
633 3221 662 3286 in
679 3221 764 3284 uobis
780 3221 880 3286 inesse
896 3222 1013 3287 videtur
1031 3222 1107 3288 alind
1131 3225 1206 3308 quod
1230 3243 1292 3288 me-

130 3321 191 3386 lius
209 3331 265 3400 est,
290 3323 366 3386 eliud
385 3325 460 3408 qued
476 3325 616 3388 deterius.
663 3319 797 3408 Cumque
814 3323 883 3388 illud
900 3326 1047 3388 deteriore
1064 3328 1211 3411 potentius
1227 3329 1291 3390 lne-

130 3423 190 3502 rit,
216 3434 274 3488 tota
292 3445 375 3490 meus
396 3447 430 3490 uo
451 3427 559 3491 bonnm
574 3429 656 3494 uelut
677 3426 785 3513 impetu
803 3427 927 3510 quodem
945 3431 1053 3512 agitur.
1098 3425 1172 3494 Cum
1192 3441 1289 3495 autem

130 3527 163 3591 id
183 3528 259 3610 quod
281 3528 364 3612 peius
387 3539 434 3594 est
455 3529 624 3594 exuberans
647 3531 775 3615 pondere
794 3551 849 3594 sno
870 3530 1065 3615 depresserit,
1089 3533 1165 3616 quod
1187 3534 1290 3596 inuste
1409 3521 1415 3534 ’

131 3629 220 3693 uobis
235 3630 312 3694 bono
326 3651 492 3717 repugnare
507 3633 626 3711 dieitur,
651 3644 709 3698 tum
726 3633 842 3696 demum
857 3652 898 3696 ex
911 3633 1039 3698 adverso
1054 3634 1152 3698 verius
1166 3637 1202 3698 ad
1217 3635 1290 3700 ima-

130 3732 233 3816 ginum
250 3733 385 3818 speeies,
409 3757 444 3798 ae
459 3736 623 3800 deteriores
640 3735 836 3820 cogitationes
855 3735 943 3798 borno
963 3735 1133 3800 truduoitur.

218 3835 318 3920 Atque
343 3857 378 3901 ea
403 3858 509 3903 eeussa
532 3850 579 3904 est
606 3860 660 3902 eur
681 3840 832 3924 apostolus
855 3838 973 3903 libernri
998 3859 1066 3902 sese
1094 3849 1192 3924 optet,
1223 3860 1288 3904 enm
1326 3841 1385 3906 cap.

130 3948 258 4002 mortum
279 3938 357 4004 illum
381 3951 468 4025 alque
492 3941 614 4005 exitium
638 3962 707 4006 esse
729 3941 875 4006 iudiearit.
922 3940 1172 4024 Quemudmndum
1195 3941 1291 4027 inquit
1314 3907 1398 3961 ΠΗ·

130 4040 290 4126 propbetas
323 4046 373 4106 At
387 4048 506 4107 occultis
522 4051 590 4106 mers
609 4049 711 4106 maudo
728 4067 780 4106 me.
827 4041 908 4108 istud
927 4042 1003 4106 euim
1023 4045 1113 4107 verba
1134 4045 1196 4130 ipsa
1219 4059 1434 4131 praeserere

129 4163 167 4206 se
192 4144 300 4209 ierunt.
347 4151 540 4222 cmdelecrer,
565 4147 676 4231 inquit,
701 4150 762 4228 legi
775 4151 824 4208 dei
842 4149 993 4208 secuudum
1018 4151 1178 4210 rirterr'orem
1200 4151 1442 4216 tenemusne.

128 4403 250 4522 “12th
266 4404 352 4525 &eppe
365 4407 435 4456 verbo
444 4405 691 4456 Gntnternsldnerrr.
760 4401 784 4455 2.
801 4406 867 4456 Libri
883 4405 953 4466 velpe
969 4399 999 4457 nd
1016 4417 1060 4466 pro
1077 4397 1100 4458 8.

242 4485 268 4533 p.
335 4508 341 4524 .
