3116 4934
227 182 231 193 ¹
323 217 383 283 184
746 227 1057 282 εικατιοειειιιυιι

411 347 470 412 Καί
489 353 524 436 τῇ
541 347 594 428 μὲν
610 343 757 434 ἱερωσύνῃ
773 344 807 412 τά
824 351 944 432 πρῶτον
959 343 1055 432 τάγμα
1076 348 1128 414 κπλ
1143 344 1164 430 ἦ
1180 347 1248 434 περὶ
1265 344 1387 413 πάντων
1402 344 1481 430 άιιρι

323 452 462 533 βολογία,
485 456 525 536 τῷ
542 449 575 514 δὲ
593 455 654 537 λαῷ
671 447 704 514 τά
726 446 891 533 σύμμετρον
906 453 959 514 καί
973 447 1005 515 τύ
1024 449 1223 536 συγγνωστόν·
1244 452 1295 515 ἵνα
1311 448 1421 526 πάντες
1441 453 1482 514 δι

325 549 554 618 δάσκωνταικαλ
572 558 770 617 κατελεῶνται.
813 549 961 635 Ἐλεήμων
976 551 1032 638 γάρ
1050 550 1160 618 έστινδ
1178 550 1339 635 δεσπότης,
1360 554 1412 617 καὶ
1431 555 1482 616 δυ-

325 652 414 730 νατάς
437 651 549 730 πάντας
574 652 675 733 σώζειν
699 661 736 744 τῇ
758 655 820 742 ίδίᾳ
840 651 934 719 αὐτοῦ
951 653 1073 744 εύνομίρι
1095 657 1147 720 καὶ
1165 653 1294 744 άληθινῇ
1314 658 1410 720 πίστει
1433 661 1484 734 τῆς

325 762 379 821 τοῦ
396 755 583 842 κηρύγματος
597 757 813 841 καθαρότητος.
857 753 958 832 Αύτδς
974 757 1031 844 γάρ
1046 756 1139 841 μόνος
1155 760 1214 824 ἐστὶ
1231 754 1377 842 καθαράς.
1424 749 1483 822 Θύ-

206 858 211 867 ’
324 883 371 923 τοι
397 859 430 924 δέ
451 858 578 935 ἑαυτούς
601 857 748 941 φήσαντες
767 857 934 942 Καθαρούς
955 857 1006 924 άπ’
1021 859 1116 942 αὐτῆς
1136 868 1191 943 τῆς
1216 857 1392 936 ὑποθέσεως
1413 858 1482 926 άιια·

325 958 460 1041 θάρτους
477 960 600 1038 ἑαυτούς
616 958 800 1028 άπντελοῦσι.
846 968 915 1038 Πᾶς
930 961 986 1050 γάρ
1007 960 1025 1029 ά
1044 961 1150 1030 έαυτδν
1164 961 1325 1046 άποφιίννς
1346 961 1484 1048 καθαράν

325 1061 500 1150 άκάθαρτον
521 1063 628 1131 ἑαυτύν
650 1069 764 1141 τελείως
785 1066 944 1152 κατέκρινε.

199 1377 267 1448 Κεφ·
281 1375 310 1442 ζ’.
416 1371 517 1454 Πολλά
541 1374 573 1438 δέ
597 1371 684 1438 άνοια
706 1380 766 1438 τῶν
791 1371 935 1440 τοιούτων
958 1371 1136 1455 νομιζόντων
1160 1369 1235 1438 είναί
1257 1399 1300 1452 τι,
1327 1376 1355 1438 εί
1375 1366 1487 1455 ταλῆν

325 1472 438 1559 άληθὲς
455 1473 488 1541 τά
507 1473 662 1561 κήρυγμα,
684 1477 752 1561 περὶ
775 1476 886 1552 παντὸς
909 1483 962 1542 τού
983 1482 1056 1541 λαοῦ
1073 1475 1169 1552 οὕτως
1187 1474 1313 1557 φάσκον.
1346 1473 1433 1540 Ἔδει
1456 1476 1486 1540 δέ

326 1585 430 1663 γνῶμα
447 1577 493 1643 ίίτι
516 1575 552 1643 ού
574 1581 712 1663 περὶτῆς
729 1575 905 1655 ὑποθέσεως
924 1575 1034 1661 ταύτης
1050 1577 1143 1661 μόνον
1160 1577 1193 1644 τδ
1213 1581 1342 1664 ίγιιλημα
1358 1575 1486 1662 άπάρχει

326 1687 426 1769 ψυχῇ,
439 1679 471 1774 ,ἢ
484 1678 517 1746 τά
534 1678 583 1746 διά
602 1687 689 1748 τοῦτο
707 1680 844 1767 ἐνάρετον
861 1685 1000 1768 γενέσθαι
1021 1680 1130 1763 μόνον,
1153 1679 1223 1746 άλλά
1238 1683 1290 1746 καλ
1308 1679 1342 1747 τδ
1365 1678 1406 1765 μή
1429 1688 1487 1746 λοι-

326 1788 440 1867 δορεῖν,
469 1782 510 1867 μή
532 1781 659 1867 ὀμνύναι
685 1782 792 1868 ίίρκου,
822 1783 894 1867 μήτε
914 1787 946 1850 ἐν
968 1782 1108 1871 άληθείμ,
1131 1783 1202 1866 μήτε
1221 1786 1253 1850 ἐν
1269 1781 1391 1863 ψεύδει,
1414 1781 1486 1848 άλλά

328 1888 409 1966 Ναὶ,
432 1889 499 1967 ναὶ,
529 1888 580 1952 καλ
602 1883 663 1964 Ού,
689 1883 729 1951 οδ
747 1887 855 1972 λέγειν,
883 1886 924 1970 μη
946 1885 1146 1966 δολιεύεσθαι,
1174 1885 1214 1969 μή
1235 1884 1416 1970 διαβάλλειν,
1446 1882 1486 1968 μὴ

327 1991 469 2070 κλέπτειν,
493 1987 533 2073 μη
556 1997 566 2036 ¹
579 1987 806 2074 ἐμπορεύεσθαι.
843 1987 894 2056 Ἐκ
908 1988 1019 2056 τούτων
1037 1988 1092 2075 γάρ
1107 1987 1227 2055 πάντων
1242 1987 1399 2072 συνάγεται
1414 1984 1487 2070 ἡμῖν

327 2088 364 2156 τά
380 2090 462 2176 (λύπη
478 2099 539 2158 τῶν
556 2089 781 2177 άμαρτημάτων.
824 2089 877 2168 Ὡς
892 2091 965 2178 γάρ,
988 2094 1096 2175 φησίν,
1119 2089 1137 2156 o‘
1153 2090 1302 2168 πάσσαλσς
1320 2088 1378 2156 άνά
1394 2091 1487 2172 μέσον

326 2202 388 2259 τῶν
404 2193 458 2260 δύο
482 2200 576 2260 λίθων
598 2197 797 2279 συντρίβεται,
820 2193 916 2271 οὕτως
930 2193 952 2278 ἡ
967 2193 1096 2278 άμαρτία
1112 2192 1169 2259 άνά
1184 2195 1274 2276 μέσον
1289 2191 1487 2278 άγοράζοντος
1548 2195 1549 2204 ’

326 2299 377 2364 καί
394 2305 573 2374 πωλοῦντος.
603 2299 664 2361 Kal
680 2296 725 2362 ὅτι
739 2299 771 2362 ἐκ
785 2305 839 2360 τοῦ
855 2295 994 2380 πλήθους
1007 2296 1126 2373 πάντως
1140 2297 1192 2362 καλ
1206 2297 1331 2379 μέθυσοι
1346 2300 1399 2361 καλ
1411 2295 1486 2380 πόρ-

328 2427 375 2466 νοι
397 2402 448 2466 καὶ
471 2402 641 2467 πλεονέκται
663 2404 716 2465 καί
737 2402 883 2480 τοκισταλ,
913 2403 963 2466 καί
984 2398 1105 2475 πάντας
1121 2399 1167 2465 ὅτι
1188 2397 1225 2464 τά
1244 2406 1366 2466 τοιαῦτα
1385 2401 1487 2482 έχουσι

327 2507 379 2570 καὶ
401 2507 518 2580 τούτοις
540 2503 647 2587 ὅμοια,
678 2502 722 2568 ὅτι
745 2505 796 2568 καί
816 2501 972 2586 ψεύσματα
994 2501 1107 2591 έκάστφ
1131 2499 1230 2567 αὐτῶν
1255 2509 1487 2586 παρακολουθεῖ.

331 2600 479 2682 Πῶς-οὖν
498 2606 639 2672 δύνανται
658 2604 782 2682 ἑαυτούς
799 2603 966 2690 Καθαρούς
984 2603 1161 2684 ἀποκαλεῖν,
1184 2603 1234 2672 διά
1251 2612 1304 2687 τῆς
1320 2601 1487 2686 μιάςύπο·

330 2710 456 2791 σχέσεως
472 2717 525 2795 τῆς
540 2707 638 2790 πάσης
654 2707 729 2774 κατά
745 2707 821 2774 θεάν
839 2712 1038 2794 πραγματείας
1055 2709 1123 2793 περὶ
1142 2705 1263 2773 πάντων
1277 2713 1336 2772 τάν
1352 2709 1488 2790 σφαλμά-

329 2837 389 2876 των
404 2806 651 2894 άσφαλιζομένης,·
678 2809 741 2877 Ούκ
758 2809 891 2897 ίγυωσάν
903 2836 934 2876 τε
947 2803 1031 2876 οὗτοι
1046 2808 1081 2875 τά
1096 2807 1205 2897 άκριβῆ
1220 2818 1275 2875 τοῦ
1287 2807 1488 2896 κηρύγματος,

331 2909 400 2980 ούδέ
422 2917 478 2980 τίνι
500 2912 633 3000 άφιάρισε
655 2912 688 2979 ιδ
711 2911 880 3000 άκρίρασμα
900 2921 988 2980 τοῦτο
1010 2921 1062 2995 τῆς
1083 2916 1228 2999 διγαμίας.

203 3343 255 3390 με·
268 3332 314 3378 ⁵⁰⁸·
416 3323 507 3389 Ἀλλά
523 3326 575 3390 καλ
590 3327 621 3390 σί
636 3321 696 3390 άπδ
715 3330 770 3389 τοῦ
784 3327 922 3409 διωγμοῦ
935 3322 1206 3410 παραπεπτωκύτες
1228 3324 1280 3390 καὶ
1296 3325 1415 3404 ένυτολ,
1437 3323 1490 3390 ἐάν

331 3429 515 3506 ἐνδείξωνται
536 3431 647 3492 τελείαν
666 3424 721 3508 τήν
742 3425 912 3508 μετάνοιαν,
935 3429 968 3492 ἐν
985 3425 1085 3516 σάκκῳ
1103 3428 1154 3492 καὶ
1171 3431 1273 3515 σποδῷ
1288 3428 1491 3502 καθεσθέντες

330 3533 382 3596 καλ
397 3529 576 3606 κλαύσαντες
593 3528 721 3595 ἐνάπιον
736 3534 853 3614 κυρίου,
877 3527 1004 3605 δύνατάς
1020 3532 1098 3595 ἐστιν
1113 3527 1131 3596 δ
1146 3527 1296 3616 εάεργέτης
1311 3532 1362 3594 καλ
1378 3526 1491 3605 αύτούς
1548 3567 1549 3572 1

332 3636 453 3717 ἐλεῆσαι.
498 3631 543 3698 Ού
557 3631 614 3718 γάρ
629 3659 657 3697 τι
671 3639 787 3712 φαῦλον
803 3637 911 3718 γίνεται
927 3630 989 3698 αἰτδ
1006 3637 1167 3715 μετανοίας.
1212 3633 1332 3714 Δέχεται
1348 3623 1406 3698 οὖν
1421 3631 1491 3707 τούς

332 3725 548 3820 μετανοοῦντας
566 3733 701 3826 δκάριος
717 3737 768 3799 καί
783 3733 804 3817 ἡ
819 3731 913 3800 αὐτοῦ
929 3738 1073 3818 ἐκκλησία.
1116 3733 1168 3811 Ὡς
1186 3736 1346 3820 ἐπέστρεψε
1363 3741 1490 3800 Μανασ-

333 3845 387 3923 σῆς
402 3836 421 3904 0‘
436 3837 502 3916 νίδς
517 3836 646 3915 Ἐζεκίαν
668 3837 720 3902 καλ
740 3838 847 3920 ἐδέχθη
867 3835 927 3903 ύπύ
944 3841 1067 3923 κυρίου,
1089 3840 1141 3902 καὶ
1158 3834 1177 3902 o‘
1193 3835 1399 3923 άρνησάμενσς
1415 3837 1492 3924 πρδς

334 3940 416 4028 ύίραν
436 3943 521 4028 άγιος
543 3941 673 4021 Πέτρος,
696 3942 747 4006 καλ
766 3939 1003 4026 κορυφαιότατος
1025 3946 1083 4006 τάν
1105 3937 1293 4019 ἀποστόλων,
1316 3939 1351 4016 ὃς
1371 3942 1491 4027 γέγονεν

333 4041 405 4126 ἡμῖν
423 4041 546 4126 άληθῶς
563 4040 664 4129 στερεά
684 4045 776 4130 πέτρα
798 4051 975 4126 θεμελιοῦσα
992 4041 1046 4126 τὴν
1065 4046 1164 4109 πίστιν
1181 4049 1235 4108 τοῦ
1256 4047 1380 4128 κυρίαν,
1405 4041 1452 4126 ἐφ’
1470 4035 1490 4132 ᾗ

336 4141 509 4233 φίκοδόμητο
523 4143 545 4230 ἡ
559 4149 696 4228 ἐκκλησία
710 4145 785 4212 κατά
801 4146 897 4216 πάντα
910 4146 1036 4232 τρόπον·
1056 4153 1178 4232 πρῶτον
1192 4146 1246 4226 μέν
1258 4144 1303 4211 ὅτι
1318 4143 1491 4232 ιύμολύγησε

337 4247 469 4331 Χριστδν
483 4248 536 4314 τάν
549 4248 618 4316 υίδν
633 4257 687 4314 τοῦ
701 4257 779 4315 θεοῦ
793 4257 847 4314 τοῦ
865 4257 988 4329 ζῶντος,
1010 4251 1061 4315 καί
1078 4247 1206 4332 ἤκουσεν
1221 4247 1282 4326 ὅτι,
1303 4245 1371 4314 Ἑπλ
1387 4257 1425 4339 τῇ
1440 4251 1489 4313 πέ-

335 4377 390 4439 τρμ
400 4350 493 4442 ταύτῃ
508 4358 561 4435 τῆς
572 4350 709 4434 άσφαλῆς
722 4356 847 4429 πίστεως
859 4352 1047 4437 οἰκοδομήσω
1063 4377 1122 4434 μου
1135 4349 1189 4434 τὴν
1204 4353 1371 4432 ἐκκλησίαν,
1387 4350 1491 4432 ἐπειδὴ

368 4489 546 4546 cn.v11.-
584 4494 606 4543 1.
623 4487 807 4557 λμπτνιύισδαι
823 4494 877 4543 εδει.
894 4495 970 4557 ριτπο.
1004 4489 1202 4561 δμπορνεύεσδαι
1218 4493 1272 4542 acm
1288 4493 1372 4544 Ριισν.
