3168 4926
322 253 363 318 36
751 261 873 314 ειαιτι
890 261 1061 314 εειειιιιιιι

321 385 469 468 θραπίας.
515 381 574 444 Καί
600 377 678 444 οῦτοι
701 380 751 444 καί
777 377 832 454 σῦς
853 377 985 458 ἐκάλεσε,
1016 375 1088 460 μετά
1110 378 1309 464 προαιρέσεως
1328 379 1480 460 κέκληκεν,

321 483 379 552 οῦκ
402 481 533 568 άνάγκην
556 480 735 564 ἐπιβάλλων,
765 479 802 546 οῦ
825 480 926 548 κλοιόν
949 481 1163 564 ἐπιτιθέμενος.
1208 480 1324 546 Φάσκει
1343 479 1400 566 γάρ
1421 479 1480 558 ότι,

323 594 480 668 Διψῶντες
498 588 596 650 ἔλθετε
616 583 693 670 πρός
710 609 759 666 με·
782 585 833 648 καλ
850 583 948 663 πάλιν,
973 587 1018 649 Εί
1030 611 1074 660 τις
1089 586 1170 649 θέλει
1184 585 1322 670 ἐρχεσθαι
1338 582 1416 668 πρός
1433 608 1480 665 με,

323 687 506 774 άρνησάσθοι
523 686 638 764 ἔαυτόν,
660 688 711 752 καλ
723 684 927 753 ’άκολουθείτοι
945 713 1011 770 μοι·
1032 689 1084 752 καλ
1100 685 1150 752 διά
1164 683 1285 752 Ἠσαίου
1301 693 1387 752 τοῦτο
1405 682 1479 750 αῦτό

324 790 530 877 φθεγγόμενος
548 793 656 876 ίλεγεν·
684 787 761 854 Ἐάν
781 791 902 872 θέλητε,
924 791 972 854 καλ
991 788 1181 872 είςαιιοόσητέ
1203 815 1270 872 μου.
1317 790 1378 852 Καὶ
1397 787 1480 854 ῦστε-

323 921 388 980 ρον,
409 898 459 958 ’ίνα
474 897 554 982 δείξη
571 889 589 958 ό
606 890 764 978 προφήτης
781 891 827 957 ὅτι
842 896 887 968 τίς
904 894 981 957 ἐστιν
999 891 1131 979 όλέγιιν,
1153 894 1228 974 έφη,
1255 890 1296 958 Τό
1311 889 1368 978 γάρ
1384 888 1481 972 στόμα

322 1002 429 1081 κυρίου
454 995 572 1078 ἐλάλησε
595 1002 695 1059 ταῦτα.
741 997 800 1058 Καὶ
819 993 892 1083 ὁρᾷς
912 993 987 1060 κατά
1009 994 1107 1060 πάντα
1123 994 1236 1081 τρόπον
1253 993 1309 1077 τήν
1329 991 1407 1080 πρός
1427 991 1481 1059 τόν

321 1109 408 1164 θεῖον
430 1097 550 1184 γράμμα
572 1095 686 1162 τούτων
709 1100 893 1178 διαφωνίαν,
919 1097 1046 1182 καλιήν
1069 1095 1188 1163 άλλοίαν
1210 1095 1357 1164 όπόνσιάυ
1377 1121 1408 1161 τε
1427 1097 1479 1161 ιιαλ

321 1199 476 1284 ῦπόληψιν
496 1198 578 1286 παρά
593 1198 648 1281 τήν
668 1207 723 1265 τοῦ
743 1207 822 1265 θεοῦ
841 1205 938 1266 πίστιν
960 1202 1011 1266 καλ
1034 1198 1234 1278 άκολονθίανς
1267 1202 1329 1266 Καὶ
1349 1197 1405 1285 γάρ
1426 1199 1481 1264 καλ

322 1309 492 1386 Μαξιμίλλα
508 1300 578 1380 τοῦς
591 1305 735 1378 θέλοντας
749 1305 799 1368 καλ
822 1301 863 1385 μή
879 1305 1025 1379 θέλοντας
1046 1305 1140 1388 έλεγεν
1155 1300 1340 1389 άναγκάζειν·
1364 1298 1405 1376 σός
1426 1302 1480 1366 καί

321 1409 351 1484 ἐξ
368 1404 461 1472 αότοῦ
478 1413 533 1472 τοῦ
551 1408 643 1490 ῥητοῦ
665 1404 808 1486 ψεύσεται
823 1402 988 1488 ήτοιαάτη.
1035 1404 1111 1470 Οῦτε
1127 1404 1184 1490 γάρ
1199 1407 1343 1481 θέλοντας
1364 1405 1480 1481 ἐδίδαξε

321 1517 429 1596 ηυῶσιν
446 1515 537 1588 θεοῦ,
559 1506 598 1592 ἣν
614 1506 670 1574 οῦκ
688 1507 766 1597 Ιήδει,
789 1506 860 1574 υόδέ
878 1506 950 1584 τοῦς
972 1505 1012 1590 μή
1034 1509 1177 1585 θέλοντας
1198 1505 1372 1592 ήνάγιιασεν.
1414 1503 1479 1571 Δά-

319 1616 387 1677 τίκα
400 1608 438 1676 οῦ
452 1609 561 1686 πάντες
577 1613 609 1676 σί
620 1613 652 1676 ἐν
667 1618 708 1699 τῷ
724 1609 826 1700 κόσμῳ
842 1614 939 1676 οίδασι
954 1615 982 1678 τί
995 1613 1072 1677 ἐστιν
1086 1608 1181 1695 ὄνομα
1192 1613 1388 1693 Μαξιμίλλης,
1407 1606 1479 1674 οάδέ

320 1719 379 1780 τῶν
395 1711 486 1798 αὐτῆς
500 1712 597 1799 λόγοιν
614 1711 648 1778 τό
666 1712 885 1799 παράφθεγμα·
908 1714 958 1778 καλ
973 1711 1048 1778 κατά
1064 1709 1162 1778 πάντα
1176 1711 1288 1799 τρόπον
1309 1714 1442 1778 διέπεσεν
1456 1707 1478 1794 ή

322 1815 435 1884 τοῦτον
456 1817 662 1898 πεπλανημένη
685 1819 816 1894 ἐπίνοια,
841 1814 897 1882 οῦκ
920 1807 995 1881 οόσα
1016 1824 1069 1898 τῆς
1088 1820 1144 1884 τοῦ
1164 1823 1242 1882 θεοῦ
1255 1812 1412 1898 άληθείας.

185 1911 252 1980 Κεφ·
265 1909 306 1968 ¹⁸·
414 1927 527 2003 Τιμιῦσι
542 1920 573 1984 δέ
588 1922 619 1984 σί
631 1925 761 1986 τοιοῦτοι
775 1920 827 1983 καί
841 1918 935 1984 τόπον
948 1916 1012 1984 τινά
1029 1921 1139 2004 ἔρημον
1157 1921 1190 1984 ἐν
1205 1926 1241 2008 τῇ
1259 1921 1392 2006 Φρυγίᾳ,
1416 1917 1476 1982 Πέ-

194 2009 245 2054 '⁸¹'
256 1996 301 2041 ⁴1⁸.
323 2004 435 2099 πουζάν
452 2048 522 2088 ποτε
538 2024 723 2104 καλουμένην
740 2019 836 2100 πόλιν,
858 2027 912 2086 νῦν
927 2023 959 2088 δέ
973 2020 1190 2104 ήδαφισμένην,
1211 2025 1263 2086 καί
1276 2041 1370 2102 φασιν
1384 2021 1477 2084 ἐκεῖσε

321 2125 450 2190 κατιέναι
465 2122 517 2208 τήν
534 2121 595 2190 άνοτ
613 2120 808 2209 Ἰερουσαλήμ.
843 2123 939 2188 Ὅθεν
958 2121 1150 2208 ἀπερχόμενοι
1168 2121 1314 2210 μυστήριά
1330 2147 1397 2188 τινα
1413 2124 1477 2188 ἐπι·

319 2234 448 2294 τελοῦσιν
465 2229 497 2292 ἐν
514 2234 555 2314 τῷ
572 2225 654 2315 τόπῳ
671 2227 722 2291 καλ
738 2224 922 2311 άγιάζουσιυ,
944 2223 986 2302 τίς
1000 2224 1268 2310 ὑπολαμβάνωσιν.
1305 2225 1398 2291 Ἔστι
1418 2223 1475 2312 γάρ

319 2330 371 2394 καί
386 2327 419 2396 τό
438 2330 523 2416 γένος
544 2331 576 2394 ἐν
591 2336 626 2418 τῇ
643 2333 844 2417 Καππαδοκίᾳ
863 2331 913 2394 καλ
931 2333 1076 2417 Γαλατίᾳ,
1098 2330 1149 2394 καλ
1167 2332 1199 2395 ἐν
1218 2337 1254 2418 τῇ
1275 2330 1475 2417 προειρημένη

323 2435 457 2521 Φρυγίᾳ,
480 2429 555 2498 ὅθεν
572 2430 647 2498 κατά
665 2431 789 2520 Φρύγας
803 2429 825 2515 ή
841 2435 952 2517 οίίρεσις
970 2440 1113 2499 καλεῖται·
1135 2429 1206 2498 άλλά
1222 2433 1274 2499 ιιαλ
1293 2433 1325 2498 ἐν
1342 2434 1474 2519 Κιλικία,

319 2537 371 2602 καλ
393 2537 425 2600 έν
443 2533 753 2602 Κανσταντινουπόλει
774 2533 805 2600 τό
828 2542 969 2602 πλεῖστον.
1009 2554 1012 2564 ’

395 2737 467 2804 Ἵνα
487 2740 520 2804 δέ
539 2740 630 2823 μηδέν
650 2744 873 2823 καταλείψομεν
894 2747 954 2805 νῦν
977 2738 1054 2827 πρός
1074 2737 1169 2823 ὄνομα
1189 2738 1315 2823 ἑκάστης
1334 2741 1475 2826 αἱρέσεως

320 2838 373 2921 όφ’
395 2838 481 2924 ήμῦν
501 2844 779 2928 προδεδηλαμένης,
807 2843 856 2908 καί
881 2844 950 2928 περὶ
972 2851 1026 2908 τοῦ
1045 2847 1306 2930 Τασκοδρουγιτῦν
1327 2840 1476 2925 όνόμστος

320 2935 413 3020 αὖθις
428 2945 559 3028 ἐροῦμεν.
595 2941 686 3010 Ἔστι
706 2943 763 3030 γάρ
781 2942 814 3009 τό
831 2941 926 3027 ὄνομα
942 2953 1029 3012 τοῦτο
1046 2943 1068 3029 ή
1083 2948 1116 3011 έν
1130 2944 1205 3036 αὐτῇ
1222 2943 1332 3036 ταῦτη,
1354 2944 1422 3028 ήέν
1437 2951 1475 3035 τῇ

319 3045 391 3128 μετά
413 3043 523 3129 ταύτην
545 3053 606 3112 τάν
624 3053 855 3112 Κυϊντιλλιανῦν
877 3049 1057 3138 καλουμένη·
1086 3045 1136 3113 άπ’
1160 3047 1259 3114 αάτῦν
1281 3046 1337 3135 γάρ
1359 3045 1475 3113 τοῦτον

322 3145 450 3233 όρμῦται
471 3151 625 3215 καὶτοῦτο
642 3146 675 3214 τό
692 3147 795 3232 ὄνομα.
840 3156 1009 3219 Καλοῦυται
1024 3151 1058 3216 δέ
1074 3147 1125 3216 διά
1140 3149 1280 3234 τοιαότην
1300 3153 1397 3216 αἰτίαν
1416 3157 1472 3214 Ἰλι-

319 3254 533 3336 σκοδρουηῐται.
582 3249 696 3328 Τασκός
717 3249 786 3338 παρ’
804 3249 905 3330 αὐτοῖς
926 3251 1078 3330 πάσσαλος
1098 3260 1241 3332 καλεῖται,
1264 3259 1420 3339 Δροῦγγος
1441 3253 1474 3318 δέ

318 3351 452 3438 μυκτήρ,
480 3357 577 3419 είτουν
599 3354 720 3441 διἠχος,
746 3363 891 3435 καλεῖται,
920 3357 972 3420 καλ
995 3353 1055 3422 άπό
1076 3362 1131 3420 τοῦ
1149 3357 1266 3422 τιθέναι
1286 3357 1400 3421 ίαντῦν
1420 3352 1475 3420 τόν

319 3453 465 3522 δάκτυλον
480 3453 532 3522 τόν
546 3455 703 3541 λεγόμενον
719 3456 837 3541 λιχανόν
854 3460 902 3524 έπλ
918 3455 972 3524 τόν
986 3465 1122 3544 μυκτῆρα
1143 3459 1230 3547 ἐντῷ
1246 3455 1400 3542 εὔχεσθαι,
1422 3461 1473 3540 δή·

316 3567 374 3624 θεν
390 3563 550 3641 κατηφείας
564 3561 649 3645 χάριν
665 3561 715 3625 καί
731 3558 1024 3644 ἐθελοδικαιοσότης,
1048 3560 1216 3644 ἐκλήθησαν
1229 3557 1290 3626 άπό
1306 3587 1396 3626 τινοιν
1416 3567 1472 3626 Τα-

318 3663 542 3748 σκοδρουγίται,
569 3664 700 3729 τουτέστι
723 3669 1004 3748 Πασσαλορυγχῖσαι.
1047 3661 1103 3728 Ἐν
1122 3661 1215 3752 ταότη
1239 3663 1272 3727 δέ
1293 3671 1330 3753 τῇ
1352 3665 1473 3746 αέρέσει,

316 3761 337 3846 ἢ
354 3767 386 3830 ἐν
403 3769 439 3854 τῇ
456 3761 571 3854 συζῦγφ
589 3763 697 3848 ταόιης
715 3772 768 3848 τῆς
785 3773 845 3831 τάν
862 3771 1102 3845 Κυίντιλλιανῦν,
1124 3769 1222 3832 είτοαν
1241 3771 1476 3850 Πρισκιλλιανῦν

315 3867 368 3930 καί
384 3873 601 3946 Πεπουζιανοίν
616 3871 799 3958 καλουμένη,
822 3867 920 3934 δεινόν
937 3895 964 3934 τι
979 3870 1030 3934 καλ
1045 3867 1189 3951 άθέμιτον
1203 3869 1291 3952 ἔργον
1306 3871 1379 3949 φασλ
1398 3873 1477 3956 γίνε·

316 3975 398 4032 σθαι.
440 3973 542 4036 Παίδα
555 3968 612 4055 γάρ
631 3975 740 4061 κομιδῇ
754 3971 862 4055 νήπιον
876 3969 951 4038 κατά
964 3971 1070 4058 έυρτήν
1084 3997 1147 4036 τινα
1161 3966 1200 4036 δι’
1213 3969 1288 4036 όλυυ
1301 3979 1356 4038 τοῦ
1373 3970 1477 4055 σοι’μα-

316 4093 367 4146 τος
384 4077 617 4148 κατακεντοῦντες
637 4075 742 4157 ραφίσι
759 4081 879 4157 χαλκαῖς
896 4071 929 4140 τό
944 4069 1018 4158 αίμα
1034 4071 1127 4141 αότοῦ
1144 4078 1389 4160 προςπορίζονται
1405 4075 1475 4141 ἐαυ-

315 4181 394 4252 τοίς,
417 4175 459 4249 είς
481 4174 667 4256 ἐπιτήδευσιν
688 4179 782 4258 δῆθεν
799 4181 917 4254 θυσίας.

140 4267 144 4276 ’
181 4289 247 4359 Κεφ.
260 4288 298 4344 ιε’.
398 4271 529 4360 Ἀρκέσει
552 4277 582 4342 δέ
606 4273 679 4360 ήμίν
703 4276 723 4342 όί
743 4278 794 4342 καλ
813 4281 881 4365 περὶ
902 4278 1012 4364 ταύτης
1029 4278 1201 4363 είρήκαμεν,
1234 4271 1473 4362 άέπιπόθητοι.

319 4372 592 4463 ιἘπηνγειλάμεθα
606 4377 662 4464 γάρ
683 4377 743 4446 άπό
764 4379 911 4464 ’ἑκάστης
929 4383 981 4464 μέν
997 4383 1135 4467 αἱρέσεως
1148 4380 1190 4465 μή
1205 4387 1376 4466 φθονῆσαι,
1398 4379 1474 4449 άλλά

350 4513 409 4568 σι».
423 4517 481 4568 xv.
493 4489 532 4556 Ι-
554 4518 575 4567 ι.
592 4517 983 4584 summ.1.tm1.pmm
1001 4519 1089 4584 ειμι
