3116 4934
320 211 457 264 ananau
474 211 538 263 Lis.
551 212 581 263 ll.
599 213 681 265 Tem.
696 214 716 264 l.
734 211 833 264 HAER.
850 211 919 262 th.
1144 201 1204 262 lii

58 332 156 417 itaque,
174 335 347 414 cmficeocs
357 343 449 404 εειεει
460 337 495 396 dc
505 335 593 408 εεὸὶε,
610 337 761 408 carissimi,
782 335 898 396 meliora
909 344 938 394 et
949 337 1086 394 viciniora
1099 335 1198 406 soluti,
1214 343 1285 389 usur.
1292 345 1314 402 ε,
1323 343 1344 389 t.

59 441 159 498 inormi
173 439 215 496 c'ta
230 438 381 517 inquom.
414 437 481 498 Neo
498 441 570 500 corin
590 441 712 499 ciciustus
730 447 775 498 esi
787 440 866 510 deus,
892 447 926 496 ει
939 437 1122 498 obliuiscetur
1137 437 1207 497 doni

60 542 248 620 qensoestri.
284 535 389 622 loquo
403 538 486 601 vides
500 539 741 622 quemadmodum
758 549 788 601 ει
802 538 1044 602 instaurationem
1058 537 1139 602 illam
1155 560 1203 601 εε-

60 641 170 704 condam
188 639 252 703 lieni
265 661 323 704 εοε
342 661 429 726 posse
446 642 565 706 omniuo
583 640 829 727 pronuntiaverit,
853 661 949 725 neque
965 651 1060 704 tamen
1077 659 1092 702 a
1108 641 1202 705 salute

58 743 112 807 illos
128 742 295 806 excluserit
311 763 384 827 quos
404 745 514 828 peceati
532 743 576 808 sui
599 745 780 829 poeniteret,
805 744 903 808 sedet
922 744 1008 808 saluti
1027 743 1205 829 propinquos

59 866 112 910 esse
134 845 264 925 dixerit,
295 855 325 909 et
342 846 427 910 deum
446 859 527 910 recte
550 847 586 910 ab
603 847 640 911 iis
661 849 803 912 lactarem
828 867 895 912 esse
912 856 1132 932 susceptorem,
1157 847 1207 930 qui

58 949 219 1012 delictorum
235 969 355 1012 suorum
377 948 540 1013 absolutam
558 951 766 1035 poenitentiam
785 960 993 1034 capesserent,
1019 970 1109 1034 seque
1132 951 1206 1013 odeo

59 1062 269 1131 converterent,
294 1051 480 1136 animumque
500 1063 658 1116 mutarent.
705 1047 903 1135 Qtraombrem
924 1073 988 1115 cum
1010 1051 1128 1116 divinus
1143 1073 1207 1116 ser·

57 1177 110 1234 mc,
136 1166 200 1218 tum
224 1166 325 1218 saneta
349 1155 395 1218 dei
419 1155 546 1218 ecelesia
568 1166 709 1241 perpetuo
733 1155 943 1241 poeniteutiam
966 1155 1124 1240 approbet,
1149 1175 1209 1218 nou

58 1259 120 1340 quod
137 1257 259 1322 mollior
276 1279 310 1321 ac
329 1257 449 1322 dilutior
463 1257 518 1337 sit,
544 1269 593 1322 out
612 1259 754 1344 pigriores
777 1259 842 1322 illos
862 1258 950 1323 iaciat
968 1259 1061 1343 quiin
1079 1257 1129 1322 illo
1147 1269 1208 1322 sta·

58 1361 96 1423 dio
109 1363 290 1440 decurrunt,
315 1361 366 1424 sed
390 1371 422 1424 ut
443 1361 632 1446 deigratiam
655 1361 922 1445 humanitatemque
942 1383 999 1424 εεε
1018 1361 1149 1440 εείἰείει,
1174 1381 1209 1424 εε

57 1463 188 1548 cuiusque
214 1483 337 1527 caussae
361 1464 479 1527 modum
498 1466 692 1528 serationem
712 1464 891 1528 conoeideret.
939 1461 979 1528 Ut
997 1465 1074 1527 enim
1092 1465 1134 1542 is,
1159 1463 1209 1548 qui

57 1564 248 1649 uirginitatem
264 1566 373 1646 amisit,
398 1567 474 1651 quod
492 1567 528 1630 ad
545 1587 652 1652 eorpus
668 1568 784 1647 attinet,
808 1577 1034 1652 repraesentare
1053 1567 1131 1630 illam
1150 1587 1209 1630 rnen

56 1679 160 1750 potest,
187 1691 252 1732 eum
273 1669 298 1732 id
321 1669 439 1733 minime
460 1680 564 1734 natura
588 1671 732 1755 patiatur,
763 1670 802 1733 ita
823 1670 871 1754 qui
893 1680 961 1755 post
983 1669 1156 1755 baptismum
1179 1669 1209 1732 iu

56 1772 158 1835 maiore
185 1772 326 1856 quaedam
352 1771 475 1836 crimina
497 1773 650 1859 prolapsus
673 1785 735 1851 εει,
767 1772 888 1858 perinde
913 1794 949 1836 ac
972 1773 1019 1857 qui
1039 1772 1209 1856 virginitate

55 1873 158 1937 excidit
176 1875 336 1940 secundum
361 1874 495 1939 hebetia
516 1877 697 1940 continentia
715 1875 978 1940 commendationis
1001 1877 1141 1960 gradums
1166 1873 1211 1939 sio

53 1974 96 2038 ille
112 1987 181 2062 post
197 1977 371 2062 baptismum
388 1978 527 2062 graviore
545 1980 703 2043 obstrietus
716 1979 832 2043 scelere
847 1979 1006 2042 seeundum
1027 1980 1114 2042 habet
1131 1977 1210 2042 sani·

54 2079 115 2143 tatis
129 2101 240 2164 genus.
280 2077 365 2162 Quod
385 2081 499 2144 tametsi
519 2103 583 2146 cum
602 2093 695 2161 tauta,
720 2092 827 2166 quauta
845 2082 938 2167 prius,
963 2081 1073 2146 virtute
1091 2080 1210 2144 minime

54 2183 238 2246 coniunctum
258 2183 311 2262 sit,
336 2203 394 2246 nou
413 2194 573 2247 esttamen
592 2205 609 2248 a
628 2185 853 2268 consequendae
872 2183 952 2273 vitae
976 2205 1028 2268 spe
1051 2205 1085 2248 ac
1107 2183 1210 2248 salutis

54 2283 191 2349 alienum.
229 2281 322 2368 igitur
339 2306 453 2363 eorum,
479 2286 573 2370 quiin
590 2288 768 2372 capessenda
787 2285 965 2371 poenitentia
981 2286 1126 2366 laborant,
1151 2288 1211 2348 lru·

54 2397 125 2450 etum
148 2409 186 2452 ae
209 2389 369 2472 praemium
393 2388 509 2452 divinus
532 2411 631 2453 sermo
654 2411 713 2453 oon
737 2388 844 2453 reiicit.

131 2488 298 2554 Praeterea
325 2490 410 2554 iidem
438 2491 477 2555 illi
505 2493 621 2576 longius
641 2513 680 2554 ex
703 2491 755 2555 ille
782 2491 917 2574 dogmate
944 2490 1129 2576 prosilientes
1155 2489 1211 2554 alia
1230 2495 1290 2564 Cep·
1302 2495 1345 2546 111·

53 2595 192 2675 quaedam
209 2592 392 2656 adiecerunt.
425 2593 518 2657 Aiunt
533 2595 610 2658 euim
627 2615 660 2658 se
675 2595 797 2657 eandem
812 2593 964 2658 nobiscum
980 2594 1090 2658 habere
1107 2593 1210 2672 tidem,

53 2697 100 2758 sed
121 2707 223 2762 tamen
241 2717 305 2760 cum
323 2696 446 2780 digamis
463 2697 679 2760 communicare
698 2697 875 2760 detrectant.
921 2693 998 2759 Nam
1014 2696 1038 2760 si
1058 2695 1122 2780 quis
1145 2705 1213 2781 post

54 2796 226 2884 baptismum
246 2799 404 2862 secundam
426 2820 551 2864 uxorem
573 2799 710 2878 duxerit,
735 2799 845 2862 abillis
864 2821 923 2863 ooo
946 2799 1068 2883 amplius
1085 2797 1213 2863 admitti·

53 2911 106 2964 tur.
154 2899 245 2986 Quod
265 2901 380 2986 quidem
406 2902 491 2986 plane
515 2903 652 2966 stolidum
671 2912 728 2966 est.
774 2900 812 2968 Ut
833 2901 952 2966 enimsi
972 2901 1037 2986 quis
1062 2912 1212 2966 natantem

53 3003 175 3089 aliquem
200 3004 230 3066 in
250 3024 324 3088 aqua
348 3003 471 3086 viderit,
496 3027 530 3070 ac
551 3005 668 3070 natandi
694 3025 777 3069 usum
800 3004 942 3088 ignorans
964 3025 1031 3070 sese
1054 3005 1084 3068 in
1108 3027 1212 3090 aquam

52 3106 252 3185 commiserit,
277 3127 447 3192 capessam
470 3107 554 3187 ierit,
580 3109 657 3192 quod
674 3118 704 3171 et
726 3109 788 3171 eius
806 3108 848 3170 rei
868 3107 909 3170 sit
925 3128 1034 3192 expers
1058 3119 1088 3170 et
1110 3128 1211 3171 eorum

52 3207 97 3292 qui
120 3209 263 3274 manibus
290 3231 325 3273 ac
348 3209 469 3295 pedibus
493 3210 580 3275 salusti
605 3231 677 3275 suae
705 3211 862 3274 consulunt
887 3210 1011 3273 scientia
1033 3211 1152 3274 minime
1171 3211 1213 3275 sit

52 3312 220 3394 praeditus,
245 3311 298 3375 sed
315 3313 392 3376 ultro
411 3335 514 3398 aquam
538 3313 690 3377 existimet
707 3313 779 3377 citra
797 3333 932 3376 manuum
950 3313 1137 3398 agitationem
1161 3313 1214 3376 ho·

51 3413 157 3479 minem
175 3413 338 3478 sustinere.
385 3416 448 3479 Αει
463 3416 703 3500 quemadmodum
727 3416 837 3501 siquis
861 3417 1039 3501 praelectum
1062 3415 1212 3479 audistin

50 3535 99 3580 eos
117 3517 407 3582 animadvertentem
431 3518 480 3602 qui
499 3519 557 3582 ulla
575 3519 603 3582 in
627 3539 659 3582 re
679 3519 765 3583 etiam
785 3520 903 3583 minima
927 3518 1104 3603 deliquerint
1124 3528 1212 3601 atque

50 3621 173 3684 eandem
192 3619 223 3682 in
241 3641 344 3684 omnes
367 3640 491 3704 poenam
513 3621 700 3686 eornstitutam
720 3620 896 3702 arbitretur,
919 3620 1158 3706 quemadmodum
1181 3619 1212 3681 io

50 3741 100 3786 ecs
116 3723 169 3807 qui
187 3721 602 3808 patricidiumcommiseriot,
627 3723 671 3787 sic
690 3725 718 3787 io
734 3724 801 3787 illos
818 3724 866 3809 qui
883 3723 947 3788 aliis
965 3721 1135 3787 calumniati
1151 3722 1212 3784 lue·

49 3823 124 3904 rial,
150 3837 205 3890 aut
223 3825 378 3910 pugnando
398 3825 615 3891 lacessiverint.
661 3824 718 3890 Vel
736 3826 857 3913 perinde
877 3848 911 3890 ac
928 3826 954 3890 si
971 3826 1052 3888 rudis
1069 3822 1212 3908 quispiam

49 3938 78 3988 et
93 3927 254 4012 imperitus
272 3927 472 4012 magistratum
489 3929 588 3994 videat
603 3939 748 4014 potestate
768 3929 928 4013 praeditum
946 3926 1072 4012 gladium
1096 3927 1126 3989 in
1149 3945 1213 3990 soe·

47 4029 162 4096 leratna
186 4031 381 4117 distringere,
405 4022 486 4098 velut
505 4033 653 4097 renelieos
677 4042 726 4095 aut
750 4031 936 4116 blasphemos
960 4040 1010 4094 aut
1033 4028 1209 4114 perduelles,

80 4255 144 4306 Car.
164 4255 211 4304 tll.
228 4281 263 4294 -
299 4253 320 4306 l.
337 4251 469 4322 διγεὶμεις,
488 4257 551 4320 qnod
565 4269 617 4308 ren·
649 4256 687 4306 εει
698 4247 753 4304 lteri
766 4257 879 4318 margine.
907 4253 1057 4316 Vutqoentnt
1072 4253 1212 4320 διδαγμεΐς.

48 4329 120 4374 cmm
145 4325 270 4387 ρεειειει,
296 4325 555 4376 muneremunere
577 4327 618 4387 qui
650 4325 727 4386 Neque
744 4322 992 4386 arimenensium.

48 4405 121 4443 mu
137 4397 271 4452 ετεεειεε,
297 4395 364 4441 ectus
383 4395 512 4454 scripturas
531 4393 618 4443 diserc-
684 4393 709 4442 ⁴2.
733 4390 822 4457 καινῆς
847 4404 901 4441 msc
922 4395 954 4440 est
976 4393 1114 4442 εεεεειειιε.
1147 4391 1213 4440 Libri

47 4467 131 4520 mccc
157 4461 199 4509 nte
219 4461 268 4508 ittte
290 4463 412 4510 annotarit
428 4462 456 4510 Α.
470 4461 577 4511 Scltcttsu
592 4463 618 4511 io
651 4461 736 4511 dolcat
751 4457 797 4512 xci
812 4457 868 4525 τῆς.

103 4541 203 4597 corpus
215 4537 350 4586 ιιεεεειοει.
363 4537 392 4586 ιι.
405 4541 426 4586 ι.
970 4549 1009 4610 12
