3116 4934
342 231 404 298 206
767 245 1074 298 εινοτιεειιιιιιιιι

229 357 239 380 ⁸
342 357 454 446 τούτηος
476 356 560 424 Ἀλλά
579 357 664 426 3κατ’
676 362 791 443 ἐκείνην
806 359 859 444 τὴν
874 363 1030 448 παρθένον
1043 364 1127 448 λέγει,
1148 361 1203 446 τὴν
1216 363 1257 446 μὴ
1268 361 1413 446 όρίσασαν
1424 367 1490 448 θεῷ.

342 457 427 526 Ἀλλά
452 459 501 526 ῦιοί
526 460 580 543 τήν
602 460 731 548 άπορίαν
748 471 803 546 τῆς
820 465 894 528 κατά
916 463 969 530 τόν
987 464 1092 548 καιρόν
1109 468 1221 532 ἐκεῖνον
1243 466 1357 548 σπάνης
1377 471 1437 530 τῶν
1456 465 1492 538 τίς

345 561 476 647 Χριστόν
502 563 738 631 πεπιστευκότων
763 563 839 630 κατά
864 563 998 650 άνάγκην
1020 569 1114 645 οὕτως
1143 572 1310 634 ἐπετελεῖτο.
1362 571 1424 632 Καὶ
1452 565 1492 632 ότι

342 674 434 732 ταῦτα
451 665 546 742 οὕτως
562 669 633 750 ἔχει,
654 667 765 744 θιιλάξει
781 665 861 750 ἡμᾶς
876 666 893 733 ό
910 666 1000 745 οῦτάς
1017 667 1195 750 ἀπόστολος,
1216 674 1318 757 λέγων,
1343 673 1492 756 Νειτέρας

343 767 436 855 χήρας
452 778 612 852 παραιτοῦ·
635 768 707 852 μετά
724 769 780 856 γάρ
796 769 829 835 τύ
846 771 1092 856 καταστρηνιάσαι
1107 781 1162 838 τοῦ
1180 779 1312 860 Χριστοῦ
1326 783 1433 860 γαμεῖν
1448 773 1492 838 θί·

342 881 455 951 λουσιν,
479 875 598 955 ἔχουσαι
612 877 713 957 κρίμα,
736 873 783 939 ὅτι
797 870 851 954 τὴν
866 873 988 956 πρώτην
1006 879 1104 940 πίστιν
1119 874 1278 959 ἠθίιησαν.
1322 868 1386 940 ⁴³11
1398 880 1494 940 τοίνυν

343 977 371 1039 εί
388 977 439 1040 καί
457 971 477 1056 τί
500 973 572 1055 μετά
595 983 698 1059 πεῖραν
719 972 834 1057 κόσμου
857 975 1022 1060 χηρεύσασα
1044 975 1122 1062 γυνή
1146 978 1197 1044 διά
1220 976 1253 1043 τό
1277 975 1414 1061 τετάχθαι
1436 983 1494 1064 θεῷ

344 1080 445 1144 ἔπειτα
468 1077 585 1162 γήμασα
599 1082 691 1160 κρίμα
709 1079 781 1156 ἕξει,
809 1075 980 1160 άθετήσασα
1002 1078 1055 1162 τήν
1077 1079 1196 1166 πρύτην
1218 1085 1331 1159 πίστιν,
1361 1079 1448 1167 πόσῳ
1468 1103 1494 1164 γε

345 1189 453 1264 μᾶλλον
468 1177 489 1263 ἡ
507 1181 558 1244 καί
577 1177 669 1261 αύτιὶν
687 1178 757 1244 άνευ
775 1185 880 1264 πείρας
894 1179 1009 1263 κόσμον
1025 1179 1172 1248 άναθείσιι
1188 1184 1342 1269 παρθένος
1362 1189 1428 1270 θεῷ
1450 1209 1494 1268 γα-

346 1282 480 1366 μιίσασας
501 1289 567 1358 πῶς
581 1279 645 1365 ούχί
660 1290 769 1364 μᾶλλον
783 1281 859 1372 αὐτῇ
874 1279 947 1368 ύπίρ
964 1293 1103 1368 περισσοῦ
1117 1289 1340 1371 κατεστρηνίασε
1356 1291 1495 1368 Χριστοῦ,

342 1388 394 1452 καί
408 1384 464 1468 τὴν
478 1390 595 1467 μείζονα
612 1389 711 1450 πίστιν
727 1382 869 1466 ἡθίτησε,
891 1388 942 1454 καλ
961 1388 1018 1465 ἕξει
1033 1393 1123 1472 κρίμα
1140 1385 1183 1464 τίς
1197 1386 1433 1472 άναχιιλασθεῖσα
1447 1393 1496 1468 τῆς

345 1491 422 1562 ίθίας
444 1487 520 1554 κατά
542 1485 616 1554 θεόν
637 1489 825 1574 προθίσεοος,Ι

219 1699 287 1770 Κεφ·
302 1695 332 1762 ί·
434 1697 622 1777 Γαμείτωσαν
645 1698 761 1774 τοίνυν,
787 1699 1064 1780 τεκνογονείτοτσαν,
1092 1698 1408 1774 οίκοῦεσποτείτιισαν,
1429 1693 1496 1760 σύν-

344 1823 435 1880 τομος
450 1800 501 1862 καί
517 1799 606 1879 μίσος
620 1793 639 1862 ό
653 1795 740 1881 λόγος
754 1795 829 1861 κατά
841 1804 900 1862 τῶν
915 1795 950 1860 τά
968 1805 1070 1876 φαῦλα
1084 1801 1304 1880 διανοουμένων
1318 1800 1386 1884 περί
1402 1797 1498 1880 πάσης

345 1903 584 1983 ἐκκλησιαστικῆς
599 1905 653 1964 τοῦ
668 1897 858 1984 κηρύγματος
875 1896 1056 1976 ύποθέσεοις.
1098 1899 1347 1986 Παρεκβάλλουσα
1362 1901 1417 1984 μέν
1432 1899 1500 1974 τοῦς

345 2005 481 2088 λέγοντας
499 1999 624 2077 ἐαυτοῦς
637 1999 864 2076 Ἀποστολιιιούς
878 2003 930 2066 καί
947 2000 1149 2088 Ἐγκρατίτιις,
1171 2001 1414 2088 παρεκβάλλουσα
1432 2000 1499 2076 τούς

347 2103 586 2192 ύῦαρευομένους
610 2106 641 2168 ἐν
664 2110 700 2192 τῇ
725 2105 863 2192 ἐκκλησίᾳ
887 2106 939 2170 καί
964 2102 1184 2182 άναπείθοντας
1211 2105 1344 2191 ιγύναια
1368 2103 1431 2170 άπό
1457 2129 1500 2168 τε·

347 2213 425 2274 λείου
443 2205 558 2292 δρόμου
576 2204 815 2288 άυαχαλασθέντα
834 2203 954 2272 άθετεῖν
967 2206 1021 2290 τὴν
1037 2206 1178 2290 τοιαύτην
1193 2215 1247 2274 τοῦ
1265 2206 1381 2293 δρόμου
1398 2205 1501 2272 τελειό-

345 2337 425 2394 τητα.
471 2311 532 2376 Καί
549 2311 605 2392 ἔχει
623 2309 676 2391 μέν
694 2305 840 2394 άμαρτίαν
855 2311 908 2374 καί
921 2313 1012 2394 κρίμα
1029 2307 1209 2394 ύάθετήσας
1223 2317 1301 2376 θεοῦ
1316 2307 1371 2392 τὴν
1387 2319 1502 2394 παρθε

346 2419 423 2492 νίαν,
446 2413 498 2480 καί
512 2410 706 2495 καταισχύνας
718 2409 770 2478 τόν
784 2409 893 2497 άγῦνα.
922 2417 1141 2498 Παραφθείρας
1152 2411 1208 2499 γάρ
1223 2411 1323 2499 άγῦνα
1337 2409 1355 2478 ύ
1369 2408 1502 2496 άθλητής
1552 2460 1553 2484 ,

347 2518 518 2600 μαστιχθείς
534 2513 700 2597 ἐκβάλλεται
717 2521 771 2580 τοῦ
787 2512 903 2599 άγοίνος
917 2515 968 2578 καί
984 2520 1194 2600 παροφθιίρας
1211 2539 1256 2590 τις
1272 2517 1440 2599 παρθενίαν
1458 2515 1502 2578 ἐκ·

226 2635 334 2696 μησεν
348 2619 481 2702 βάλλεται
500 2624 553 2684 τοῦ
576 2615 714 2684 τοιούτου
738 2615 868 2702 δρόμου,
890 2617 941 2681 ιιαλ
958 2617 1121 2698 στεφάνου,
1143 2619 1194 2684 καί
1215 2619 1367 2700 βραβείου.
1410 2614 1501 2680 Ἀλλά

346 2720 479 2807 κρεῖττόν
494 2723 555 2785 ἐστι
571 2723 672 2804 κρίμα,
693 2721 745 2784 καί
759 2719 801 2803 μὴ
813 2717 988 2804 κατάκριμα.
1013 2723 1054 2784 Οἱ
1064 2717 1122 2805 γάρ
1135 2717 1186 2784 διά
1197 2718 1230 2784 τύ
1248 2717 1289 2802 μή
1301 2721 1500 2802 αἰσχυνθῆναι

347 2834 409 2899 τοῖς
420 2821 595 2908 άνθριύποις
607 2829 710 2908 κρυφῆ
723 2821 915 2908 πορνεύοντες
926 2827 1047 2888 ποιοῦσι
1061 2827 1210 2906 πορνείας,
1228 2820 1395 2906 ’προφάσει
1413 2819 1501 2905 μονό·

270 2953 274 2964 “
347 2953 448 3009 τητος,
470 2923 492 3008 ἢ
507 2928 688 3010 ἐγκρατείας,
711 2923 748 2990 ού
765 2924 842 3009 πρός
858 2922 1041 3010 άνθριόπους
1055 2925 1153 3006 ἐχουσι
1169 2922 1223 3006 τήν
1239 2919 1408 3009 ύμολογίιιν,
1431 2921 1502 2989 άλλύ

348 3029 425 3114 πρός
445 3026 519 3093 θεόν
535 3026 588 3094 τόν
609 3025 708 3094 είιίύτα
725 3025 763 3092 τά
777 3025 892 3112 κρύφια
908 3028 960 3092 καί
977 3029 1159 3111 ἐξελέγχοντα
1176 3033 1276 3092 πᾶσαν
1294 3025 1391 3110 σάρκα
1413 3029 1446 3092 ἐν
1467 3032 1502 3114 τῇ

348 3129 441 3196 αὐτοῦ
455 3134 604 3218 παρουσίμ
619 3131 687 3214 περί
703 3122 746 3196 οίυ
761 3131 883 3206 ἕκαστος
897 3128 1016 3214 ἥμαρτε.
1048 3135 1190 3212 Κρεῖττον
1205 3133 1306 3194 τοίνυν
1321 3131 1397 3210 ἐχειν
1411 3126 1504 3212 άμαρ-

348 3237 413 3299 τίαν
429 3238 515 3314 μίαν,
536 3233 589 3300 καί
606 3232 646 3316 μή
667 3234 881 3318 περισσοτέρας.
926 3238 1068 3313 Κρεῖτιον
1084 3229 1212 3296 πεσόντα
1228 3228 1289 3296 άπύ
1308 3230 1426 3316 δρόμου
1447 3257 1504 3311 φα-

347 3342 441 3420 νερῦς
465 3337 559 3424 ἐαυτῷ
576 3339 677 3418 λαβεῖν
693 3344 819 3420 γυναῖκα
840 3332 916 3400 κατά
938 3333 1046 3415 νόμον,
1069 3335 1119 3398 καί
1141 3331 1200 3398 άπύ
1219 3337 1385 3417 παρθενίας
1406 3339 1505 3420 πολλῷ

346 3436 442 3526 χρόνῳ
468 3437 686 3521 μετανοήσαντα
708 3440 879 3520 είςαχθῆναι
900 3434 989 3501 πάλιν
1010 3438 1052 3512 είς
1072 3433 1126 3517 τὴν
1147 3438 1316 3518 ἐκκλησίαν,
1339 3432 1383 3512 τίς
1403 3442 1506 3510 κακῶς

346 3539 562 3626 ἐργασάμενον,
591 3537 633 3617 οίς
657 3539 886 3625 παραπεσόντι,
917 3540 967 3603 καί
993 3540 1177 3616 κλασθέντα,
1205 3539 1257 3602 καί
1277 3542 1378 3622 χρείαν
1399 3541 1506 3620 ἔχοντα

347 3643 537 3725 ίπιῦέματος,
559 3645 610 3708 καί
629 3641 670 3725 μὴ
692 3639 762 3708 καθ’
780 3641 906 3724 ἑκάστην
926 3638 1040 3726 ἡμίραν
1056 3641 1151 3722 βέλεσι
1168 3643 1309 3724 κρυφίοις
1325 3638 1506 3726 κατατετρῦ-

348 3755 473 3812 σκεσθαι
498 3748 669 3831 ε’πονηρίας
689 3741 750 3810 ύπύ
773 3745 917 3826 διαβόλου
940 3743 1021 3832 αύτῷ
1043 3743 1263 3828 ἐπιφερομίνης.

212 3959 280 4028 Κεφ.
297 3957 331 4026 η’.
436 3951 541 4028 Ούτυς
559 3946 676 4032 οίδενιί
694 3951 831 4032 ἐκκλησία
853 3947 1022 4036 κηρύττειν,
1042 3955 1137 4013 ,ταῦτα
1159 3945 1195 4012 τά
1217 3945 1362 4030 φάρμακα
1382 3952 1438 4029 τῆς
1461 3945 1508 4011 ίά·

382 4126 407 4178 3.
424 4125 479 4179 κατ’
496 4123 592 4193 ἐκείνην
610 4140 659 4189 ego.
694 4123 738 4177 ναλ
756 4122 853 4191 ἐκείνην
877 4127 905 4174 λλ·
939 4127 1058 4175 Petamus.
1091 4123 1157 4171 Libri
1173 4123 1256 4170 λοοικι
1272 4125 1388 4186 γυναῖκα.

349 4198 385 4245 bri
402 4200 451 4244 ιοιιι
467 4197 548 4257 πείρετ’
564 4208 637 4258 ηιιοιιι
653 4195 717 4244 editi.
973 4193 998 4242 ¹2.
1015 4193 1095 4240 ῦιιιιε
1111 4191 1203 4252 aliquid
1218 4193 1350 4250 suspicatus
1366 4191 1509 4238 παλαίοιεν

291 4285 294 4292 ’
384 4259 408 4312 4.
422 4251 461 4313 Ἦ
475 4261 553 4314 τοίνυν
569 4260 592 4314 εί
606 4259 650 4314 καί
666 4276 707 4324 εςο
722 4263 837 4324 rescripsi.
865 4263 906 4310 Li·
940 4263 1052 4311 Ρειουιιιε
1077 4262 1118 4320 qui
1143 4261 1254 4307 λιόιοειιιιι
1280 4262 1332 4306 ven.
1360 4259 1510 4318 ιαὶμιιαααι

349 4333 386 4380 bn·
399 4333 461 4380 ιιιίιιι
476 4331 559 4380 habent
572 4328 606 4382 Ελ
620 4327 698 4382 τοίνυν
714 4328 737 4382 εί
750 4327 802 4380 καί.
837 4331 907 4380 Ρελο-
940 4325 1062 4393 πορνείας.
1079 4321 1098 4392 ἦ
1113 4323 1249 4392 μανότητος
1261 4328 1359 4386 repetiit.
1392 4327 1511 4376 λὀιαοοιλ

348 4402 401 4449 υἱιιι
416 4394 549 4448 ολιιιαιιιεί
566 4401 656 4448 uncinis
669 4400 766 4448 πολαυίλ.
939 4411 1067 4478 moden
1096 4413 1158 4476 quod
1181 4411 1289 4462 „vm
1321 4425 1381 4474 W,
1400 4393 1510 4474 ἧς·

385 4481 444 4534 θεν.
462 4483 517 4534 vn.
541 4507 575 4520 -
619 4482 641 4534 ί.
665 4479 755 4548 γύναια
778 4481 910 4532 emendavit
941 4485 1028 4532 ιοιιοοι
1043 4485 1069 4534 ιιι
1084 4492 1133 4540 νοτ.
1146 4477 1276 4546 πορνείας,
1291 4491 1352 4542 μετα
1369 4481 1393 4532 ξι
1408 4481 1432 4530 in
1444 4493 1512 4540 ρατ-
