<?xml version="1.0" encoding="UTF-8"?>
<!DOCTYPE html PUBLIC "-//W3C//DTD XHTML 1.0 Transitional//EN"
    "http://www.w3.org/TR/xhtml1/DTD/xhtml1-transitional.dtd">
<html xmlns="http://www.w3.org/1999/xhtml" xml:lang="en" lang="en">
 <head>
  <title>
</title>
<meta http-equiv="Content-Type" content="text/html;charset=utf-8" />
  <meta name='ocr-system' content='tesseract 3.04.00' />
  <meta name='ocr-capabilities' content='ocr_page ocr_carea ocr_par ocr_line ocrx_word'/>
</head>
<body>
  <div class='ocr_page' id='page_1' title='image "./corporishaerese02oehlgoog_0256.png"; bbox 0 0 3116 4934; ppageno 0'>
   <div class='ocr_carea' id='block_1_1' title="bbox 349 237 1233 306">
    <p class='ocr_par' dir='ltr' id='par_1_1' title="bbox 349 237 1233 306">
     <span class='ocr_line' id='line_1_1' title="bbox 349 237 1233 306; baseline 0.005 -4"><span class='ocrx_word' id='word_1_1' title='bbox 349 249 611 304; x_wconf 68' lang='lat' dir='ltr'>renuntient.</span> <span class='ocrx_word' id='word_1_2' title='bbox 627 249 964 304; x_wconf 63' lang='lat' dir='ltr'>renuntientur.</span> <span class='ocrx_word' id='word_1_3' title='bbox 1172 237 1233 306; x_wconf 71' lang='lat' dir='ltr'>tto</span> 
     </span>
    </p>
   </div>
   <div class='ocr_carea' id='block_1_2' title="bbox 81 367 1388 3014">
    <p class='ocr_par' dir='ltr' id='par_1_2' title="bbox 81 367 1388 3014">
     <span class='ocr_line' id='line_1_2' title="bbox 82 367 1233 457; baseline 0.001 -24"><span class='ocrx_word' id='word_1_4' title='bbox 82 369 129 454; x_wconf 88' lang='lat' dir='ltr'>qni</span> <span class='ocrx_word' id='word_1_5' title='bbox 144 369 340 439; x_wconf 85' lang='lat' dir='ltr'>nronss&#39;tioutn</span> <span class='ocrx_word' id='word_1_6' title='bbox 356 369 437 434; x_wconf 64' lang='lat' dir='ltr'>vitm</span> <span class='ocrx_word' id='word_1_7' title='bbox 452 389 546 455; x_wconf 73' lang='lat' dir='ltr'>genus</span> <span class='ocrx_word' id='word_1_8' title='bbox 561 370 738 457; x_wconf 83' lang='lat' dir='ltr'>speeieipse</span> <span class='ocrx_word' id='word_1_9' title='bbox 762 369 951 457; x_wconf 78' lang='lat' dir='ltr'>profitentur,</span> <span class='ocrx_word' id='word_1_10' title='bbox 974 367 1079 457; x_wconf 87' lang='lat' dir='ltr'>quippe</span> <span class='ocrx_word' id='word_1_11' title='bbox 1097 387 1132 436; x_wconf 88' lang='lat' dir='ltr'>ss</span> <span class='ocrx_word' id='word_1_12' title='bbox 1152 381 1183 435; x_wconf 89' lang='lat' dir='ltr'>et</span> <span class='ocrx_word' id='word_1_13' title='bbox 1203 371 1233 434; x_wconf 87' lang='lat' dir='ltr'>is</span> 
     </span>
     <span class='ocr_line' id='line_1_3' title="bbox 82 471 1235 560; baseline 0.002 -24"><span class='ocrx_word' id='word_1_14' title='bbox 82 472 256 536; x_wconf 69' lang='lat' dir='ltr'>solitudines</span> <span class='ocrx_word' id='word_1_15' title='bbox 273 471 458 551; x_wconf 87' lang='lat' dir='ltr'>obdiderunt,</span> <span class='ocrx_word' id='word_1_16' title='bbox 482 485 513 537; x_wconf 90' lang='lat' dir='ltr'>et</span> <span class='ocrx_word' id='word_1_17' title='bbox 527 484 725 560; x_wconf 75' lang='lat' dir='ltr'>paupertatem</span> <span class='ocrx_word' id='word_1_18' title='bbox 745 473 928 560; x_wconf 77' lang='lat' dir='ltr'>profitentur,</span> <span class='ocrx_word' id='word_1_19' title='bbox 951 473 1090 559; x_wconf 78' lang='lat' dir='ltr'>pestilera</span> <span class='ocrx_word' id='word_1_20' title='bbox 1106 471 1156 538; x_wconf 83' lang='lat' dir='ltr'>ills</span> <span class='ocrx_word' id='word_1_21' title='bbox 1172 471 1235 558; x_wconf 90' lang='lat' dir='ltr'>qni·</span> 
     </span>
     <span class='ocr_line' id='line_1_4' title="bbox 81 575 1235 662; baseline 0.003 -24"><span class='ocrx_word' id='word_1_22' title='bbox 81 575 164 653; x_wconf 84' lang='lat' dir='ltr'>deon,</span> <span class='ocrx_word' id='word_1_23' title='bbox 188 595 225 638; x_wconf 80' lang='lat' dir='ltr'>ee</span> <span class='ocrx_word' id='word_1_24' title='bbox 240 585 360 639; x_wconf 82' lang='lat' dir='ltr'>veteres</span> <span class='ocrx_word' id='word_1_25' title='bbox 375 595 477 640; x_wconf 85' lang='lat' dir='ltr'>omnes</span> <span class='ocrx_word' id='word_1_26' title='bbox 495 575 678 662; x_wconf 72' lang='lat' dir='ltr'>improbitate</span> <span class='ocrx_word' id='word_1_27' title='bbox 693 595 855 661; x_wconf 78' lang='lat' dir='ltr'>superent,</span> <span class='ocrx_word' id='word_1_28' title='bbox 878 593 1000 660; x_wconf 75' lang='lat' dir='ltr'>quern·</span> <span class='ocrx_word' id='word_1_29' title='bbox 1018 594 1138 640; x_wconf 80' lang='lat' dir='ltr'>errores</span> <span class='ocrx_word' id='word_1_30' title='bbox 1155 597 1235 640; x_wconf 87' lang='lat' dir='ltr'>enm·</span> 
     </span>
     <span class='ocr_line' id='line_1_5' title="bbox 81 673 1236 764; baseline 0 -23"><span class='ocrx_word' id='word_1_31' title='bbox 81 677 232 763; x_wconf 73' lang='lat' dir='ltr'>plectitur.</span> <span class='ocrx_word' id='word_1_32' title='bbox 277 673 356 742; x_wconf 80' lang='lat' dir='ltr'>Nero</span> <span class='ocrx_word' id='word_1_33' title='bbox 374 677 443 742; x_wconf 86' lang='lat' dir='ltr'>lieet</span> <span class='ocrx_word' id='word_1_34' title='bbox 459 677 567 744; x_wconf 70' lang='lat' dir='ltr'>nutum</span> <span class='ocrx_word' id='word_1_35' title='bbox 584 677 778 744; x_wconf 70' lang='lat' dir='ltr'>tentatoribus</span> <span class='ocrx_word' id='word_1_36' title='bbox 796 678 858 744; x_wconf 87' lang='lat' dir='ltr'>sois</span> <span class='ocrx_word' id='word_1_37' title='bbox 876 697 960 743; x_wconf 86' lang='lat' dir='ltr'>nsnrn</span> <span class='ocrx_word' id='word_1_38' title='bbox 974 676 1162 764; x_wconf 75' lang='lat' dir='ltr'>turpitudinis</span> <span class='ocrx_word' id='word_1_39' title='bbox 1181 678 1236 742; x_wconf 85' lang='lat' dir='ltr'>int·</span> 
     </span>
     <span class='ocr_line' id='line_1_6' title="bbox 81 779 1234 865; baseline 0.003 -23"><span class='ocrx_word' id='word_1_40' title='bbox 81 789 189 865; x_wconf 80' lang='lat' dir='ltr'>ponet,</span> <span class='ocrx_word' id='word_1_41' title='bbox 213 779 368 845; x_wconf 85' lang='lat' dir='ltr'>elsurdens</span> <span class='ocrx_word' id='word_1_42' title='bbox 387 790 484 844; x_wconf 86' lang='lat' dir='ltr'>tumeo</span> <span class='ocrx_word' id='word_1_43' title='bbox 502 779 677 865; x_wconf 86' lang='lat' dir='ltr'>iupienqee</span> <span class='ocrx_word' id='word_1_44' title='bbox 698 779 734 846; x_wconf 93' lang='lat' dir='ltr'>de</span> <span class='ocrx_word' id='word_1_45' title='bbox 753 779 808 846; x_wconf 86' lang='lat' dir='ltr'>deo</span> <span class='ocrx_word' id='word_1_46' title='bbox 828 779 1004 845; x_wconf 81' lang='lat' dir='ltr'>sententious</span> <span class='ocrx_word' id='word_1_47' title='bbox 1023 801 1076 865; x_wconf 91' lang='lat' dir='ltr'>per</span> <span class='ocrx_word' id='word_1_48' title='bbox 1094 800 1234 846; x_wconf 83' lang='lat' dir='ltr'>summunt</span> 
     </span>
     <span class='ocr_line' id='line_1_7' title="bbox 82 880 1235 965; baseline 0 -19"><span class='ocrx_word' id='word_1_49' title='bbox 82 880 292 965; x_wconf 88' lang='lat' dir='ltr'>turpitudinen</span> <span class='ocrx_word' id='word_1_50' title='bbox 311 881 425 946; x_wconf 91' lang='lat' dir='ltr'>inserit.</span> <span class='ocrx_word' id='word_1_51' title='bbox 471 881 521 947; x_wconf 80' lang='lat' dir='ltr'>Ex</span> <span class='ocrx_word' id='word_1_52' title='bbox 545 883 600 946; x_wconf 79' lang='lat' dir='ltr'>loe</span> <span class='ocrx_word' id='word_1_53' title='bbox 622 883 699 947; x_wconf 81' lang='lat' dir='ltr'>eninr</span> <span class='ocrx_word' id='word_1_54' title='bbox 725 885 806 948; x_wconf 85' lang='lat' dir='ltr'>lento</span> <span class='ocrx_word' id='word_1_55' title='bbox 828 883 940 948; x_wconf 88' lang='lat' dir='ltr'>erroris</span> <span class='ocrx_word' id='word_1_56' title='bbox 958 883 1003 948; x_wconf 92' lang='lat' dir='ltr'>sni</span> <span class='ocrx_word' id='word_1_57' title='bbox 1023 901 1123 946; x_wconf 68' lang='lat' dir='ltr'>sumni</span> <span class='ocrx_word' id='word_1_58' title='bbox 1143 881 1235 946; x_wconf 76' lang='lat' dir='ltr'>Arios</span> 
     </span>
     <span class='ocr_line' id='line_1_8' title="bbox 82 984 1236 1070; baseline 0.001 -24"><span class='ocrx_word' id='word_1_59' title='bbox 82 984 214 1069; x_wconf 85' lang='lat' dir='ltr'>seeepit,</span> <span class='ocrx_word' id='word_1_60' title='bbox 245 1003 280 1047; x_wconf 89' lang='lat' dir='ltr'>so</span> <span class='ocrx_word' id='word_1_61' title='bbox 304 984 407 1069; x_wconf 88' lang='lat' dir='ltr'>reliqui</span> <span class='ocrx_word' id='word_1_62' title='bbox 431 984 569 1070; x_wconf 85' lang='lat' dir='ltr'>deieeeps</span> <span class='ocrx_word' id='word_1_63' title='bbox 592 1005 713 1064; x_wconf 86' lang='lat' dir='ltr'>omnes,</span> <span class='ocrx_word' id='word_1_64' title='bbox 742 985 822 1052; x_wconf 83' lang='lat' dir='ltr'>velut</span> <span class='ocrx_word' id='word_1_65' title='bbox 842 985 1007 1064; x_wconf 82' lang='lat' dir='ltr'>Anomoei,</span> <span class='ocrx_word' id='word_1_66' title='bbox 1036 995 1067 1048; x_wconf 91' lang='lat' dir='ltr'>et</span> <span class='ocrx_word' id='word_1_67' title='bbox 1090 985 1118 1048; x_wconf 93' lang='lat' dir='ltr'>id</span> <span class='ocrx_word' id='word_1_68' title='bbox 1141 1001 1236 1068; x_wconf 70' lang='lat' dir='ltr'>genus</span> 
     </span>
     <span class='ocr_line' id='line_1_9' title="bbox 81 1083 1234 1174; baseline 0.002 -26"><span class='ocrx_word' id='word_1_69' title='bbox 81 1085 141 1150; x_wconf 89' lang='lat' dir='ltr'>slii.</span> <span class='ocrx_word' id='word_1_70' title='bbox 179 1083 331 1172; x_wconf 81' lang='lat' dir='ltr'>Principio</span> <span class='ocrx_word' id='word_1_71' title='bbox 348 1107 385 1149; x_wconf 90' lang='lat' dir='ltr'>eo</span> <span class='ocrx_word' id='word_1_72' title='bbox 399 1087 572 1152; x_wconf 80' lang='lat' dir='ltr'>temeritatis</span> <span class='ocrx_word' id='word_1_73' title='bbox 588 1107 764 1174; x_wconf 72' lang='lat' dir='ltr'>progressus</span> <span class='ocrx_word' id='word_1_74' title='bbox 780 1098 842 1167; x_wconf 89' lang='lat' dir='ltr'>est,</span> <span class='ocrx_word' id='word_1_75' title='bbox 867 1099 899 1152; x_wconf 93' lang='lat' dir='ltr'>ut</span> <span class='ocrx_word' id='word_1_76' title='bbox 917 1097 1033 1152; x_wconf 81' lang='lat' dir='ltr'>asseret</span> <span class='ocrx_word' id='word_1_77' title='bbox 1052 1085 1234 1169; x_wconf 79' lang='lat' dir='ltr'>nniqenitnns</span> 
     </span>
     <span class='ocr_line' id='line_1_10' title="bbox 82 1185 1235 1276; baseline 0 -26"><span class='ocrx_word' id='word_1_78' title='bbox 82 1185 171 1252; x_wconf 78' lang='lat' dir='ltr'>ilium</span> <span class='ocrx_word' id='word_1_79' title='bbox 190 1197 302 1273; x_wconf 84' lang='lat' dir='ltr'>petrem</span> <span class='ocrx_word' id='word_1_80' title='bbox 318 1187 419 1253; x_wconf 86' lang='lat' dir='ltr'>videre</span> <span class='ocrx_word' id='word_1_81' title='bbox 434 1211 494 1254; x_wconf 94' lang='lat' dir='ltr'>non</span> <span class='ocrx_word' id='word_1_82' title='bbox 511 1211 615 1275; x_wconf 86' lang='lat' dir='ltr'>posse,</span> <span class='ocrx_word' id='word_1_83' title='bbox 640 1211 736 1276; x_wconf 90' lang='lat' dir='ltr'>neque</span> <span class='ocrx_word' id='word_1_84' title='bbox 752 1190 885 1276; x_wconf 87' lang='lat' dir='ltr'>spiritum</span> <span class='ocrx_word' id='word_1_85' title='bbox 901 1189 1009 1268; x_wconf 88' lang='lat' dir='ltr'>lilinrn,</span> <span class='ocrx_word' id='word_1_86' title='bbox 1034 1209 1128 1273; x_wconf 90' lang='lat' dir='ltr'>neque</span> <span class='ocrx_word' id='word_1_87' title='bbox 1144 1207 1235 1271; x_wconf 74' lang='lat' dir='ltr'>enge·</span> 
     </span>
     <span class='ocr_line' id='line_1_11' title="bbox 82 1289 1236 1378; baseline 0.003 -26"><span class='ocrx_word' id='word_1_88' title='bbox 82 1289 125 1352; x_wconf 85' lang='lat' dir='ltr'>lon</span> <span class='ocrx_word' id='word_1_89' title='bbox 140 1289 289 1374; x_wconf 83' lang='lat' dir='ltr'>spiritum,</span> <span class='ocrx_word' id='word_1_90' title='bbox 314 1311 408 1377; x_wconf 90' lang='lat' dir='ltr'>neque</span> <span class='ocrx_word' id='word_1_91' title='bbox 424 1291 557 1360; x_wconf 82' lang='lat' dir='ltr'>homiues</span> <span class='ocrx_word' id='word_1_92' title='bbox 574 1293 707 1377; x_wconf 76' lang='lat' dir='ltr'>anelos.</span> <span class='ocrx_word' id='word_1_93' title='bbox 741 1295 840 1377; x_wconf 80' lang='lat' dir='ltr'>Atque</span> <span class='ocrx_word' id='word_1_94' title='bbox 855 1292 902 1358; x_wconf 88' lang='lat' dir='ltr'>itio</span> <span class='ocrx_word' id='word_1_95' title='bbox 917 1293 1028 1378; x_wconf 86' lang='lat' dir='ltr'>primus</span> <span class='ocrx_word' id='word_1_96' title='bbox 1045 1290 1122 1356; x_wconf 88' lang='lat' dir='ltr'>illins</span> <span class='ocrx_word' id='word_1_97' title='bbox 1137 1290 1236 1374; x_wconf 87' lang='lat' dir='ltr'>lnpsns</span> 
     </span>
     <span class='ocr_line' id='line_1_12' title="bbox 83 1388 1236 1480; baseline 0.002 -26"><span class='ocrx_word' id='word_1_98' title='bbox 83 1391 149 1455; x_wconf 85' lang='lat' dir='ltr'>init.</span> <span class='ocrx_word' id='word_1_99' title='bbox 196 1388 243 1456; x_wconf 77' lang='lat' dir='ltr'>to</span> <span class='ocrx_word' id='word_1_100' title='bbox 258 1391 338 1458; x_wconf 86' lang='lat' dir='ltr'>enirn</span> <span class='ocrx_word' id='word_1_101' title='bbox 356 1413 394 1456; x_wconf 84' lang='lat' dir='ltr'>ex</span> <span class='ocrx_word' id='word_1_102' title='bbox 415 1395 506 1480; x_wconf 80' lang='lat' dir='ltr'>petiis</span> <span class='ocrx_word' id='word_1_103' title='bbox 523 1394 688 1460; x_wconf 78' lang='lat' dir='ltr'>solisteutis</span> <span class='ocrx_word' id='word_1_104' title='bbox 708 1395 797 1460; x_wconf 83' lang='lat' dir='ltr'>lilium</span> <span class='ocrx_word' id='word_1_105' title='bbox 813 1415 883 1460; x_wconf 86' lang='lat' dir='ltr'>esse</span> <span class='ocrx_word' id='word_1_106' title='bbox 901 1405 1020 1472; x_wconf 85' lang='lat' dir='ltr'>oenset,</span> <span class='ocrx_word' id='word_1_107' title='bbox 1043 1405 1077 1458; x_wconf 94' lang='lat' dir='ltr'>nt</span> <span class='ocrx_word' id='word_1_108' title='bbox 1090 1391 1236 1457; x_wconf 83' lang='lat' dir='ltr'>nilrilousi·</span> 
     </span>
     <span class='ocr_line' id='line_1_13' title="bbox 82 1494 1236 1582; baseline 0.002 -26"><span class='ocrx_word' id='word_1_109' title='bbox 82 1515 137 1558; x_wconf 91' lang='lat' dir='ltr'>nos</span> <span class='ocrx_word' id='word_1_110' title='bbox 152 1504 272 1559; x_wconf 82' lang='lat' dir='ltr'>orestus</span> <span class='ocrx_word' id='word_1_111' title='bbox 289 1494 389 1560; x_wconf 82' lang='lat' dir='ltr'>inerit.</span> <span class='ocrx_word' id='word_1_112' title='bbox 434 1494 530 1580; x_wconf 80' lang='lat' dir='ltr'>Quone</span> <span class='ocrx_word' id='word_1_113' title='bbox 549 1499 664 1582; x_wconf 85' lang='lat' dir='ltr'>quidem</span> <span class='ocrx_word' id='word_1_114' title='bbox 682 1497 746 1564; x_wconf 86' lang='lat' dir='ltr'>sole</span> <span class='ocrx_word' id='word_1_115' title='bbox 762 1497 790 1562; x_wconf 91' lang='lat' dir='ltr'>id</span> <span class='ocrx_word' id='word_1_116' title='bbox 808 1497 902 1582; x_wconf 74' lang='lat' dir='ltr'>gretie</span> <span class='ocrx_word' id='word_1_117' title='bbox 920 1507 1109 1562; x_wconf 89' lang='lat' dir='ltr'>eonseoutnrn</span> <span class='ocrx_word' id='word_1_118' title='bbox 1130 1495 1236 1560; x_wconf 83' lang='lat' dir='ltr'>existi·</span> 
     </span>
     <span class='ocr_line' id='line_1_14' title="bbox 83 1596 1235 1684; baseline 0.002 -26"><span class='ocrx_word' id='word_1_119' title='bbox 83 1608 158 1675; x_wconf 83' lang='lat' dir='ltr'>nst,</span> <span class='ocrx_word' id='word_1_120' title='bbox 183 1607 216 1660; x_wconf 92' lang='lat' dir='ltr'>nt</span> <span class='ocrx_word' id='word_1_121' title='bbox 230 1597 306 1662; x_wconf 87' lang='lat' dir='ltr'>lilius</span> <span class='ocrx_word' id='word_1_122' title='bbox 323 1597 480 1662; x_wconf 81' lang='lat' dir='ltr'>diseretor.</span> <span class='ocrx_word' id='word_1_123' title='bbox 527 1597 588 1672; x_wconf 87' lang='lat' dir='ltr'>Sed</span> <span class='ocrx_word' id='word_1_124' title='bbox 611 1599 677 1666; x_wconf 86' lang='lat' dir='ltr'>eliis</span> <span class='ocrx_word' id='word_1_125' title='bbox 699 1599 787 1684; x_wconf 73' lang='lat' dir='ltr'>leuge</span> <span class='ocrx_word' id='word_1_126' title='bbox 806 1599 992 1684; x_wconf 77' lang='lat' dir='ltr'>gravioribus</span> <span class='ocrx_word' id='word_1_127' title='bbox 1010 1597 1160 1664; x_wconf 87' lang='lat' dir='ltr'>erroribus</span> <span class='ocrx_word' id='word_1_128' title='bbox 1182 1596 1235 1661; x_wconf 85' lang='lat' dir='ltr'>ins·</span> 
     </span>
     <span class='ocr_line' id='line_1_15' title="bbox 82 1697 1237 1786; baseline 0.004 -25"><span class='ocrx_word' id='word_1_129' title='bbox 82 1699 207 1784; x_wconf 80' lang='lat' dir='ltr'>plieotus</span> <span class='ocrx_word' id='word_1_130' title='bbox 223 1707 281 1762; x_wconf 86' lang='lat' dir='ltr'>est.</span> <span class='ocrx_word' id='word_1_131' title='bbox 325 1697 404 1764; x_wconf 84' lang='lat' dir='ltr'>Nem</span> <span class='ocrx_word' id='word_1_132' title='bbox 421 1703 546 1766; x_wconf 85' lang='lat' dir='ltr'>enimsrn</span> <span class='ocrx_word' id='word_1_133' title='bbox 565 1701 690 1766; x_wconf 78' lang='lat' dir='ltr'>hominis</span> <span class='ocrx_word' id='word_1_134' title='bbox 711 1713 779 1767; x_wconf 89' lang='lat' dir='ltr'>onte</span> <span class='ocrx_word' id='word_1_135' title='bbox 802 1723 909 1786; x_wconf 89' lang='lat' dir='ltr'>eorpus</span> <span class='ocrx_word' id='word_1_136' title='bbox 931 1701 1065 1766; x_wconf 78' lang='lat' dir='ltr'>extitisse</span> <span class='ocrx_word' id='word_1_137' title='bbox 1084 1711 1182 1785; x_wconf 83' lang='lat' dir='ltr'>putet,</span> <span class='ocrx_word' id='word_1_138' title='bbox 1205 1709 1237 1766; x_wconf 85' lang='lat' dir='ltr'>et</span> 
     </span>
     <span class='ocr_line' id='line_1_16' title="bbox 82 1801 1237 1890; baseline 0.002 -24"><span class='ocrx_word' id='word_1_139' title='bbox 82 1801 199 1866; x_wconf 80' lang='lat' dir='ltr'>eosdem</span> <span class='ocrx_word' id='word_1_140' title='bbox 217 1801 340 1885; x_wconf 73' lang='lat' dir='ltr'>angelos</span> <span class='ocrx_word' id='word_1_141' title='bbox 354 1823 422 1866; x_wconf 88' lang='lat' dir='ltr'>esse</span> <span class='ocrx_word' id='word_1_142' title='bbox 437 1803 622 1888; x_wconf 82' lang='lat' dir='ltr'>virtutesque</span> <span class='ocrx_word' id='word_1_143' title='bbox 636 1805 822 1890; x_wconf 82' lang='lat' dir='ltr'>superiores,</span> <span class='ocrx_word' id='word_1_144' title='bbox 847 1824 922 1889; x_wconf 88' lang='lat' dir='ltr'>quse</span> <span class='ocrx_word' id='word_1_145' title='bbox 935 1804 1011 1888; x_wconf 91' lang='lat' dir='ltr'>qnod</span> <span class='ocrx_word' id='word_1_146' title='bbox 1028 1812 1150 1888; x_wconf 85' lang='lat' dir='ltr'>peseeto</span> <span class='ocrx_word' id='word_1_147' title='bbox 1166 1821 1237 1868; x_wconf 90' lang='lat' dir='ltr'>oott·</span> 
     </span>
     <span class='ocr_line' id='line_1_17' title="bbox 83 1902 1236 1993; baseline 0.003 -29"><span class='ocrx_word' id='word_1_148' title='bbox 83 1902 246 1981; x_wconf 84' lang='lat' dir='ltr'>trsxsriut,</span> <span class='ocrx_word' id='word_1_149' title='bbox 270 1904 401 1989; x_wconf 87' lang='lat' dir='ltr'>snpplieii</span> <span class='ocrx_word' id='word_1_150' title='bbox 420 1925 524 1970; x_wconf 84' lang='lat' dir='ltr'>neusse</span> <span class='ocrx_word' id='word_1_151' title='bbox 541 1907 572 1970; x_wconf 93' lang='lat' dir='ltr'>in</span> <span class='ocrx_word' id='word_1_152' title='bbox 597 1906 651 1971; x_wconf 88' lang='lat' dir='ltr'>hoo</span> <span class='ocrx_word' id='word_1_153' title='bbox 675 1927 783 1993; x_wconf 89' lang='lat' dir='ltr'>eorpus</span> <span class='ocrx_word' id='word_1_154' title='bbox 799 1907 932 1972; x_wconf 88' lang='lat' dir='ltr'>inelnsoe</span> <span class='ocrx_word' id='word_1_155' title='bbox 947 1916 1032 1985; x_wconf 88' lang='lat' dir='ltr'>sont,</span> <span class='ocrx_word' id='word_1_156' title='bbox 1056 1903 1236 1991; x_wconf 79' lang='lat' dir='ltr'>proindeque</span> 
     </span>
     <span class='ocr_line' id='line_1_18' title="bbox 81 2006 1237 2094; baseline -0.001 -23"><span class='ocrx_word' id='word_1_157' title='bbox 81 2007 114 2071; x_wconf 84' lang='lat' dir='ltr'>td</span> <span class='ocrx_word' id='word_1_158' title='bbox 131 2025 245 2092; x_wconf 87' lang='lat' dir='ltr'>poenes</span> <span class='ocrx_word' id='word_1_159' title='bbox 260 2006 426 2072; x_wconf 76' lang='lat' dir='ltr'>subeundas</span> <span class='ocrx_word' id='word_1_160' title='bbox 443 2029 459 2070; x_wconf 89' lang='lat' dir='ltr'>s</span> <span class='ocrx_word' id='word_1_161' title='bbox 478 2008 534 2073; x_wconf 89' lang='lat' dir='ltr'>deo</span> <span class='ocrx_word' id='word_1_162' title='bbox 550 2009 694 2094; x_wconf 77' lang='lat' dir='ltr'>relegari,</span> <span class='ocrx_word' id='word_1_163' title='bbox 718 2020 752 2074; x_wconf 90' lang='lat' dir='ltr'>ut</span> <span class='ocrx_word' id='word_1_164' title='bbox 768 2009 814 2076; x_wconf 89' lang='lat' dir='ltr'>hin</span> <span class='ocrx_word' id='word_1_165' title='bbox 834 2008 931 2072; x_wconf 91' lang='lat' dir='ltr'>indieii</span> <span class='ocrx_word' id='word_1_166' title='bbox 949 2008 1056 2094; x_wconf 90' lang='lat' dir='ltr'>prioris</span> <span class='ocrx_word' id='word_1_167' title='bbox 1076 2006 1237 2071; x_wconf 81' lang='lat' dir='ltr'>denuntio·</span> 
     </span>
     <span class='ocr_line' id='line_1_19' title="bbox 81 2108 1237 2196; baseline 0 -24"><span class='ocrx_word' id='word_1_168' title='bbox 81 2128 148 2172; x_wconf 83' lang='lat' dir='ltr'>neon</span> <span class='ocrx_word' id='word_1_169' title='bbox 166 2108 345 2172; x_wconf 85' lang='lat' dir='ltr'>sustinssnt.</span> <span class='ocrx_word' id='word_1_170' title='bbox 391 2108 485 2194; x_wconf 81' lang='lat' dir='ltr'>Quum</span> <span class='ocrx_word' id='word_1_171' title='bbox 504 2110 541 2174; x_wconf 84' lang='lat' dir='ltr'>olt</span> <span class='ocrx_word' id='word_1_172' title='bbox 559 2131 713 2190; x_wconf 78' lang='lat' dir='ltr'>osussonn,</span> <span class='ocrx_word' id='word_1_173' title='bbox 737 2114 797 2190; x_wconf 90' lang='lat' dir='ltr'>sit,</span> <span class='ocrx_word' id='word_1_174' title='bbox 821 2120 851 2174; x_wconf 89' lang='lat' dir='ltr'>et</span> <span class='ocrx_word' id='word_1_175' title='bbox 869 2131 976 2196; x_wconf 90' lang='lat' dir='ltr'>eorpns</span> <span class='ocrx_word' id='word_1_176' title='bbox 994 2115 1116 2172; x_wconf 77' lang='grc' dir='ltr'>ΔΕΜΔΣ</span> <span class='ocrx_word' id='word_1_177' title='bbox 1138 2108 1237 2194; x_wconf 81' lang='lat' dir='ltr'>eppei-</span> 
     </span>
     <span class='ocr_line' id='line_1_20' title="bbox 81 2209 1234 2298; baseline 0.003 -25"><span class='ocrx_word' id='word_1_178' title='bbox 81 2210 153 2290; x_wconf 81' lang='lat' dir='ltr'>lon&#39;,</span> <span class='ocrx_word' id='word_1_179' title='bbox 178 2211 255 2294; x_wconf 89' lang='lat' dir='ltr'>qnod</span> <span class='ocrx_word' id='word_1_180' title='bbox 281 2212 398 2297; x_wconf 78' lang='lat' dir='ltr'>corpori</span> <span class='ocrx_word' id='word_1_181' title='bbox 424 2212 535 2297; x_wconf 75' lang='lat' dir='ltr'>illigato</span> <span class='ocrx_word' id='word_1_182' title='bbox 563 2215 603 2277; x_wconf 85' lang='lat' dir='ltr'>sit</span> <span class='ocrx_word' id='word_1_183' title='bbox 626 2215 734 2278; x_wconf 84' lang='lat' dir='ltr'>enimn.</span> <span class='ocrx_word' id='word_1_184' title='bbox 781 2211 815 2277; x_wconf 95' lang='lat' dir='ltr'>ln</span> <span class='ocrx_word' id='word_1_185' title='bbox 841 2233 899 2298; x_wconf 91' lang='lat' dir='ltr'>quo</span> <span class='ocrx_word' id='word_1_186' title='bbox 925 2223 1028 2277; x_wconf 81' lang='lat' dir='ltr'>veteru</span> <span class='ocrx_word' id='word_1_187' title='bbox 1052 2209 1234 2278; x_wconf 84' lang='lat' dir='ltr'>Grseenrotn</span> 
     </span>
     <span class='ocr_line' id='line_1_21' title="bbox 81 2311 1237 2399; baseline 0.001 -22"><span class='ocrx_word' id='word_1_188' title='bbox 81 2311 198 2377; x_wconf 77' lang='lat' dir='ltr'>sonnis</span> <span class='ocrx_word' id='word_1_189' title='bbox 213 2333 250 2376; x_wconf 86' lang='lat' dir='ltr'>se</span> <span class='ocrx_word' id='word_1_190' title='bbox 267 2333 359 2397; x_wconf 72' lang='lat' dir='ltr'>unges</span> <span class='ocrx_word' id='word_1_191' title='bbox 375 2316 498 2380; x_wconf 76' lang='lat' dir='ltr'>retexit.</span> <span class='ocrx_word' id='word_1_192' title='bbox 544 2313 623 2399; x_wconf 79' lang='lat' dir='ltr'>Quin</span> <span class='ocrx_word' id='word_1_193' title='bbox 642 2315 795 2380; x_wconf 86' lang='lat' dir='ltr'>nonnullos</span> <span class='ocrx_word' id='word_1_194' title='bbox 811 2317 846 2380; x_wconf 91' lang='lat' dir='ltr'>sd</span> <span class='ocrx_word' id='word_1_195' title='bbox 863 2315 986 2380; x_wconf 85' lang='lat' dir='ltr'>eundern</span> <span class='ocrx_word' id='word_1_196' title='bbox 1000 2311 1176 2378; x_wconf 80' lang='lat' dir='ltr'>sententium</span> <span class='ocrx_word' id='word_1_197' title='bbox 1195 2317 1237 2378; x_wconf 85' lang='lat' dir='ltr'>ls-</span> 
     </span>
     <span class='ocr_line' id='line_1_22' title="bbox 82 2413 1237 2502; baseline 0.001 -24"><span class='ocrx_word' id='word_1_198' title='bbox 82 2413 166 2480; x_wconf 78' lang='lat' dir='ltr'>inlus</span> <span class='ocrx_word' id='word_1_199' title='bbox 191 2416 402 2482; x_wconf 78' lang='lat' dir='ltr'>soeomrnodut.</span> <span class='ocrx_word' id='word_1_200' title='bbox 447 2413 526 2482; x_wconf 87' lang='lat' dir='ltr'>Nous</span> <span class='ocrx_word' id='word_1_201' title='bbox 551 2418 677 2484; x_wconf 80' lang='lat' dir='ltr'>animent</span> <span class='ocrx_word' id='word_1_202' title='bbox 696 2417 733 2483; x_wconf 87' lang='lat' dir='ltr'>ob</span> <span class='ocrx_word' id='word_1_203' title='bbox 755 2419 802 2495; x_wconf 90' lang='lat' dir='ltr'>id,</span> <span class='ocrx_word' id='word_1_204' title='bbox 825 2417 936 2502; x_wconf 84' lang='lat' dir='ltr'>inquit,</span> <span class='ocrx_word' id='word_1_205' title='bbox 959 2421 1093 2478; x_wconf 74' lang='grc' dir='ltr'>ΨΥΧΗΝ</span> <span class='ocrx_word' id='word_1_206' title='bbox 1115 2414 1237 2479; x_wconf 81' lang='lat' dir='ltr'>dinisius</span> 
     </span>
     <span class='ocr_line' id='line_1_23' title="bbox 82 2516 1237 2605; baseline -0.002 -23"><span class='ocrx_word' id='word_1_207' title='bbox 82 2517 159 2602; x_wconf 88' lang='lat' dir='ltr'>qnod</span> <span class='ocrx_word' id='word_1_208' title='bbox 176 2516 303 2582; x_wconf 85' lang='lat' dir='ltr'>noslitus</span> <span class='ocrx_word' id='word_1_209' title='bbox 318 2519 414 2584; x_wconf 77' lang='lat' dir='ltr'>efflato</span> <span class='ocrx_word' id='word_1_210' title='bbox 430 2519 481 2586; x_wconf 87' lang='lat' dir='ltr'>sit.</span> <span class='ocrx_word' id='word_1_211' title='bbox 526 2521 574 2584; x_wconf 77' lang='lat' dir='ltr'>At</span> <span class='ocrx_word' id='word_1_212' title='bbox 593 2521 665 2584; x_wconf 83' lang='lat' dir='ltr'>lreee</span> <span class='ocrx_word' id='word_1_213' title='bbox 683 2529 780 2584; x_wconf 85' lang='lat' dir='ltr'>oertes</span> <span class='ocrx_word' id='word_1_214' title='bbox 797 2522 834 2584; x_wconf 89' lang='lat' dir='ltr'>ud</span> <span class='ocrx_word' id='word_1_215' title='bbox 851 2519 997 2605; x_wconf 90' lang='lat' dir='ltr'>opinionis</span> <span class='ocrx_word' id='word_1_216' title='bbox 1016 2519 1107 2582; x_wconf 69' lang='lat' dir='ltr'>lanne</span> <span class='ocrx_word' id='word_1_217' title='bbox 1127 2516 1237 2603; x_wconf 83' lang='lat' dir='ltr'>proesi-</span> 
     </span>
     <span class='ocr_line' id='line_1_24' title="bbox 82 2618 1236 2708; baseline 0 -26"><span class='ocrx_word' id='word_1_218' title='bbox 82 2619 162 2682; x_wconf 84' lang='lat' dir='ltr'>diuno</span> <span class='ocrx_word' id='word_1_219' title='bbox 186 2621 377 2687; x_wconf 71' lang='lat' dir='ltr'>snuoritstes</span> <span class='ocrx_word' id='word_1_220' title='bbox 404 2622 507 2702; x_wconf 86' lang='lat' dir='ltr'>uliert,</span> <span class='ocrx_word' id='word_1_221' title='bbox 541 2643 614 2707; x_wconf 87' lang='lat' dir='ltr'>qnss</span> <span class='ocrx_word' id='word_1_222' title='bbox 639 2621 794 2708; x_wconf 81' lang='lat' dir='ltr'>seripturis</span> <span class='ocrx_word' id='word_1_223' title='bbox 819 2623 913 2686; x_wconf 87' lang='lat' dir='ltr'>seoris</span> <span class='ocrx_word' id='word_1_224' title='bbox 940 2641 1091 2707; x_wconf 85' lang='lat' dir='ltr'>perpernnt</span> <span class='ocrx_word' id='word_1_225' title='bbox 1113 2618 1236 2703; x_wconf 73' lang='lat' dir='ltr'>silingis,</span> 
     </span>
     <span class='ocr_line' id='line_1_25' title="bbox 83 2721 1236 2809; baseline -0.002 -23"><span class='ocrx_word' id='word_1_226' title='bbox 83 2742 157 2806; x_wconf 72' lang='lat' dir='ltr'>qnae</span> <span class='ocrx_word' id='word_1_227' title='bbox 180 2741 236 2786; x_wconf 86' lang='lat' dir='ltr'>nee</span> <span class='ocrx_word' id='word_1_228' title='bbox 254 2721 296 2786; x_wconf 78' lang='lat' dir='ltr'>itu</span> <span class='ocrx_word' id='word_1_229' title='bbox 316 2743 384 2786; x_wconf 84' lang='lat' dir='ltr'>sese</span> <span class='ocrx_word' id='word_1_230' title='bbox 406 2723 530 2804; x_wconf 72' lang='lat' dir='ltr'>notus,</span> <span class='ocrx_word' id='word_1_231' title='bbox 554 2745 589 2789; x_wconf 84' lang='lat' dir='ltr'>nn</span> <span class='ocrx_word' id='word_1_232' title='bbox 605 2725 692 2809; x_wconf 78' lang='lat' dir='ltr'>louge</span> <span class='ocrx_word' id='word_1_233' title='bbox 708 2724 795 2790; x_wconf 87' lang='lat' dir='ltr'>eliter</span> <span class='ocrx_word' id='word_1_234' title='bbox 811 2735 879 2788; x_wconf 87' lang='lat' dir='ltr'>sont</span> <span class='ocrx_word' id='word_1_235' title='bbox 895 2725 1002 2789; x_wconf 86' lang='lat' dir='ltr'>editoe.</span> <span class='ocrx_word' id='word_1_236' title='bbox 1048 2722 1135 2808; x_wconf 79' lang='lat' dir='ltr'>Quod</span> <span class='ocrx_word' id='word_1_237' title='bbox 1158 2721 1236 2786; x_wconf 90' lang='lat' dir='ltr'>enirn</span> 
     </span>
     <span class='ocr_line' id='line_1_26' title="bbox 82 2822 1388 2911; baseline 0 -25"><span class='ocrx_word' id='word_1_238' title='bbox 82 2843 98 2886; x_wconf 77' lang='lat' dir='ltr'>a</span> <span class='ocrx_word' id='word_1_239' title='bbox 123 2823 268 2910; x_wconf 77' lang='lat' dir='ltr'>propheto</span> <span class='ocrx_word' id='word_1_240' title='bbox 291 2825 398 2890; x_wconf 87' lang='lat' dir='ltr'>dietnnt</span> <span class='ocrx_word' id='word_1_241' title='bbox 425 2835 487 2904; x_wconf 85' lang='lat' dir='ltr'>est,</span> <span class='ocrx_word' id='word_1_242' title='bbox 517 2831 684 2911; x_wconf 61' lang='lat' dir='ltr'>misequitur</span> <span class='ocrx_word' id='word_1_243' title='bbox 706 2830 882 2902; x_wconf 72' lang='lat' dir='ltr'>desidiores,</span> <span class='ocrx_word' id='word_1_244' title='bbox 914 2847 969 2908; x_wconf 75' lang='lat' dir='ltr'>ego</span> <span class='ocrx_word' id='word_1_245' title='bbox 990 2829 1112 2908; x_wconf 85' lang='lat' dir='ltr'>deliqui,</span> <span class='ocrx_word' id='word_1_246' title='bbox 1145 2822 1284 2889; x_wconf 78' lang='lat' dir='ltr'>verboru.</span> <span class='ocrx_word' id='word_1_247' title='bbox 1298 2839 1342 2896; x_wconf 81' lang='lat' dir='ltr'>tte,</span> <span class='ocrx_word' id='word_1_248' title='bbox 1355 2841 1388 2887; x_wconf 86' lang='lat' dir='ltr'>ts.</span> 
     </span>
     <span class='ocr_line' id='line_1_27' title="bbox 82 2911 1236 3014; baseline -0.001 -24"><span class='ocrx_word' id='word_1_249' title='bbox 82 2945 151 2990; x_wconf 80' lang='lat' dir='ltr'>esse</span> <span class='ocrx_word' id='word_1_250' title='bbox 166 2927 284 2992; x_wconf 74' lang='lat' dir='ltr'>enimse</span> <span class='ocrx_word' id='word_1_251' title='bbox 304 2927 396 3013; x_wconf 84' lang='lat' dir='ltr'>ipsius</span> <span class='ocrx_word' id='word_1_252' title='bbox 413 2929 553 3007; x_wconf 77' lang='lat' dir='ltr'>affirmet,</span> <span class='ocrx_word' id='word_1_253' title='bbox 577 2949 642 2993; x_wconf 89' lang='lat' dir='ltr'>oum</span> <span class='ocrx_word' id='word_1_254' title='bbox 661 2930 691 2993; x_wconf 95' lang='lat' dir='ltr'>in</span> <span class='ocrx_word' id='word_1_255' title='bbox 706 2911 792 2994; x_wconf 81' lang='lat' dir='ltr'>ooelo</span> <span class='ocrx_word' id='word_1_256' title='bbox 806 2939 894 2993; x_wconf 87' lang='lat' dir='ltr'>untes</span> <span class='ocrx_word' id='word_1_257' title='bbox 911 2929 1083 3014; x_wconf 85' lang='lat' dir='ltr'>deliquisset</span> <span class='ocrx_word' id='word_1_258' title='bbox 1098 2948 1184 3011; x_wconf 86' lang='lat' dir='ltr'>quern</span> <span class='ocrx_word' id='word_1_259' title='bbox 1199 2927 1236 2990; x_wconf 83' lang='lat' dir='ltr'>ed</span> 
     </span>
    </p>
   </div>
   <div class='ocr_carea' id='block_1_3' title="bbox 81 3027 1421 3117">
    <p class='ocr_par' dir='ltr' id='par_1_3' title="bbox 81 3027 1421 3117">
     <span class='ocr_line' id='line_1_28' title="bbox 81 3027 1421 3117; baseline 0.004 -25"><span class='ocrx_word' id='word_1_260' title='bbox 81 3027 137 3092; x_wconf 82' lang='lat' dir='ltr'>loo</span> <span class='ocrx_word' id='word_1_261' title='bbox 159 3049 270 3114; x_wconf 82' lang='lat' dir='ltr'>eorpus</span> <span class='ocrx_word' id='word_1_262' title='bbox 290 3029 479 3095; x_wconf 82' lang='lat' dir='ltr'>sltiioeretur.</span> <span class='ocrx_word' id='word_1_263' title='bbox 524 3029 612 3114; x_wconf 82' lang='lat' dir='ltr'>Quod</span> <span class='ocrx_word' id='word_1_264' title='bbox 635 3052 709 3096; x_wconf 85' lang='lat' dir='ltr'>vero</span> <span class='ocrx_word' id='word_1_265' title='bbox 730 3031 798 3095; x_wconf 87' lang='lat' dir='ltr'>olibi</span> <span class='ocrx_word' id='word_1_266' title='bbox 816 3032 956 3117; x_wconf 83' lang='lat' dir='ltr'>seriptum</span> <span class='ocrx_word' id='word_1_267' title='bbox 977 3041 1040 3109; x_wconf 88' lang='lat' dir='ltr'>est,</span> <span class='ocrx_word' id='word_1_268' title='bbox 1069 3035 1238 3094; x_wconf 80' lang='lat' dir='ltr'>Convertere</span> <span class='ocrx_word' id='word_1_269' title='bbox 1249 3047 1287 3096; x_wconf 74' lang='lat' dir='ltr'>ro</span> <span class='ocrx_word' id='word_1_270' title='bbox 1298 3047 1345 3103; x_wconf 81' lang='lat' dir='ltr'>stt,</span> <span class='ocrx_word' id='word_1_271' title='bbox 1355 3048 1376 3094; x_wconf 86' lang='lat' dir='ltr'>s.</span> <span class='ocrx_word' id='word_1_272' title='bbox 1418 3089 1421 3098; x_wconf 21' lang='grc' dir='ltr'><strong><em>Δ</em></strong></span> 
     </span>
    </p>
   </div>
   <div class='ocr_carea' id='block_1_4' title="bbox 80 3132 1260 3731">
    <p class='ocr_par' dir='ltr' id='par_1_4' title="bbox 80 3132 1260 3731">
     <span class='ocr_line' id='line_1_29' title="bbox 80 3132 1239 3221; baseline 0.002 -27"><span class='ocrx_word' id='word_1_273' title='bbox 80 3137 175 3194; x_wconf 71' lang='lat' dir='ltr'>ostiu</span> <span class='ocrx_word' id='word_1_274' title='bbox 191 3153 255 3194; x_wconf 76' lang='lat' dir='ltr'>oren</span> <span class='ocrx_word' id='word_1_275' title='bbox 269 3138 301 3196; x_wconf 82' lang='lat' dir='ltr'>in</span> <span class='ocrx_word' id='word_1_276' title='bbox 312 3136 436 3215; x_wconf 74' lang='lat' dir='ltr'>requiror</span> <span class='ocrx_word' id='word_1_277' title='bbox 452 3145 545 3208; x_wconf 78' lang='lat' dir='ltr'>neon,</span> <span class='ocrx_word' id='word_1_278' title='bbox 570 3155 606 3198; x_wconf 90' lang='lat' dir='ltr'>en</span> <span class='ocrx_word' id='word_1_279' title='bbox 623 3135 808 3200; x_wconf 73' lang='lat' dir='ltr'>referendum</span> <span class='ocrx_word' id='word_1_280' title='bbox 826 3144 924 3221; x_wconf 87' lang='lat' dir='ltr'>putet,</span> <span class='ocrx_word' id='word_1_281' title='bbox 948 3133 1025 3218; x_wconf 91' lang='lat' dir='ltr'>qnod</span> <span class='ocrx_word' id='word_1_282' title='bbox 1046 3132 1094 3217; x_wconf 90' lang='lat' dir='ltr'>qni</span> <span class='ocrx_word' id='word_1_283' title='bbox 1115 3143 1239 3196; x_wconf 88' lang='lat' dir='ltr'>strenue</span> 
     </span>
     <span class='ocr_line' id='line_1_30' title="bbox 81 3233 1238 3321; baseline 0 -24"><span class='ocrx_word' id='word_1_284' title='bbox 81 3243 168 3318; x_wconf 86' lang='lat' dir='ltr'>utque</span> <span class='ocrx_word' id='word_1_285' title='bbox 186 3233 307 3320; x_wconf 71' lang='lat' dir='ltr'>egregie</span> <span class='ocrx_word' id='word_1_286' title='bbox 326 3255 359 3299; x_wconf 89' lang='lat' dir='ltr'>se</span> <span class='ocrx_word' id='word_1_287' title='bbox 374 3235 404 3298; x_wconf 94' lang='lat' dir='ltr'>in</span> <span class='ocrx_word' id='word_1_288' title='bbox 423 3235 478 3298; x_wconf 79' lang='lat' dir='ltr'>lton</span> <span class='ocrx_word' id='word_1_289' title='bbox 495 3237 602 3301; x_wconf 87' lang='lat' dir='ltr'>mundo</span> <span class='ocrx_word' id='word_1_290' title='bbox 618 3237 762 3321; x_wconf 73' lang='lat' dir='ltr'>gesserit,</span> <span class='ocrx_word' id='word_1_291' title='bbox 787 3237 824 3300; x_wconf 89' lang='lat' dir='ltr'>ob</span> <span class='ocrx_word' id='word_1_292' title='bbox 845 3235 996 3321; x_wconf 82' lang='lat' dir='ltr'>proeolsrn</span> <span class='ocrx_word' id='word_1_293' title='bbox 1019 3255 1072 3300; x_wconf 84' lang='lat' dir='ltr'>suu</span> <span class='ocrx_word' id='word_1_294' title='bbox 1096 3235 1171 3298; x_wconf 77' lang='lat' dir='ltr'>loeta</span> <span class='ocrx_word' id='word_1_295' title='bbox 1193 3233 1238 3297; x_wconf 87' lang='lat' dir='ltr'>ri·</span> 
     </span>
     <span class='ocr_line' id='line_1_31' title="bbox 81 3337 1260 3425; baseline -0.001 -24"><span class='ocrx_word' id='word_1_296' title='bbox 81 3346 200 3422; x_wconf 83' lang='lat' dir='ltr'>tanno</span> <span class='ocrx_word' id='word_1_297' title='bbox 216 3357 256 3402; x_wconf 83' lang='lat' dir='ltr'>ex</span> <span class='ocrx_word' id='word_1_298' title='bbox 274 3337 385 3402; x_wconf 75' lang='lat' dir='ltr'>institis</span> <span class='ocrx_word' id='word_1_299' title='bbox 401 3347 591 3424; x_wconf 87' lang='lat' dir='ltr'>tenporetunt</span> <span class='ocrx_word' id='word_1_300' title='bbox 608 3339 645 3403; x_wconf 83' lang='lat' dir='ltr'>sd</span> <span class='ocrx_word' id='word_1_301' title='bbox 668 3359 835 3425; x_wconf 79' lang='lat' dir='ltr'>supressum</span> <span class='ocrx_word' id='word_1_302' title='bbox 856 3338 934 3406; x_wconf 84' lang='lat' dir='ltr'>illurn</span> <span class='ocrx_word' id='word_1_303' title='bbox 951 3338 1168 3422; x_wconf 84' lang='lat' dir='ltr'>eoelestenque</span> <span class='ocrx_word' id='word_1_304' title='bbox 1189 3355 1237 3400; x_wconf 87' lang='lat' dir='ltr'>re·</span> <span class='ocrx_word' id='word_1_305' title='bbox 1258 3361 1260 3370; x_wconf 59' lang='lat'><strong><em>⁴</em></strong></span> 
     </span>
     <span class='ocr_line' id='line_1_32' title="bbox 81 3437 1237 3525; baseline -0.001 -22"><span class='ocrx_word' id='word_1_306' title='bbox 81 3440 177 3523; x_wconf 88' lang='lat' dir='ltr'>quieto</span> <span class='ocrx_word' id='word_1_307' title='bbox 192 3459 263 3504; x_wconf 85' lang='lat' dir='ltr'>sese</span> <span class='ocrx_word' id='word_1_308' title='bbox 281 3451 447 3504; x_wconf 84' lang='lat' dir='ltr'>oonrertut.</span> <span class='ocrx_word' id='word_1_309' title='bbox 492 3437 645 3508; x_wconf 80' lang='lat' dir='ltr'>Sexeentu</span> <span class='ocrx_word' id='word_1_310' title='bbox 661 3442 697 3506; x_wconf 86' lang='lat' dir='ltr'>sd</span> <span class='ocrx_word' id='word_1_311' title='bbox 714 3463 779 3506; x_wconf 87' lang='lat' dir='ltr'>enm</span> <span class='ocrx_word' id='word_1_312' title='bbox 797 3442 913 3506; x_wconf 83' lang='lat' dir='ltr'>nrodnru</span> <span class='ocrx_word' id='word_1_313' title='bbox 930 3441 1154 3504; x_wconf 84' lang='lat' dir='ltr'>eommernersri</span> <span class='ocrx_word' id='word_1_314' title='bbox 1168 3459 1237 3525; x_wconf 86' lang='lat' dir='ltr'>pos·</span> 
     </span>
     <span class='ocr_line' id='line_1_33' title="bbox 81 3539 1237 3628; baseline 0 -22"><span class='ocrx_word' id='word_1_315' title='bbox 81 3553 159 3606; x_wconf 88' lang='lat' dir='ltr'>sunt.</span> <span class='ocrx_word' id='word_1_316' title='bbox 205 3539 282 3608; x_wconf 90' lang='lat' dir='ltr'>lllud</span> <span class='ocrx_word' id='word_1_317' title='bbox 300 3563 389 3628; x_wconf 90' lang='lat' dir='ltr'>porro</span> <span class='ocrx_word' id='word_1_318' title='bbox 406 3542 540 3622; x_wconf 80' lang='lat' dir='ltr'>divinoe,</span> <span class='ocrx_word' id='word_1_319' title='bbox 562 3545 638 3628; x_wconf 89' lang='lat' dir='ltr'>quod</span> <span class='ocrx_word' id='word_1_320' title='bbox 655 3543 799 3622; x_wconf 74' lang='lat' dir='ltr'>habebut,</span> <span class='ocrx_word' id='word_1_321' title='bbox 822 3542 960 3628; x_wconf 72' lang='lat' dir='ltr'>imaginis</span> <span class='ocrx_word' id='word_1_322' title='bbox 982 3544 1073 3608; x_wconf 89' lang='lat' dir='ltr'>deeus</span> <span class='ocrx_word' id='word_1_323' title='bbox 1090 3541 1237 3606; x_wconf 70' lang='lat' dir='ltr'>ridentum</span> 
     </span>
     <span class='ocr_line' id='line_1_34' title="bbox 80 3643 1236 3731; baseline -0.003 -23"><span class='ocrx_word' id='word_1_324' title='bbox 80 3645 245 3731; x_wconf 86' lang='lat' dir='ltr'>perdidisse</span> <span class='ocrx_word' id='word_1_325' title='bbox 263 3656 375 3708; x_wconf 75' lang='lat' dir='ltr'>neunt.</span> <span class='ocrx_word' id='word_1_326' title='bbox 420 3643 498 3710; x_wconf 87' lang='lat' dir='ltr'>lline</span> <span class='ocrx_word' id='word_1_327' title='bbox 513 3657 571 3726; x_wconf 86' lang='lat' dir='ltr'>est,</span> <span class='ocrx_word' id='word_1_328' title='bbox 595 3645 700 3730; x_wconf 87' lang='lat' dir='ltr'>inquit,</span> <span class='ocrx_word' id='word_1_329' title='bbox 725 3646 800 3731; x_wconf 90' lang='lat' dir='ltr'>qnod</span> <span class='ocrx_word' id='word_1_330' title='bbox 820 3646 1007 3731; x_wconf 88' lang='lat' dir='ltr'>pellioeertnu</span> <span class='ocrx_word' id='word_1_331' title='bbox 1025 3643 1188 3710; x_wconf 83' lang='lat' dir='ltr'>tunieurnrn</span> <span class='ocrx_word' id='word_1_332' title='bbox 1205 3643 1236 3706; x_wconf 94' lang='lat' dir='ltr'>in</span> 
     </span>
    </p>
   </div>
   <div class='ocr_carea' id='block_1_5' title="bbox 80 3745 1389 3832">
    <p class='ocr_par' dir='ltr' id='par_1_5' title="bbox 80 3745 1389 3832">
     <span class='ocr_line' id='line_1_35' title="bbox 80 3745 1389 3832; baseline 0.001 -22"><span class='ocrx_word' id='word_1_333' title='bbox 80 3745 229 3832; x_wconf 76' lang='lat' dir='ltr'>scripturo</span> <span class='ocrx_word' id='word_1_334' title='bbox 251 3747 283 3810; x_wconf 91' lang='lat' dir='ltr'>lit</span> <span class='ocrx_word' id='word_1_335' title='bbox 306 3747 435 3812; x_wconf 76' lang='lat' dir='ltr'>utentior</span> <span class='ocrx_word' id='word_1_336' title='bbox 468 3753 550 3812; x_wconf 84' lang='lat' dir='ltr'>Feee&#39;t</span> <span class='ocrx_word' id='word_1_337' title='bbox 574 3751 633 3810; x_wconf 79' lang='lat' dir='ltr'>illis</span> <span class='ocrx_word' id='word_1_338' title='bbox 660 3753 770 3812; x_wconf 67' lang='lat' dir='ltr'>tendes</span> <span class='ocrx_word' id='word_1_339' title='bbox 791 3753 943 3830; x_wconf 74' lang='lat' dir='ltr'>pelliceas,</span> <span class='ocrx_word' id='word_1_340' title='bbox 974 3761 1005 3810; x_wconf 83' lang='lat' dir='ltr'>et</span> <span class='ocrx_word' id='word_1_341' title='bbox 1028 3751 1120 3813; x_wconf 73' lang='lat' dir='ltr'>induit</span> <span class='ocrx_word' id='word_1_342' title='bbox 1146 3751 1231 3827; x_wconf 72' lang='lat' dir='ltr'>ipsos.</span> <span class='ocrx_word' id='word_1_343' title='bbox 1249 3765 1389 3822; x_wconf 55' lang='lat' dir='ltr'>natu.</span> 
     </span>
    </p>
   </div>
   <div class='ocr_carea' id='block_1_6' title="bbox 81 3847 1237 3936">
    <p class='ocr_par' dir='ltr' id='par_1_6' title="bbox 81 3847 1237 3936">
     <span class='ocr_line' id='line_1_36' title="bbox 81 3847 1237 3936; baseline 0 -22"><span class='ocrx_word' id='word_1_344' title='bbox 81 3847 169 3933; x_wconf 77' lang='lat' dir='ltr'>Quod</span> <span class='ocrx_word' id='word_1_345' title='bbox 184 3851 222 3914; x_wconf 91' lang='lat' dir='ltr'>de</span> <span class='ocrx_word' id='word_1_346' title='bbox 239 3869 364 3932; x_wconf 91' lang='lat' dir='ltr'>eorpore</span> <span class='ocrx_word' id='word_1_347' title='bbox 380 3849 497 3936; x_wconf 76' lang='lat' dir='ltr'>reeipit.</span> <span class='ocrx_word' id='word_1_348' title='bbox 543 3847 671 3916; x_wconf 86' lang='lat' dir='ltr'>Omnino</span> <span class='ocrx_word' id='word_1_349' title='bbox 689 3851 802 3916; x_wconf 85' lang='lat' dir='ltr'>inlinito</span> <span class='ocrx_word' id='word_1_350' title='bbox 817 3853 874 3916; x_wconf 80' lang='lat' dir='ltr'>elie</span> <span class='ocrx_word' id='word_1_351' title='bbox 892 3862 962 3916; x_wconf 89' lang='lat' dir='ltr'>sunt</span> <span class='ocrx_word' id='word_1_352' title='bbox 976 3850 1013 3916; x_wconf 81' lang='lat' dir='ltr'>ult</span> <span class='ocrx_word' id='word_1_353' title='bbox 1029 3870 1066 3914; x_wconf 86' lang='lat' dir='ltr'>oo</span> <span class='ocrx_word' id='word_1_354' title='bbox 1082 3849 1237 3914; x_wconf 82' lang='lat' dir='ltr'>deesntste</span> 
     </span>
    </p>
   </div>
   <div class='ocr_carea' id='block_1_7' title="bbox 78 3950 1238 4450">
    <p class='ocr_par' dir='ltr' id='par_1_7' title="bbox 78 3950 1238 4450">
     <span class='ocr_line' id='line_1_37' title="bbox 81 3950 1235 4039; baseline 0.002 -23"><span class='ocrx_word' id='word_1_355' title='bbox 81 3953 219 4038; x_wconf 76' lang='lat' dir='ltr'>degusta</span> <span class='ocrx_word' id='word_1_356' title='bbox 236 3952 297 4016; x_wconf 90' lang='lat' dir='ltr'>riso</span> <span class='ocrx_word' id='word_1_357' title='bbox 313 3971 348 4014; x_wconf 90' lang='lat' dir='ltr'>eo</span> <span class='ocrx_word' id='word_1_358' title='bbox 365 3951 489 4020; x_wconf 84' lang='lat' dir='ltr'>ludibrio</span> <span class='ocrx_word' id='word_1_359' title='bbox 505 3953 602 4039; x_wconf 77' lang='lat' dir='ltr'>digne.</span> <span class='ocrx_word' id='word_1_360' title='bbox 648 3950 726 4018; x_wconf 84' lang='lat' dir='ltr'>Nero</span> <span class='ocrx_word' id='word_1_361' title='bbox 744 3964 774 4016; x_wconf 86' lang='lat' dir='ltr'>et</span> <span class='ocrx_word' id='word_1_362' title='bbox 788 3964 969 4020; x_wconf 84' lang='lat' dir='ltr'>mortuorum</span> <span class='ocrx_word' id='word_1_363' title='bbox 989 3951 1235 4018; x_wconf 79' lang='lat' dir='ltr'>resurrectionem</span> 
     </span>
     <span class='ocr_line' id='line_1_38' title="bbox 79 4053 1234 4140; baseline 0 -21"><span class='ocrx_word' id='word_1_364' title='bbox 79 4077 216 4120; x_wconf 72' lang='lat' dir='ltr'>uenum</span> <span class='ocrx_word' id='word_1_365' title='bbox 236 4075 271 4119; x_wconf 84' lang='lat' dir='ltr'>so</span> <span class='ocrx_word' id='word_1_366' title='bbox 287 4055 431 4120; x_wconf 78' lang='lat' dir='ltr'>delectent</span> <span class='ocrx_word' id='word_1_367' title='bbox 449 4057 568 4120; x_wconf 76' lang='lat' dir='ltr'>usserit.</span> <span class='ocrx_word' id='word_1_368' title='bbox 615 4053 710 4139; x_wconf 80' lang='lat' dir='ltr'>Quem</span> <span class='ocrx_word' id='word_1_369' title='bbox 731 4056 846 4140; x_wconf 86' lang='lat' dir='ltr'>quidem</span> <span class='ocrx_word' id='word_1_370' title='bbox 865 4055 970 4139; x_wconf 82' lang='lat' dir='ltr'>purtim</span> <span class='ocrx_word' id='word_1_371' title='bbox 985 4053 1083 4118; x_wconf 85' lang='lat' dir='ltr'>verbis</span> <span class='ocrx_word' id='word_1_372' title='bbox 1101 4055 1234 4134; x_wconf 82' lang='lat' dir='ltr'>ullirnrst,</span> 
     </span>
     <span class='ocr_line' id='line_1_39' title="bbox 80 4155 1236 4244; baseline 0.002 -22"><span class='ocrx_word' id='word_1_373' title='bbox 80 4159 188 4244; x_wconf 79' lang='lat' dir='ltr'>pertint</span> <span class='ocrx_word' id='word_1_374' title='bbox 208 4157 336 4222; x_wconf 86' lang='lat' dir='ltr'>inuditns</span> <span class='ocrx_word' id='word_1_375' title='bbox 358 4157 443 4226; x_wconf 85' lang='lat' dir='ltr'>tellit.</span> <span class='ocrx_word' id='word_1_376' title='bbox 489 4157 574 4223; x_wconf 82' lang='lat' dir='ltr'>Alius</span> <span class='ocrx_word' id='word_1_377' title='bbox 591 4179 664 4222; x_wconf 84' lang='lat' dir='ltr'>vero</span> <span class='ocrx_word' id='word_1_378' title='bbox 682 4168 794 4242; x_wconf 76' lang='lat' dir='ltr'>portent</span> <span class='ocrx_word' id='word_1_379' title='bbox 810 4158 954 4222; x_wconf 82' lang='lat' dir='ltr'>duntonnt</span> <span class='ocrx_word' id='word_1_380' title='bbox 966 4155 1092 4220; x_wconf 80' lang='lat' dir='ltr'>hominis</span> <span class='ocrx_word' id='word_1_381' title='bbox 1111 4157 1236 4224; x_wconf 82' lang='lat' dir='ltr'>exoitsri</span> 
     </span>
     <span class='ocr_line' id='line_1_40' title="bbox 78 4257 1238 4346; baseline 0 -22"><span class='ocrx_word' id='word_1_382' title='bbox 78 4271 176 4345; x_wconf 84' lang='lat' dir='ltr'>potet.</span> <span class='ocrx_word' id='word_1_383' title='bbox 225 4257 350 4324; x_wconf 87' lang='lat' dir='ltr'>Deorum</span> <span class='ocrx_word' id='word_1_384' title='bbox 376 4281 576 4346; x_wconf 75' lang='lat' dir='ltr'>quoecumque</span> <span class='ocrx_word' id='word_1_385' title='bbox 600 4269 696 4346; x_wconf 89' lang='lat' dir='ltr'>potest</span> <span class='ocrx_word' id='word_1_386' title='bbox 722 4261 758 4324; x_wconf 87' lang='lat' dir='ltr'>nd</span> <span class='ocrx_word' id='word_1_387' title='bbox 783 4259 941 4345; x_wconf 82' lang='lat' dir='ltr'>ollegorius</span> <span class='ocrx_word' id='word_1_388' title='bbox 966 4262 1124 4340; x_wconf 71' lang='lat' dir='ltr'>translertq</span> <span class='ocrx_word' id='word_1_389' title='bbox 1156 4263 1238 4328; x_wconf 86' lang='lat' dir='ltr'>volnt</span> 
     </span>
     <span class='ocr_line' id='line_1_41' title="bbox 78 4361 1236 4450; baseline 0.002 -24"><span class='ocrx_word' id='word_1_390' title='bbox 78 4361 274 4446; x_wconf 79' lang='lat' dir='ltr'>Paradisum,</span> <span class='ocrx_word' id='word_1_391' title='bbox 298 4375 329 4430; x_wconf 91' lang='lat' dir='ltr'>et</span> <span class='ocrx_word' id='word_1_392' title='bbox 345 4385 438 4449; x_wconf 81' lang='lat' dir='ltr'>uqnes</span> <span class='ocrx_word' id='word_1_393' title='bbox 460 4385 536 4449; x_wconf 82' lang='lat' dir='ltr'>quoe</span> <span class='ocrx_word' id='word_1_394' title='bbox 558 4365 588 4430; x_wconf 94' lang='lat' dir='ltr'>in</span> <span class='ocrx_word' id='word_1_395' title='bbox 608 4385 645 4429; x_wconf 94' lang='lat' dir='ltr'>eo</span> <span class='ocrx_word' id='word_1_396' title='bbox 664 4375 749 4445; x_wconf 86' lang='lat' dir='ltr'>sunt,</span> <span class='ocrx_word' id='word_1_397' title='bbox 774 4382 906 4450; x_wconf 81' lang='lat' dir='ltr'>quaeque</span> <span class='ocrx_word' id='word_1_398' title='bbox 927 4372 957 4431; x_wconf 87' lang='lat' dir='ltr'>et</span> <span class='ocrx_word' id='word_1_399' title='bbox 979 4382 1067 4450; x_wconf 86' lang='lat' dir='ltr'>supro</span> <span class='ocrx_word' id='word_1_400' title='bbox 1090 4364 1236 4430; x_wconf 88' lang='lat' dir='ltr'>eoelestes</span> 
     </span>
    </p>
   </div>
   <div class='ocr_carea' id='block_1_8' title="bbox 0 0 1562 4934">
    <p class='ocr_par' dir='ltr' id='par_1_8' title="bbox 0 0 1562 4934">
     <span class='ocr_line' id='line_1_42' title="bbox 0 0 1562 4934; baseline 0 0"><span class='ocrx_word' id='word_1_401' title='bbox 0 0 1562 4934; x_wconf 95' lang='lat' dir='ltr'> </span> 
     </span>
    </p>
   </div>
  </div>
 </body>
</html>
