3168 4926
640 221 834 274 rarararro.
1255 239 1305 290 ῃ

135 356 343 423 vissimorum
365 359 505 425 uberum
519 359 621 424 bmati
639 358 747 424 iudicii
768 359 958 424 auctoritate
975 376 1084 424 eorum
1101 357 1304 440 potissimum

137 474 290 550 respectu
311 468 373 534 leci
394 469 482 552 apud
502 487 583 551 quos
612 469 712 536 semel
740 473 871 550 recepta
897 472 948 534 est
970 469 1157 536 Latinarum
1184 470 1304 536 versio-

137 597 215 644 num
236 579 278 644 ab
301 580 436 646 exauditis
463 580 538 646 olim
561 579 715 646 ecclesiae
743 579 920 644 catholicae
940 578 1123 646 doctoribus
1146 579 1304 646 coniecta·

136 707 208 756 runr
230 690 424 772 ancmmtas,
446 709 548 774 eoque
566 691 600 756 id
621 691 725 772 magis
742 689 821 756 duxi
839 689 919 754 mihi
939 689 1035 756 licere
1056 689 1132 774 quia
1152 691 1304 758 eruditio·

138 817 192 865 res
212 800 360 868 homines
382 805 417 867 et
429 801 545 868 Graeci
567 801 723 866 semnonis
745 800 826 866 benc
843 819 960 882 gnaros
980 803 1187 868 annotatione
1208 819 1303 885 quam

137 910 250 978 dicunt
271 912 382 978 critica
409 912 548 995 singulis
572 911 751 995 quibusque
777 911 905 995 paginis
932 911 1076 978 subiecta
1098 913 1139 978 de
1168 913 1304 995 scriptu-

135 1041 194 1090 rae
215 1041 301 1089 nore
320 1029 472 1106 renuptae
492 1029 527 1088 et
546 1023 702 1106 pristinae
724 1022 942 1106 discrepantia
964 1041 1028 1088 non
1050 1022 1144 1090 facile
1166 1041 1303 1090 eommo-

136 1132 251 1200 nefieri
277 1150 342 1200 non
369 1153 467 1216 posse
494 1135 723 1218 intellegerem.
766 1134 928 1216 Persaepe
954 1151 1032 1200 usus
1059 1152 1130 1199 sum
1147 1133 1303 1200 LOorna-

135 1245 175 1310 rii
197 1245 365 1325 versione,
393 1246 426 1312 in
448 1263 512 1328 qua
538 1247 655 1313 mutas
678 1245 798 1312 codicis
822 1245 967 1312 lenensis
989 1245 1166 1327 scripturas
1188 1244 1240 1311 vel
1262 1245 1302 1312 ab

134 1355 270 1424 librario
292 1356 343 1421 rel
358 1355 536 1438 antiquiore
558 1355 630 1423 labe
646 1357 777 1423 vitiatas
796 1375 861 1422 non
879 1356 949 1422 sine
967 1355 1073 1438 aliquo
1087 1355 1206 1439 ingenii
1228 1374 1302 1423 acu·

135 1467 222 1534 mine
234 1466 370 1534 feliciter
384 1468 520 1548 sanarit,
534 1485 668 1550 quarum
683 1486 748 1534 non
762 1465 925 1534 minimam
941 1471 1066 1548 partem
1073 1467 1235 1548 Petarius,
1247 1487 1302 1534 au·
1425 1459 1431 1469 ’

135 1578 236 1644 cteris
252 1579 379 1644 nomina
392 1597 457 1646 non
470 1580 647 1659 nominato,
668 1580 702 1644 in
723 1583 846 1645 textum
866 1578 1001 1661 recepit3
1033 1578 1076 1643 ad
1096 1597 1210 1644 manus
1233 1581 1303 1646 erat

135 1689 288 1756 Parisino
304 1688 401 1755 editio
416 1707 500 1772 quae
510 1691 629 1773 prodiit
643 1708 727 1756 anno
741 1687 916 1756 MDXLIV.
949 1687 1075 1756 Codicis
1086 1690 1301 1772 Rbedigeraui

136 1807 170 1866 et
186 1799 337 1866 editionis
345 1795 543 1868 Basileensis
557 1801 733 1884 scripturas
742 1800 963 1881 discrepantes
974 1819 1076 1882 usque
1091 1801 1134 1866 ad
1147 1819 1220 1883 pag.
1229 1802 1301 1866 604.

136 1911 306 1978 edPetar.
320 1912 471 1977 annotavi
493 1931 557 1978 uon
579 1931 705 1991 omnes;
727 1909 872 1992 excerpsi
893 1911 996 1977 solum
1017 1911 1112 1976 modo
1128 1929 1211 1993 quae
1229 1929 1301 1994 gra·

135 2021 234 2088 rioris
254 2039 314 2103 pro
335 2041 371 2087 re
392 2022 545 2088 momenti
561 2023 752 2089 ridebantur
770 2041 858 2104 esse,
879 2021 1000 2088 leviora
1017 2021 1119 2088 omisi.
1162 2022 1206 2088 At
1230 2039 1302 2088 cum

136 2137 254 2215 postea
269 2133 377 2200 subito
400 2134 561 2200 extitisset
582 2134 636 2216 qui
652 2133 825 2217 Epiphanii
847 2152 946 2217 opera
967 2131 1074 2200 omnia
1095 2153 1116 2198 a
1137 2151 1173 2198 sa
1195 2151 1301 2200 emen·
1415 2146 1420 2155 ·

136 2244 215 2310 data
227 2245 316 2312 intra
329 2245 554 2311 brevissimum
569 2245 722 2327 temporis
745 2245 885 2328 spatium
908 2244 1066 2312 edituum
1085 2263 1158 2314 sese
1174 2263 1301 2328 quoque

137 2357 330 2438 sponderet,
358 2375 494 2439 cumque
515 2356 548 2421 in
571 2355 681 2422 diariis
702 2355 839 2438 publicis
860 2355 1026 2424 litterariis
1046 2356 1156 2422 nescio
1176 2355 1302 2438 quibus,

136 2465 193 2531 diu
207 2467 272 2533 iam
286 2467 405 2534 fiducia
425 2467 528 2550 magis
550 2473 584 2532 et
601 2467 786 2550 arrogantia
802 2467 1013 2549 gestientibus
1029 2485 1126 2550 quem
1143 2466 1301 2549 dignitate

134 2595 175 2644 ac
188 2576 354 2660 religionis
371 2577 468 2644 laude
485 2576 687 2658 florentibus,
709 2579 803 2644 homo
820 2577 949 2660 quidam
966 2581 1006 2646 de
1023 2578 1183 2662 morigero
1200 2577 1301 2662 magi·

134 2688 303 2756 stallorum
319 2705 417 2772 grege
438 2690 567 2771 (nomen
585 2689 654 2756 eius
672 2695 776 2772 taceo,
798 2690 885 2774 quod
901 2689 1024 2756 vicinae
1036 2689 1197 2756 Saxonum
1212 2688 1301 2756 urbis

134 2799 217 2864 satis
232 2797 416 2882 signifieat),
439 2817 501 2882 quo
518 2799 622 2882 ιιιιιςὶι
639 2801 699 2866 riri
712 2801 815 2883 illus,
835 2803 1029 2868 Graecarum
1042 2819 1107 2866 non
1121 2798 1300 2868 litterarum

134 2909 255 2991 saun,
284 2910 344 2976 aed
365 2910 482 2976 artium
504 2929 630 2994 quoque
653 2911 855 2994 peritissimi,
889 2930 1019 2995 operam
1049 2911 1123 2977 huic
1152 2909 1300 2995 scriptori

132 3021 365 3103 maestandam
381 3039 461 3104 prae
486 3039 527 3086 ea
541 3019 718 3105 quam'ego
731 3023 863 3104 navari,
894 3023 983 3106 operi
1004 3026 1071 3088 tarn
1093 3021 1215 3088 difficili
1235 3021 1298 3087 lor·

131 3137 226 3200 tasse
241 3132 347 3198 minus
362 3131 442 3216 pari,
458 3131 518 3198 sed
531 3137 649 3212 tamem
663 3138 700 3198 ut
713 3133 851 3216 ingenue
864 3133 969 3199 fatear
982 3133 1069 3215 quod
1080 3132 1193 3213 sentio,
1210 3131 1298 3198 haud

132 3243 384 3324 contemnenda,
423 3241 641 3326 praeposteris
674 3247 707 3309 et
728 3243 843 3310 cacus
871 3244 1020 3310 laudibus
1051 3243 1297 3324 conoelabraret,

132 3371 206 3420 cum
227 3355 272 3436 is,
293 3355 438 3436 inquam,
464 3354 558 3419 homo
581 3353 646 3419 alia
667 3372 749 3435 quae
770 3353 1028 3436 intermisissem,
1050 3353 1115 3421 ulia
1136 3371 1219 3438 quae
1241 3351 1298 3419 ad-

132 3466 296 3532 misissem
318 3463 542 3531 obtrectatoris
564 3464 668 3530 venaii
690 3465 831 3532 uindicta
857 3471 1047 3550 persecutus
1070 3471 1173 3546 esset,
1203 3463 1297 3530 nihil-

132 3595 195 3658 que
218 3575 431 3659 improbatum
452 3575 649 3658 reliquisset,
671 3595 746 3658 ego,
769 3582 806 3642 ut
827 3595 936 3642 omnes
952 3575 1118 3642 cuminum
1139 3573 1297 3641 eiusmodi

131 3692 251 3770 postea
266 3685 510 3768 infligendomm
524 3705 622 3754 ausas
638 3687 865 3770 praeciderem,
880 3685 956 3754 inde
974 3706 1081 3770 apag.
1091 3685 1163 3751 605.
1178 3685 1228 3750 ed.
1237 3684 1297 3750 Pe-

131 3803 195 3863 ter.
211 3814 324 3864 ornnes
342 3797 519 3880 scripturae
533 3797 684 3864 librorum
701 3806 845 3865 veterum
860 3797 1094 3880 discrepantias
1110 3795 1297 3878 plenissime

135 3907 290 3992 expressi,
311 3925 483 3990 quaerero
503 3910 661 3992 usquead
680 3929 752 3992 pag.
765 3909 837 3976 604.
857 3909 1023 3976 edPetav.
1042 3907 1183 3972 nondum
1197 3925 1296 3974 anno·

133 4023 223 4086 utne
241 4024 368 4098 essent,
390 4018 508 4084 codicis
522 4019 677 4086 Marciani
694 4024 727 4084 et
747 4019 896 4085 editionis
917 4017 1070 4101 principis
1092 4019 1296 4101 potissimum

135 4124 281 4197 diuersas
304 4129 494 4211 scripuras,
514 4130 547 4196 in
563 4130 708 4213 syllogen
722 4130 965 4209 Addendorum,
986 4129 1020 4194 in
1034 4127 1098 4195 fine
1116 4131 1222 4213 operis
1240 4131 1296 4197 ad·

134 4241 341 4321 nectendam,
372 4239 515 4306 conicere
544 4241 652 4307 staturi.
704 4240 901 4307 Petarianae
930 4239 1080 4308 editionis
1102 4240 1295 4308 Parisiensis

136 4370 164 4417 a
176 4351 345 4432 MDGXX,
367 4368 449 4432 quae
469 4350 635 4435 originalis
657 4355 722 4433 est,
744 4350 867 4418 eteius
889 4367 971 4433 quae
987 4351 1147 4434 Coloniae,
1168 4355 1205 4417 ut
1219 4352 1295 4418 titu-

135 4461 185 4529 lus
207 4460 285 4543 fert,
313 4479 427 4528 revera
456 4465 563 4528 autem
584 4460 717 4544 Lipsiae
746 4461 885 4546 repetita
911 4467 962 4529 est
989 4481 1018 4529 a
1039 4461 1295 4546 MDOLXXXII,
