3116 4934
376 243 512 295 ruuuun
529 244 592 294 urs.
604 245 634 296 u.
653 243 735 295 rou.
751 245 769 294 r.
785 244 884 294 unua.
899 243 954 294 ux.
1183 232 1243 298 195

87 361 159 444 ligni
178 362 209 424 vi
225 380 259 426 ae
276 365 407 448 potentia
423 363 601 430 comminuto
622 365 656 426 sd
681 343 808 447 reliques
831 373 1026 428 transeamus.
1073 359 1244 448 Sediuprb

87 464 142 527 mis
169 465 270 528 eadem
294 465 396 531 divino
419 467 530 532 numini
555 485 641 551 preoe
664 465 935 550 supplicemus,*ut
954 467 1020 530 viae
1038 465 1122 530 nobis
1145 487 1243 530 eomes

88 587 156 630 esse
177 567 266 646 velit,
296 579 326 631 et
349 569 501 632 nobiseum
526 580 660 646 maneat,
686 569 777 646 adsit,
802 567 977 654 opituletur,
1001 579 1176 646 suosmet,
1200 569 1244 631 in-

87 670 204 745 stituat,
230 681 259 732 et
277 682 309 734 ut
322 693 394 736 vera
412 671 541 736 dieamus
557 671 716 755 largiatur3
741 691 778 733 ne
797 673 872 734 lorte
891 667 1067 736 nientieute's
1084 671 1201 756 ipsimet
1215 671 1244 732 in

87 773 191 835 eadem
211 771 394 837 incurramus
412 775 441 836 in
462 794 537 858 quae
561 772 700 838 haereses
721 771 887 836 inuiderunt
904 772 1066 857 illae-quae
1089 773 1244 837 humanum

86 895 183 958 genus
206 875 281 938 lalsa
303 875 477 940 docuerunt.

178 977 228 1040 Ad
255 977 327 1042 baeu
352 977 400 1063 qui
425 980 455 1042 in
479 977 609 1063 Apbrioa
637 988 667 1040 et
690 975 837 1043 Bizaueua
866 977 993 1060 degunt,
1029 989 1058 1040 ot
1084 999 1101 1040 a
1126 976 1245 1042 Donato

88 1081 213 1164 quodam
232 1077 390 1144 Donatiani
409 1092 570 1158 vocantur,
601 1080 704 1144 radam
729 1101 794 1142 oum
819 1079 966 1163 prioribus
989 1081 1046 1144 illis
1069 1080 1243 1159 sentientes,

87 1183 274 1266 esrrdemque
291 1184 329 1246 ob
345 1204 499 1264 caussam,
523 1183 599 1267 quod
620 1181 756 1246 videlieet
774 1203 838 1246 euos
859 1183 902 1244 luis
919 1183 966 1267 qui
988 1183 1018 1246 in
1041 1184 1246 1269 perseeutione

87 1285 162 1370 lapsi
182 1296 268 1349 eraut
284 1286 354 1349 nibil
372 1286 480 1350 babere
498 1305 652 1348 commuue
670 1285 781 1348 vellent
798 1285 993 1365 rebellantes,
1013 1287 1114 1352 eadem
1131 1286 1246 1350 ratione

89 1389 274 1452 disiioientur
289 1409 345 1472 qua
362 1398 392 1452 et
407 1386 587 1468 Noratiani,
609 1388 675 1451 sire
693 1383 832 1467 Catbnri,
858 1387 906 1471 qui
925 1407 1078 1454 commuue
1102 1411 1166 1454 oum
1189 1389 1247 1453 illis

88 1491 188 1576 iugum
212 1491 340 1555 trabunt.
387 1487 535 1572 Quoeiroa
559 1509 683 1554 neeesse
710 1509 767 1554 rron
796 1489 949 1554 babuimus
974 1492 1108 1576 priuatim
1132 1495 1167 1558 de
1190 1493 1248 1556 illis

89 1594 214 1679 amplius
237 1594 343 1677 aliquid
367 1603 512 1674 trasturo,
543 1594 595 1656 sed
618 1593 683 1656 illos
705 1613 769 1656 cunr
794 1593 839 1656 sui
862 1591 1004 1657 similibus
1026 1595 1248 1679 coniungendus

89 1695 268 1779 putavimus.
305 1691 364 1759 Sed
384 1697 431 1759 isti
448 1695 651 1759 vehementius
668 1715 701 1757 eo
718 1694 848 1759 deterius
865 1695 1051 1773 aberrarunt,
1076 1699 1182 1783 quippe
1198 1698 1247 1782 qui

88 1799 118 1858 in
139 1799 264 1860 eandem
282 1819 346 1860 ounr
362 1797 437 1861 Ario
452 1799 536 1862 iidem
553 1797 757 1876 oorrseutiau13
782 1799 859 1861 unde
877 1808 922 1878 et,
949 1799 1024 1883 quud
1045 1800 1079 1862 ad
1097 1801 1180 1864 bdem
1204 1811 1248 1864 st-

89 1901 181 1976 tinet,
206 1902 242 1963 de
258 1921 314 1984 qus
331 1900 409 1963 male
424 1901 571 1980 sentiunt,
597 1901 698 1963 eodem
717 1911 890 1963 evertentur
908 1901 995 1964 modo
1013 1923 1069 1985 quo
1086 1903 1177 1967 Arius
1196 1925 1247 1968 re·

88 2001 188 2066 nitatis
207 2003 341 2066 oratione
361 2003 503 2065 refutatus
521 2012 586 2080 est,
610 2023 675 2065 orum
692 2023 708 2064 a
724 2022 757 2064 se
774 2002 900 2066 invicem
917 2002 1037 2067 minime
1059 2005 1244 2072 dissentiant.

88 2103 228 2190 Denique
254 2126 307 2168 uos
332 2105 382 2170 illu
405 2105 563 2190 praeterita
587 2106 622 2168 ad
647 2103 774 2190 reliquas
794 2105 1033 2189 progrediemur,
1059 2119 1247 2194 posteaquam

89 2207 240 2271 borrenda
269 2207 358 2271 veluti
392 2207 570 2292 serpentium
602 2217 732 2270 monstra
763 2207 881 2272 domiuo
911 2209 1068 2273 adiuuante
1098 2213 1249 2295 proculca-

88 2329 199 2372 rimus.

337 2545 636 2625 ADVERSUS
669 2547 1011 2646 ANGELIGOS,

439 2669 588 2745 haeresis
612 2669 706 2764 XL,
732 2671 803 2746 sive
828 2669 904 2745 LX.

177 2820 287 2884 Audita
303 2841 321 2883 a
336 2821 421 2884 uobis
437 2832 486 2886 est
503 2822 711 2906 Arrgelieorum
729 2823 872 2902 haeresis,
897 2843 932 2886 ae
947 2824 1040 2887 solum
1059 2823 1122 2887 eius
1139 2843 1245 2888 nomeu
1265 2825 1326 2898 cop.
1340 2831 1360 2881 1.

90 2923 278 3008 accepimus,
307 2943 402 3007 neque
426 2924 588 2990 cuiusmodi
614 2925 663 2988 illa
683 2926 797 2988 demum
824 2925 956 2990 haeresis
982 2926 1038 3006 sit,
1067 2939 1247 3012 compertum

90 3027 259 3091 babuimus.
304 3024 392 3109 Quod
408 3047 445 3090 eo
461 3029 587 3091 lortasse
606 3027 746 3111 contigit,
771 3027 846 3111 quod
864 3049 929 3091 oum
949 3029 1105 3113 aliquando
1125 3032 1249 3114 prodiis-

90 3141 148 3208 set,
174 3129 263 3193 desiit
278 3138 379 3214 postea
398 3150 433 3192 ao
449 3131 566 3192 tandem
585 3130 700 3215 penitus
717 3131 848 3193 estinrta
867 3141 924 3193 est.
959 3128 1033 3194 tttou
1053 3149 1125 3194 vero
1141 3151 1248 3196 nomeu

89 3255 176 3317 quam
195 3232 233 3294 ob
250 3251 384 3294 caussam
402 3231 562 3295 obtinuerit
580 3231 760 3315 ignoramus.
794 3230 873 3295 Nam
891 3254 956 3295 oum
977 3233 1116 3297 haeretiei
1134 3236 1249 3318 quidam

91 3335 242 3398 eonditum
266 3333 303 3396 ab
323 3333 436 3418 angelis
456 3335 593 3397 mundum
611 3355 677 3397 esse
697 3335 843 3414 dixerint,
874 3347 1036 3400 utrumnam
1060 3335 1132 3400 baeu
1154 3349 1248 3416 seete,

91 3438 168 3522 quod
193 3437 272 3500 idem
298 3447 503 3514 ussevesaret,
528 3437 631 3500 eodem
655 3438 694 3500 sit
715 3438 820 3502 aldeola
842 3437 977 3516 nomine,
1001 3451 1084 3502 eerto
1106 3441 1255 3502 affirmare

91 3559 151 3604 uon
169 3559 302 3626 possum.
347 3538 396 3602 An
414 3539 509 3622 potius
526 3539 601 3623 quod
617 3539 649 3602 in
667 3541 830 3623 angelicum
845 3561 912 3603 sese
927 3539 1059 3603 ordinem
1076 3551 1251 3624 arroganter

91 3645 260 3718 referrent,
285 3651 374 3724 utque
391 3641 586 3706 excellentem
608 3643 751 3725 quandam
775 3643 1023 3712 vitaerstionem
1044 3643 1248 3721 instituerent3
1336 3704 1340 3714 ,

91 3767 131 3808 ne
148 3746 204 3808 boo
224 3743 341 3828 quidem
362 3765 415 3828 pro
434 3755 585 3828 comperto
603 3745 707 3808 allero.
754 3746 800 3808 Au
818 3754 966 3830 postremo
986 3745 1023 3808 eb
1043 3744 1107 3808 loeo
1125 3745 1249 3828 quodam

91 3869 160 3911 eam
175 3844 398 3931 appellationem
419 3846 515 3909 sortiti
532 3846 602 3910 siut.
648 3845 794 3930 Quoniam
814 3847 928 3931 quidem
946 3845 1030 3930 regio
1048 3847 1189 3931 quaedam
1205 3857 1252 3910 est

91 3950 173 4014 ultra
194 3947 441 4034 Mesopotamiam
464 3969 540 4033 quae
563 3949 709 4033 Angelius
732 3947 848 4012 dieitur.

179 4049 241 4116 lam
262 4071 335 4116 vero
359 4052 491 4135 quisquis
516 4073 551 4116 es
573 4052 706 4129 auditor,
730 4051 846 4133 siquae
867 4071 948 4114 ame
974 4062 1062 4116 untes
1084 4050 1161 4114 diota
1183 4055 1376 4125 suetoso-11·

91 4155 275 4234 reourderis,
300 4153 371 4218 nibil
387 4153 444 4218 erit
459 4154 534 4238 quod
550 4174 596 4218 me
610 4153 640 4216 in
656 4151 786 4216 oriminis
802 4151 998 4236 suspitionem
1017 4155 1155 4219 adluens.
1187 4151 1252 4218 lioo

90 4377 123 4428 in
139 4376 279 4445 suspicione
296 4385 324 4425 ut
341 4391 387 4427 nos
404 4373 553 4426 condemnes
572 4375 656 4426 leeris.
692 4373 725 4427 ad
743 4373 938 4427 criminationem
957 4392 1033 4445 usque
1051 4375 1225 4446 progredieris.

92 4450 188 4499 Rectius
204 4449 324 4498 witsaci:
347 4440 374 4493 iu
389 4441 528 4512 suspicione
545 4453 587 4494 tua
606 4461 658 4494 nou
1019 4513 1023 4516 -

982 4531 1048 4599 13*
