3176 4930
1026 53 1038 94 l

384 233 518 286 renuunt
536 235 600 286 utu.
611 235 642 286 n.
661 233 777 287 rour.
792 235 998 288 ueremur.
1066 291 1067 296 ,
1209 225 1271 288 309

113 373 175 416 non
193 363 257 433 est,
280 365 310 418 et
325 375 399 418 noro
415 365 511 419 temen
526 366 631 420 ueterra
645 373 697 419 suu
713 355 901 440 propinquius
918 365 987 433 cst,
1006 376 1064 418 noo
1080 375 1195 436 aurum,
1220 358 1271 420 sed

113 456 181 519 auri
197 457 295 522 simile
311 477 379 522 esse
397 457 520 536 dieitur,
544 459 619 542 quod
635 457 750 542 quidem
776 479 878 522 aurum
897 457 922 519 si
942 467 1039 536 esset,
1064 477 1122 520 nou
1145 457 1208 522 auri
1230 459 1271 522 si-

112 559 202 638 mile,
236 560 289 624 sed
312 581 415 626 aurum
439 561 597 624 diceretur.
643 558 732 624 Nunc
756 560 892 644 qnoniam
920 580 1021 623 eurum
1044 580 1104 623 non
1127 569 1189 640 est,
1219 561 1272 624 sed

112 681 189 726 auro
212 664 395 748 proximum,
418 664 608 747 eiusdemque
627 663 767 726 mentitur
789 662 935 748 speciem,
959 661 1022 732 ouri
1043 661 1137 725 simile
1160 683 1271 727 nuncu·

111 775 212 849 putor.
259 764 370 829 Eodem
391 767 478 829 modo
496 783 617 850 prorsus
639 765 715 850 quod
734 767 763 827 in
781 764 999 827 resurrectione
1014 773 1134 828 sanctos
1151 765 1270 848 angelo·

110 889 179 929 rum
200 869 263 930 lore
286 869 396 931 similes
421 868 638 952 pronuntiavit,
662 887 720 930 nou
745 867 789 928 sic
810 865 1010 951 accipiendum
1037 867 1100 945 es't,
1134 867 1216 950 quasi
1240 867 1269 930 lo

109 970 286 1052 angelorum
305 981 437 1034 naturum
457 969 696 1034 transcribendos
713 987 780 1032 esse
802 969 968 1031 cunctosin
987 967 1035 1031 illa
1052 969 1270 1033 resurrectione

110 1072 258 1150 voluerit,
283 1073 334 1134 sed
352 1072 422 1136 otltt
442 1073 517 1136 aliod
543 1073 599 1135 nisi
618 1071 788 1155 angelorum
810 1069 969 1134 conditioni
992 1069 1170 1156 propinquos
1194 1072 1270 1134 lutu-

109 1195 175 1237 ros.
223 1171 421 1257 Quamobrem
442 1174 645 1238 stultissimum
662 1173 731 1236 milri
748 1174 863 1236 videtur
879 1172 918 1234 ita
935 1173 1092 1256 colligere:
1124 1169 1269 1255 Quoniam

110 1272 253 1340 Christus
268 1288 387 1341 sanctos
404 1278 433 1340 in
450 1277 669 1340 reerrrmctione
690 1287 827 1360 tanquam
849 1275 970 1358 angelos
987 1274 1082 1338 risum
1101 1275 1138 1338 iri
1156 1273 1270 1360 proedi-

109 1377 210 1457 xcrit‚
236 1379 309 1442 lteec
324 1380 434 1442 idcirco
449 1389 652 1442 resurrecturo
666 1399 725 1441 uon
743 1397 809 1440 esec
826 1397 960 1460 corpore.
1005 1374 1186 1441 Praesertim
1204 1397 1269 1442 cum

108 1480 285 1546 vocobulum
309 1483 402 1566 ipsum
426 1483 491 1544 eius
515 1481 591 1566 quod
612 1480 755 1564 contingit
777 1479 922 1544 actionem
950 1478 1103 1564 perspicue
1125 1480 1267 1544 declaret.

107 1582 190 1648 Nem
209 1583 465 1647 resurrectionum
485 1583 521 1646 de
539 1604 575 1646 eo
593 1583 668 1667 quod
689 1604 835 1667 nunquam
853 1581 977 1660 cecidit,
1003 1583 1055 1646 sed
1076 1584 1112 1646 de
1134 1601 1170 1646 eo
1192 1583 1269 1666 quod

108 1687 236 1764 cecidit,
261 1698 349 1771 atquc
366 1688 470 1750 iterum
488 1686 635 1770 assurgit,
659 1696 827 1771 usurpatur.
872 1683 963 1748 Velut
981 1705 1046 1748 cum
1068 1685 1207 1770 propheta
1225 1684 1269 1747 di-

109 1789 171 1866 eit,
203 1793 247 1850 tlt
265 1791 395 1850 exerendo
420 1790 631 1852 tudo-nocetum
657 1793 750 1850 Doce'd
775 1792 851 1870 qnod
873 1791 983 1850 cem'dit.
1037 1783 1154 1850 Cecidit
1170 1807 1269 1872 porro
1283 1805 1420 1862 omnem.

106 1901 241 1976 optatum
272 1891 339 1954 illud
368 1890 483 1955 animae
513 1889 732 1953 tabernaculum
759 1895 789 1952 rie
815 1903 920 1952 terrum
947 1895 1065 1970 aggeris
1095 1889 1266 1974 collapsum.
1281 1909 1338 1954 uno.
1354 1909 1420 1965 ree

105 1991 181 2056 Non
199 1993 276 2055 enim
293 1992 368 2077 quod
386 2014 444 2056 non
460 1994 596 2070 moritur,
620 1993 673 2056 sed
688 1993 764 2076 qdod
782 1991 905 2056 moritur
919 1993 1063 2057 inclinare
1080 1991 1196 2056 dicitur.
1226 1990 1269 2055 At

108 2096 238 2160 moritur
254 2117 335 2160 caro.
373 2096 479 2158 Anima
497 2099 602 2181 quippe
615 2095 789 2158 immortalis
806 2106 862 2158 est.
904 2091 1091 2180 Quapropter
1105 2094 1131 2156 si
1148 2094 1268 2157 immor-

107 2199 182 2262 tslie
193 2209 240 2261 est
253 2198 361 2275 antima,
387 2217 494 2283 corpus
508 2218 582 2260 vero
598 2197 725 2262 cadaver
739 2209 797 2275 est,
821 2198 870 2282 qui
885 2199 925 2261 ita
940 2197 1189 2262 resurrectionem
1204 2198 1267 2260 lore

106 2301 305 2378 conliteutor,
331 2311 363 2363 ul
381 2321 446 2363 earn
470 2297 540 2363 nihil
558 2299 595 2362 ed
617 2320 735 2362 carnem
756 2302 906 2385 pertinere
924 2311 1041 2388 putent,
1072 2298 1267 2363 resurrectio·

107 2424 176 2466 nem
194 2404 323 2467 luodilus
340 2412 459 2486 negant.
507 2398 748 2486 Quandoquidem
768 2424 826 2466 non
843 2403 912 2466 illud
928 2402 1003 2486 quod
1018 2413 1095 2481 stat,
1118 2403 1170 2464 sed
1190 2401 1265 2485 quod

106 2505 217 2569 cecidit
230 2517 260 2569 el
272 2504 436 2583 inclinavit,
458 2525 624 2588 exsurgere
639 2503 763 2584 dicitor3
789 2527 841 2591 pro
858 2525 894 2569 co
909 2525 944 2569 uc
960 2505 1099 2590 scriptum
1114 2513 1171 2582 est,
1189 2507 1265 2566 Nom
1277 2523 1323 2570 rer.
1338 2526 1359 2581 s,
1372 2525 1392 2569 t.

104 2613 162 2690 pur'
179 2611 284 2669 recellit
302 2629 358 2669 non
380 2613 537 2687 resurget?
557 2619 610 2670 cut
628 2613 680 2689 qni
698 2629 815 2670 cumcun
835 2621 878 2669 est
899 2629 955 2669 non
975 2613 1156 2670 revertetur?
1314 2656 1347 2706 co

195 2707 282 2793 Quod
299 2717 395 2772 autem
413 2708 586 2772 immortalis
604 2709 700 2772 anima
720 2709 776 2788 sit,
802 2709 957 2774 manifeste
977 2710 1111 2776 dominus
1132 2729 1267 2795 comper
1296 2675 1393 2778 xelll.

105 2833 197 2891 sese,
221 2825 280 2875 tum
299 2833 353 2898 per
367 2809 558 2876 Salomonem
582 2811 711 2876 edocuit.
756 2811 816 2876 Per
834 2833 901 2876 sese
921 2813 1037 2897 quidem
1060 2813 1089 2876 iu
1111 2813 1209 2876 divitis
1232 2793 1419 2876 ,⁰(xxxw.)

104 2913 221 2979 Lazari
239 2915 375 3001 pauperis
392 2913 532 2993 historio,
558 2935 680 2998 quorum
702 2915 778 2978 lrunc
794 2915 826 2977 iu
843 2915 1003 2980 Abrahami
1021 2913 1087 2994 sinu
1104 2925 1171 3001 post
1193 2933 1264 2979 exo·
1280 2936 1334 2980 une.
1349 2939 1381 2982 m.

106 3029 170 3080 tum
187 3037 294 3102 corpus
310 3017 499 3101 acquiescere
515 3016 626 3096 roluit,
650 3016 773 3080 alterum
792 3018 969 3081 eruciatibus
987 3016 1146 3096 damnavit,
1172 3017 1267 3102 eqni-

106 3121 165 3184 bos
182 3140 247 3182 cum
265 3120 434 3183 Aloelmmu
457 3118 670 3202 colloquentem
689 3119 864 3183 introduxit.
911 3117 991 3183 ldem
1014 3139 1087 3184 rero
1110 3141 1165 3206 per
1180 3117 1268 3186 Solo·

106 3241 227 3286 monem
244 3221 272 3285 in
291 3243 328 3285 eo
347 3221 423 3285 libro
440 3220 487 3306 qui
506 3217 657 3304 Sapientis
675 3221 846 3286 inscribitur
861 3222 1001 3300 ostendit,
1026 3223 1086 3301 ubi,
1111 3227 1264 3299 Iustorum,
1280 3245 1333 3303 sep.
1346 3247 1367 3304 ι,
1381 3247 1400 3292 ι.

105 3325 220 3408 iuquit,
244 3329 355 3386 animae
368 3329 398 3386 in
414 3345 498 3385 mune
514 3327 563 3384 dei
575 3335 658 3397 eunt,
681 3335 711 3384 et
730 3347 785 3386 non
805 3338 903 3406 tanget
916 3329 982 3388 illes
998 3338 1183 3388 tormentum:
1213 3331 1271 3388 or'ce‘

104 3439 180 3490 suot
199 3431 229 3488 in
251 3431 341 3488 oculr‘o
363 3430 554 3508 ensepr'eotinor
571 3429 660 3501 mori,
685 3439 716 3488 et
728 3433 878 3490 eecninutu
891 3440 935 3490 est
950 3429 1067 3510 cfflr'ete'o
1086 3434 1183 3491 enites
1202 3432 1267 3490 illo-

106 3553 185 3604 rum,
210 3541 239 3591 et
254 3534 330 3610 quod
343 3551 362 3590 u
378 3532 459 3591 nolti
473 3541 517 3592 est
532 3533 589 3590 iter
603 3534 817 3592 exterminium:
841 3534 889 3592 r'llr'
899 3543 992 3593 eutem
1008 3543 1077 3594 aunt
1091 3536 1120 3594 r'n
1132 3553 1215 3612 pune,
1240 3542 1270 3592 ct

104 3653 173 3714 spec
190 3636 304 3694 illorum
323 3635 534 3694 r‘mmortalr'tnte
551 3633 639 3714 pleno
657 3644 710 3693 ert.
756 3631 839 3716 Ergo
855 3633 987 3718 corporis
1004 3645 1048 3696 est
1070 3633 1264 3710 resurrectio,

107 3755 170 3798 nco
192 3735 327 3812 uoimee3
359 3734 550 3819 nequeenim
573 3743 701 3798 stantem
718 3735 810 3814 ullus,
833 3735 886 3798 sed
904 3735 1049 3800 ioeeotem
1072 3735 1170 3818 erigit.
1215 3732 1267 3800 Uti

106 3859 206 3922 neque
223 3857 298 3900 snuo
315 3837 443 3924 corpori,
468 3837 520 3900 sed
538 3836 613 3900 mele
628 3837 737 3900 allecto
753 3839 913 3901 remedium
928 3837 1091 3902 adhibetur.
1131 3835 1223 3921 *Quod
1241 3837 1267 3900 si

106 3941 176 4026 quis
193 3941 440 4004 resurrectionem
458 3938 575 4004 animae
590 3959 649 4002 noo
669 3940 786 4025 corpori
804 3949 975 4004 eventuram
996 3940 1174 4026 pertinacius
1191 3941 1267 4004 ellin-

107 4063 193 4106 mare
213 4042 301 4119 velit,
327 4063 433 4125 umgna
457 4051 504 4104 est
528 4041 652 4104 hominis
676 4041 822 4104 stoliditas
846 4051 877 4104 et
896 4046 1035 4106 amentio.
1081 4039 1168 4106 Prius
1191 4043 1268 4106 enim

107 4147 228 4208 animae
249 4145 467 4228 corruptionem
490 4165 524 4208 ac
543 4141 764 4208 dissolutionem
783 4163 907 4208 necesse
924 4155 971 4208 est
989 4155 1158 4225 assereret,
1183 4155 1215 4208 ut
1231 4146 1266 4210 il·

107 4249 166 4312 lius
184 4247 275 4332 portis
292 4269 360 4311 esse
377 4245 624 4310 resurrectionem
640 4245 759 4324 inierat,
784 4264 839 4311 uec
857 4267 978 4333 prorsus
993 4247 1132 4329 delirare,
1154 4249 1205 4313 sed
1222 4259 1267 4313 nt·

143 4383 184 4436 13.
203 4381 233 4438 ct
248 4377 322 4437 ἀιάι.
341 4385 453 4434 cartana.
739 4382 764 4435 3.
780 4381 835 4436 Καὶ
850 4387 1018 4448 perrumpe.
1053 4389 1127 4451 reno
1141 4392 1204 4438 enar
1217 4386 1268 4440 ut-

143 4453 203 4504 cu.
223 4453 318 4502 XLllt.
335 4479 369 4490 ·-
406 4453 427 4503 l.
445 4455 551 4503 Fortasse
567 4449 654 4516 lidron.
705 4467 753 4518 qne
790 4455 887 4504 Petcutc
901 4456 991 4516 ptceutt
1005 4458 1051 4510 δεῖ.
1087 4459 1210 4519 cemento,
1226 4459 1269 4522 cui

140 4519 166 4572 2.
183 4514 268 4590 τούτῳ
286 4535 333 4572 ooo
348 4523 412 4571 entct
426 4523 452 4571 tn
468 4523 519 4571 cod.
532 4521 630 4588 umere.
704 4523 773 4572 cecc
788 4519 870 4583 Dico,
893 4519 966 4589 λέγω.
