3148 4938
356 228 493 283 rnnann
508 229 572 281 nro.
589 229 619 280 n.
637 229 720 284 rou.
735 231 765 282 u.
782 229 883 282 naua.
896 229 1015 284 cxrur.
1213 221 1275 288 583

104 359 138 412 et
157 349 324 412 conlessor.
371 347 506 412 Aderant
528 358 558 412 et
574 345 729 414 Meletiaoi
746 348 904 414 Athanasii
922 350 1097 435 praesertim
1120 362 1276 418 accusato·

105 472 168 516 res.
215 449 258 516 At
279 449 384 516 beatus
408 447 534 514 Potamo
555 451 689 518 veritatis
712 473 748 516 ac
774 463 875 516 rectae
900 451 966 515 hdei
990 453 1096 517 ardore
1119 465 1272 536 aestuans,

104 553 155 618 vir
174 573 288 617 summa
303 552 441 638 loquendi
465 553 618 633 libertate,
644 554 693 638 qui
709 554 797 620 nullis
814 575 940 640 uuquam
960 575 1105 640 personae
1128 559 1274 622 rationem

104 654 267 732 babuerat,
292 664 322 722 et
338 676 392 745 pro
411 654 547 720 veritatis
564 657 752 726 confessione
770 656 896 722 alterum
920 657 950 722 iu
970 659 1177 743 persecutione
1200 681 1272 724 ocu·

104 758 166 824 lum
184 755 342 836 amiserat,
372 757 399 820 is
419 755 584 833 Eusebium
607 760 759 832 sedentem
785 770 815 823 et
829 759 1023 838 iudicantem,
1055 771 1182 824 stantem
1202 782 1273 826 vero

105 860 303 928 Athanasium
331 860 517 944 conspicatus
544 861 646 926 dolore
673 862 845 940 conlectus,
880 873 911 926 ct
932 862 1137 949 illacrymans,
1172 863 1270 928 cuius·

105 964 184 1036 modi
200 962 326 1032 sinceris
342 962 488 1031 mentibus
505 964 665 1029 usuvenire
679 964 771 1042 solet,
796 983 902 1048 magna
919 984 993 1029 voce
1010 965 1155 1030 adversus
1172 963 1269 1030 Euse-

105 1067 185 1140 bium
207 1065 343 1130 inuectus
365 1077 423 1128 cst.
470 1062 528 1145 Et,
554 1063 653 1147 Tenc,
678 1066 783 1150 iuquit,
807 1063 932 1148 Eusebi,
952 1067 1058 1141 sedere
1083 1077 1112 1130 et
1131 1067 1274 1132 iunocen-

104 1180 164 1236 tem
179 1167 374 1250 Athanasium
392 1189 410 1232 a
428 1178 456 1230 te
478 1167 622 1232 iudicari?
666 1165 742 1251 Quis
757 1167 815 1234 ista
834 1168 983 1237 sustinere
1001 1170 1118 1256 possit?
1151 1167 1274 1234 Dicso·

5 1313 6 1320 κ
105 1273 177 1355 des,
201 1289 300 1334 nonne
318 1290 431 1345 mecum
449 1269 665 1354 persecutionis
682 1280 815 1358 tempore
832 1270 862 1336 in
881 1273 1015 1338 custodia
1034 1273 1136 1337 luisti?
1173 1271 1272 1358 Atque

5 1411 6 1428 .
105 1396 163 1460 ego
179 1372 295 1458 quidem
315 1372 429 1436 oculum
451 1393 505 1457 pro
521 1371 649 1437 veritate
667 1372 791 1457 perdidi,
818 1383 847 1436 tu
865 1373 943 1438 nulla
959 1375 1093 1460 corporis
1110 1385 1193 1460 parte
1210 1397 1274 1440 mu·

105 1478 206 1550 tilatus
223 1495 268 1556 ea,
294 1493 389 1565 neque
410 1474 582 1561 martyrium
601 1473 735 1554 subiisti,
760 1474 812 1543 scd
827 1475 915 1544 uivus
930 1476 1103 1562 integerque
1120 1477 1271 1543 consistis.

5 1619 6 1632 .
105 1577 241 1664 Quanam
259 1577 375 1640 rationo
392 1597 408 1639 e
425 1577 557 1642 custodia
575 1576 713 1656 evolasti,
738 1576 794 1655 nisi
814 1577 890 1664 quod
905 1577 1145 1663 persecutoribus
1163 1579 1273 1644 nostris

5 1705 7 1738 r
104 1680 249 1746 netarium
270 1678 384 1742 lacinus
400 1679 594 1744 admissurum
616 1690 644 1743 te
667 1699 736 1742 esse
757 1679 917 1766 recepisti,
941 1680 987 1750 rel
1006 1679 1092 1744 etiam
1110 1681 1275 1746 admisisti?

5 1831 6 1840 ,
104 1783 190 1850 llaec
209 1781 357 1846 Eusebius
379 1781 502 1846 audiens
522 1801 701 1866 magnopere
715 1782 824 1862 doluit,
856 1791 1028 1868 strepente
1053 1803 1179 1866 surgens
1202 1803 1273 1847 cou-

103 1885 203 1950 cilium
222 1884 349 1964 dimisit,
374 1885 471 1968 itaque
488 1883 603 1948 locutus
622 1893 685 1948 cst:
720 1882 754 1948 si
772 1883 828 1959 buc
847 1884 1024 1957 accedentes
1043 1893 1197 1969 tantopere
1220 1905 1273 1947 no·

5 2021 7 2048 ,ι
103 1988 152 2057 bis
169 1987 373 2062 coutradicerc
392 1985 518 2064 audetis,
544 2005 646 2052 rerum
664 1993 711 2048 est
728 1986 861 2070 prolecto
877 1986 953 2071 quod
971 1986 1065 2062 vestri
1082 1997 1272 2050 accusatores

5 2139 7 2152 ,
103 2090 259 2166 obiiciunt.
306 2087 383 2154 Nam
404 2110 468 2152 cum
492 2087 547 2150 hoc
570 2087 599 2150 in
623 2088 689 2151 loco
711 2089 897 2176 tyrannidem
921 2089 1065 2177 quandam
1088 2087 1270 2168 exerceatis,

104 2192 198 2258 multo
221 2193 249 2258 id
273 2192 365 2276 magis
387 2191 418 2254 in
442 2189 535 2275 patria
558 2199 658 2254 vestra
681 2189 790 2255 inuitis.

193 2293 247 2359 llis
264 2295 319 2358 boc
333 2293 419 2358 modo
439 2291 597 2360 transactis
614 2292 690 2358 aliud
713 2293 847 2378 quiddam
867 2291 1017 2360 Eusebius
1042 2315 1108 2361 cuns
1133 2294 1196 2358 suis
1219 2315 1271 2380 ag·
1285 2306 1345 2374 cip.
1360 2307 1408 2358 tx.

102 2396 250 2482 graditur.
295 2393 374 2460 Nam
399 2396 473 2458 dttos
496 2395 636 2478 quosdam
663 2392 838 2473 Pannoniae
860 2394 1007 2482 episcopis
1031 2394 1098 2460 Arii
1126 2395 1270 2474 asseclas,

5 2543 7 2568 .
102 2497 255 2564 Ursatium
274 2507 305 2560 et
320 2494 477 2562 Valentem
494 2495 707 2566 Alexandriana
733 2508 763 2561 ct
787 2497 818 2572 in
833 2494 1032 2568 Mareotidom
1053 2497 1188 2574 mittunt,
1222 2496 1272 2560 ubi

5 2653 8 2672 .
102 2600 276 2688 superiores
297 2619 399 2663 omraes
415 2599 480 2664 illas
502 2599 602 2664 turbas
620 2599 773 2686 iurgiaqne
796 2599 835 2677 ,qb
853 2621 905 2677 aas
921 2600 1080 2680 violatum,
1114 2609 1144 2662 et
1161 2598 1219 2664 ulia
1241 2599 1271 2662 id

5 2759 7 2778 ,
102 2725 200 2790 genus
218 2701 363 2768 accidisse
381 2701 594 2768 memorabant.
642 2698 687 2764 llli
704 2700 852 2786 legatione
872 2723 926 2774 sua
948 2703 1037 2770 iuncti
1055 2722 1118 2766 rem
1134 2723 1194 2766 nou
1210 2699 1272 2764 ain·

5 2871 6 2878 ,
103 2826 175 2870 cere
189 2805 230 2868 uti
248 2824 281 2868 ae
302 2803 457 2883 babuerat,
473 2805 525 2868 sed
544 2805 616 2868 salsa
633 2804 776 2890 quaedam
792 2815 822 2875 ot
836 2805 960 2882 condicta
979 2805 1159 2886 detulerunt,
1184 2805 1273 2868 multa

101 2909 249 2972 adversus
279 2907 395 2970 beatum
426 2927 528 2992 papam
557 2906 752 2973 Athanasium
782 2907 905 2992 subdole
929 2917 960 2982 ct
979 2907 1163 2978 calumniose
1192 2927 1272 2972 conu-

5 3061 6 3084 .
102 3010 215 3088 menti,
248 3031 324 3096 quac
350 3007 465 3094 quidam
492 3029 545 3094 pro
569 3010 649 3077 veris
672 3020 703 3072 ct
726 3008 886 3094 compertis
907 3009 937 3074 iu
963 3020 1028 3077 acta
1050 3011 1216 3074 relerentes
1240 3007 1271 3070 iu

101 3113 249 3200 synodum
270 3114 307 3175 ad
328 3107 490 3176 Eusebium
511 3122 540 3175 et
556 3111 629 3176 alius
647 3111 794 3176 dederunt.
841 3108 874 3182 ld
891 3113 966 3196 quod
985 3109 1096 3182 Ursatii
1114 3121 1143 3174 et
1160 3107 1272 3174 Valen-

5 3269 6 3272 η
100 3216 142 3280 tis
160 3215 349 3278 confessione
376 3225 478 3299 postca
502 3215 679 3290 declaratum
708 3223 770 3293 cst,
803 3235 869 3278 cum
892 3213 1071 3300 poenitentia
1096 3211 1174 3275 ducti
1196 3206 1272 3274 lulio

5 3391 6 3398 p
102 3317 242 3382 Romano
260 3316 389 3403 pontifici
407 3315 523 3380 libellos
542 3315 729 3397 obtulerunt,
753 3316 858 3402 quibus
877 3335 1009 3380 errorem
1028 3335 1112 3378 suum
1130 3313 1272 3398 depreca-

101 3419 222 3484 bantur.
270 3415 474 3498 Calumniam,
499 3417 687 3504 inquiebant,
719 3430 821 3482 contra
848 3438 950 3503 papam
973 3415 1169 3480 Athanasium
1192 3425 1272 3479 stru·

100 3522 220 3592 ximuss
246 3532 277 3585 tu
294 3541 366 3585 vero
385 3522 420 3592 ud
437 3521 674 3587 communionem
695 3529 725 3583 et
740 3519 947 3604 poeniteutiam
967 3537 1021 3580 uos
1037 3517 1169 3582 admitte.
1206 3512 1269 3580 lmo

101 3634 134 3691 ct
158 3625 231 3710 apud
255 3624 349 3708 ipsum
364 3622 561 3708 Athanasium
586 3622 688 3687 eadem
708 3619 864 3704 inscripto
885 3617 1098 3702 supplicatione
1119 3619 1163 3683 usi
1186 3627 1267 3681 sunt.

102 3725 190 3790 lnter
216 3726 288 3790 haec
314 3725 498 3791 Athanasius
525 3745 590 3788 cum
620 3723 694 3809 apud
719 3721 833 3807 Tyrum
856 3739 979 3804 gravem
1004 3741 1040 3783 ac
1064 3719 1269 3784 vehementem

29 3848 43 3864 ·
102 3830 181 3894 hanc
202 3827 450 3913 conspirationem
472 3811 540 3892 csse
555 3834 707 3904 cerneret,
732 3823 900 3907 priusquam
919 3821 949 3885 in
967 3821 1106 3886 iudicium
1124 3821 1267 3907 prodiret,

5 4009 7 4018 ,
101 3943 156 4001 aut
178 3952 282 3996 carnes
303 3929 380 3994 istae
402 3927 566 3997 calumniae
592 3947 691 3992 coram
715 3925 770 3990 sibi
792 3935 822 3988 et
842 3945 883 3988 ex
905 3923 1032 3990 aduerso
1055 3923 1267 4002 obiicerentur,

102 4035 141 4100 dc
161 4044 248 4100 nocte
272 4033 427 4098 discedens
450 4032 480 4095 in
500 4030 670 4095 comitatum
687 4027 721 4091 ad
743 4023 971 4092 Constantinum
989 4033 1144 4112 properat,
1174 4024 1269 4110 deque

144 4253 170 4307 3.
194 4251 359 4306 Sublicientes
391 4257 502 4306 conuenta
534 4255 669 4306 cunamen.
738 4246 761 4301 A.
778 4247 826 4317 sals
849 4252 901 4301 cod.
918 4249 1015 4312 lthedtq.
1050 4243 1095 4301 edu
1111 4247 1161 4300 eod
1181 4249 1228 4312 len.
1247 4252 1269 4298 et

101 4325 219 4385 Suspicor
239 4325 414 4375 rescribendum
436 4338 482 4375 asse
505 4315 670 4390 παραχαράσ-
704 4321 768 4371 aditi.
801 4318 965 4372 adscenderit
982 4319 1103 4370 Patcutus.

102 4407 205 4451 serres,
230 4405 275 4454 quo
293 4395 362 4443 uerbo
390 4406 437 4444 non
462 4394 531 4443 semet
555 4403 612 4444 rasus
636 4393 669 4440 ast
737 4387 759 4438 b.
779 4381 876 4446 oddus<
891 4389 974 4450 acrtptt
989 4387 1051 4436 tibr‘a

101 4461 260 4528 spasmum.
736 4451 761 4506 e.
780 4447 870 4518 adron
887 4455 942 4506 aas
956 4455 1046 4521 aaut.
1081 4445 1165 4508 acam
1179 4453 1243 4508 ctus.
