3168 4926
363 273 499 328 ransart
517 273 579 325 utu.
594 273 626 326 u.
643 273 725 327 rou.
739 278 758 327 ι.
777 271 874 326 uass.
888 273 931 326 ut.
1184 263 1221 328 st

151 391 236 458 llaec
256 393 349 478 igitur
371 393 532 478 Alogorum
558 405 604 458 est
626 395 735 481 opinio.
781 393 858 460 Nam
884 394 1026 460 eiusmodi
1052 395 1096 460 eis
1117 417 1225 462 nomeu
1245 403 1304 470 cap.
1318 403 1363 454 111.

75 498 261 583 imponimus,
295 517 350 561 uec
372 518 388 560 a
410 497 495 562 uobis
514 498 652 583 deinceps
667 498 753 562 aliter
768 496 894 561 vocandi
910 509 1000 562 snutr
1034 496 1075 562 Et
1093 520 1148 563 vos
1165 521 1226 564 me·

75 623 146 680 cnm,
171 623 190 664 o
206 598 365 679 carissimi,
389 600 503 685 Alogos
520 601 586 666 illos
602 600 762 666 nominate.
810 597 942 684 Quorum
957 600 1091 666 haeresis
1108 599 1227 666 loannis

75 703 160 768 libros
175 705 323 789 repudiat.
369 699 568 787 Quamobrem
585 724 650 767 oum
668 704 791 768 verbum
808 725 825 766 a
842 701 953 768 lounne
969 704 1165 789 praedicatum
1181 726 1228 770 re·

76 819 191 893 spuunt,
216 807 328 890 Alogi,
352 805 408 869 hoo
424 816 470 870 est
485 827 502 870 a
518 806 610 870 verbo
625 806 714 870 alieni
730 807 913 891 nuncupandi
930 817 1009 872 suut.
1056 806 1137 892 Ergo
1153 807 1195 872 illi
1212 830 1229 872 a

78 911 205 974 doctrina
221 909 358 973 veritatis
375 908 505 973 funditus
521 907 714 974 abhorrentes
732 909 877 976 sinceram
894 911 978 974 iidem
994 910 1153 995 abnegant,
1177 931 1232 976 uec

77 1011 192 1078 loannis
209 1011 395 1094 evangelium
409 1022 460 1075 aut
475 1010 675 1098 Apocalypsin
693 1012 865 1098 approbant.
904 1012 995 1097 Atqui
1009 1013 1034 1076 si
1051 1013 1231 1099 Apocalypsi

77 1117 217 1181 duntaxat
231 1116 343 1178 reiecta
360 1113 546 1197 evangelium
564 1115 769 1193 admitterent,
794 1115 849 1179 dici
865 1115 893 1178 id
910 1127 1031 1200 possent
1046 1115 1144 1182 subtili
1161 1137 1233 1201 quo·

78 1220 136 1284 dam
154 1229 184 1283 et
200 1227 343 1282 accurato
359 1215 466 1281 iudicio
483 1216 607 1296 lecisse,
632 1227 664 1280 ut
680 1219 847 1303 apocrypha
866 1230 1058 1302 respuerent,
1082 1219 1157 1302 quod
1174 1217 1234 1303 ple-

78 1341 161 1407 raque
176 1323 208 1386 in
224 1319 404 1406 Apocalypsi
421 1317 580 1384 altissimos
594 1329 624 1382 et
639 1318 782 1383 obscuros
798 1341 905 1386 seusus
922 1320 1056 1386 habeant.
1089 1317 1151 1384 Sed
1168 1341 1233 1384 curu

79 1427 233 1489 universos
248 1421 369 1488 loannis
383 1421 473 1486 libros
490 1425 607 1508 proprie
622 1421 776 1500 reiiciaut,
801 1421 933 1486 dubitare
951 1443 1037 1488 uerno
1054 1433 1150 1509 potest
1165 1423 1235 1508 quio

79 1527 96 1591 ii
111 1548 274 1611 eorumque
287 1524 400 1590 similes
411 1524 453 1588 illi
468 1524 523 1610 ipsi
541 1523 599 1590 sint
614 1547 736 1610 quorum
753 1524 783 1588 io
797 1525 947 1589 catholicis
961 1525 1094 1610 epistolis
1109 1523 1236 1592 loannes

79 1629 226 1694 meminit:
250 1631 410 1690 Nooa'sariuu
427 1632 499 1690 doro
517 1639 573 1703 eet,
598 1625 709 1712 inquit,
733 1641 761 1692 et
776 1632 914 1703 cadmia,
939 1634 1069 1709 quomrum
1082 1632 1233 1692 Aumcdrr'·
1247 1636 1265 1682 1.
1280 1637 1355 1682 teum

78 1745 136 1794 atur
153 1736 247 1794 uenit:
271 1743 301 1793 et
315 1753 391 1793 murac
404 1753 468 1794 ecce
483 1733 661 1794 Autr'edristr'
674 1735 770 1806 multr',
796 1743 850 1793 etc.
898 1726 1082 1815 Quamquam
1098 1732 1142 1796 illi
1160 1755 1235 1798 non·
1271 1687 1336 1744 ιιι

80 1835 146 1898 nihil
171 1836 208 1898 ad
229 1835 429 1898 excusandam
451 1855 533 1898 suam
551 1833 701 1899 audaciam
718 1843 863 1897 conantur
880 1833 998 1896 adferre.
1044 1829 1140 1898 Pudet
1158 1835 1237 1900 enim

80 1939 170 2022 palam
193 1938 224 2000 b.
246 1935 349 2001 loarrni
372 1937 593 2015 contradicere,
626 1937 702 2021 quod
720 1945 752 2000 et
768 1936 862 2021 ipsum
885 1935 963 2000 inter
978 1937 1128 2020 apostolos
1146 1938 1238 2004 luisse

81 2051 264 2104 numeratum
279 2051 309 2104 ct
325 2061 342 2104 o
358 2039 475 2103 domino
489 2041 643 2124 praecipue
658 2039 793 2103 dilectum
810 2059 868 2102 non
884 2038 1028 2120 dubitent,
1046 2041 1094 2124 qui
1111 2051 1141 2104 et
1153 2063 1238 2106 sacra

81 2144 220 2228 mysteria
238 2164 293 2228 pro
307 2142 351 2206 rei
369 2141 510 2226 dignitate
526 2139 675 2226 patefecit,
699 2152 730 2204 et
748 2163 837 2226 snpra
853 2141 962 2205 domiui
979 2153 1080 2228 pectus
1095 2144 1237 2208 incubuit.

82 2243 183 2327 Quare
211 2246 298 2310 aliam
323 2244 554 2308 damnandorum
578 2243 703 2330 apostoli
725 2242 901 2327 scriptorum
926 2265 1060 2310 caussam
1083 2246 1242 2311 commenti

81 2359 159 2411 eunt.
206 2343 329 2432 Negant
352 2347 423 2411 haec
441 2343 561 2410 loauuis
583 2367 668 2424 esse,
700 2355 731 2410 et
749 2342 893 2411 Cerintho
914 2348 1063 2428 tribuunt,
1096 2369 1152 2412 nec
1174 2368 1241 2413 esse

82 2449 167 2534 digna
191 2459 295 2536 putant
317 2471 391 2535 quae
414 2448 450 2513 ab
472 2448 599 2514 ecclesia
621 2450 793 2534 probentur.

165 2551 279 2618 Verum
303 2553 351 2616 vel
375 2551 430 2616 hoc
451 2553 516 2638 ipso
539 2551 584 2616 sui
602 2565 726 2617 conatus
742 2551 825 2618 initio
843 2551 1075 2632 convincuntur,
1107 2575 1160 2616 aec
1175 2555 1244 2636 parii
1260 2565 1320 2634 cap.
1335 2567 1377 2619 Ν.

83 2659 177 2718 dr'em
191 2659 368 2736 meldum,
393 2660 493 2717 meede
507 2655 771 2737 qm‘darrffirmeut.
818 2652 878 2739 Qui
895 2653 972 2719 onim
992 2655 1056 2718 lieri
1072 2665 1184 2741 potest,
1208 2649 1393 2719 mul-¹5²¹&
1450 2731 1453 2737 Ι

84 2758 154 2822 haec
171 2779 190 2822 a
212 2753 355 2823 Cerintho
372 2758 480 2842 scripta
503 2756 580 2838 sint,
604 2779 679 2842 quac
698 2754 841 2822 Cerintho
859 2757 1040 2843 potissimum
1060 2759 1243 2842 repugnent?

86 2857 139 2924 liic
153 2859 233 2924 enim
247 2871 397 2924 recentem
412 2881 447 2923 ac
460 2861 568 2924 nudum
582 2859 728 2924 hominem
743 2879 811 2924 esse
826 2856 975 2926 Christum
990 2859 1128 2924 asseruit.
1163 2855 1243 2926 Con·

86 2971 127 3026 um
144 2961 276 3027 loannes
291 2973 433 3048 perpetuo
449 2963 539 3026 luisse
557 2961 690 3041 verbum,
714 2973 800 3046 atquc
816 2984 834 3026 e
849 2963 933 3027 coelo
949 2963 1112 3048 delapsum,
1135 2973 1166 3026 et
1180 2984 1245 3028 car-

86 3085 148 3129 nem
174 3085 245 3130 ease
268 3066 376 3129 lactum
395 3067 576 3151 prouuutiot.
622 3062 769 3146 Quocirca
787 3066 886 3129 statim
901 3066 982 3129 aditu
1000 3067 1064 3150 ipso
1082 3065 1244 3152 deprehen-

87 3167 178 3248 ditur,
209 3187 316 3232 vanam
338 3166 462 3242 istorum
481 3167 674 3232 calumniandi
694 3166 840 3232 licentiam
860 3188 971 3232 meram
995 3189 1063 3232 ease
1079 3167 1243 3248 stultitiam,

88 3291 138 3334 nec
162 3271 242 3334 unde
263 3271 400 3354 redargui
424 3272 517 3356 possit
543 3269 616 3334 satis
636 3271 882 3336 animadvertere.
927 3267 1006 3336 Nam
1029 3270 1070 3334 illi
1093 3271 1245 3334 nobiscnm

88 3373 193 3458 alioqui
210 3373 362 3436 eademne
378 3373 460 3458 paria
473 3373 585 3437 sentire
597 3373 746 3437 ridentur.
792 3371 852 3439 Sed
868 3395 933 3438 cum
950 3373 985 3436 ad
1002 3373 1066 3438 eius
1081 3373 1245 3452 doctrinae,

88 3497 169 3558 quarn
195 3497 251 3560 per
276 3475 306 3537 lt.
330 3472 468 3539 loannem
495 3474 592 3540 divina
618 3475 702 3541 nobis
724 3477 870 3562 sapientia
891 3477 1036 3562 providit,
1069 3476 1246 3540 soliditatem

88 3598 271 3662 nequaquam
288 3577 518 3656 adincrescant,
542 3576 572 3640 io
588 3577 625 3640 iis
641 3599 715 3662 quae
733 3579 869 3642 nesciunt
882 3589 984 3642 contra
1002 3579 1135 3643 veritatis
1150 3576 1247 3640 scien-

88 3677 155 3744 tiam
172 3679 341 3745 insolenter
355 3678 423 3744 illos
439 3679 538 3743 efferri
555 3681 774 3764 cognoscimus.
820 3681 918 3765 Atque
935 3681 990 3744 hoc
1006 3680 1123 3766 ipsimet
1138 3677 1247 3742 iutelli-

90 3803 158 3866 gere
181 3793 340 3869 poterunt,
372 3781 396 3846 si
419 3781 595 3868 resipiscere
618 3783 703 3847 modo
720 3803 754 3846 ac
771 3795 896 3846 mentem
914 3783 1069 3846 advertere
1086 3779 1245 3845 volueriut.

90 3881 152 3948 Noa
167 3887 249 3949 enim
263 3903 300 3948 ea
318 3895 522 3964 monumenta,
547 3885 650 3969 quibus
669 3885 788 3970 spiritus
804 3884 898 3950 sancti
918 3884 1050 3948 doctriua
1067 3881 1246 3961 continetur,

91 4009 162 4070 puae
182 3987 300 4072 quidem
318 3987 374 4050 dde
392 3987 478 4072 digna
497 3987 676 4071 probataque
695 3987 769 4065 siut,
799 3987 878 4051 nullo
895 3987 981 4050 modo
999 3972 1160 4048 relicimusss
1205 3983 1247 4047 m

91 4089 130 4152 itti
148 4101 256 4154 watra
278 4109 311 4154 ae
329 4087 425 4175 potius
444 4111 528 4174 quarn
547 4099 651 4154 contra
669 4089 824 4152 veritatem
847 4089 915 4152 illud
933 4087 1059 4151 afferunt
1075 4084 1196 4150 loannis
1214 4086 1248 4149 li·

92 4189 160 4255 ltros
184 4211 253 4255 cnm
276 4202 441 4255 ceterorum
465 4192 663 4276 apostolorum
687 4191 804 4277 scriptis
831 4189 948 4254 minime
971 4189 1152 4254 consentire.
1199 4187 1250 4254 Ex

92 4314 148 4378 qno
171 4291 312 4378 deinceps
334 4304 555 4360 sacrosanctam
579 4315 614 4358 ac
632 4294 759 4360 dirimam
779 4293 857 4358 illius
876 4291 1037 4357 doctrinam
1056 4294 1247 4379 redarguunt.

94 4389 170 4478 Quid
187 4395 283 4476 enim,
305 4394 456 4482 inquiunt,
480 4397 618 4482 scripsit?
660 4401 694 4460 Iu
706 4402 848 4480 prr’um‘pr'o
863 4407 928 4458 erut
940 4397 1067 4472 amdam,
1091 4408 1121 4457 et
1136 4395 1248 4457 verdum
1265 4409 1389 4466 reanum

92 4509 156 4562 eret
171 4503 252 4582 qud
264 4501 362 4576 derum
386 4510 417 4562 et
429 4503 497 4564 deur
511 4511 577 4564 erut
588 4501 711 4563 omium.
758 4495 852 4564 ltemc
874 4503 917 4564 Et
930 4500 1042 4562 verdum
1059 4519 1127 4560 roro
1139 4499 1249 4579 suetam
1275 4469 1299 4508 θ’
1310 4465 1375 4518 Μ’

998 4601 1048 4670 4*
