3128 4930
331 253 465 304 rausum
484 255 547 306 me.
562 257 593 306 u.
610 257 692 308 sou.
706 261 724 310 r.
743 257 840 308 ussa.
857 259 910 308 nv.
1102 282 1110 291 ·
1143 250 1199 314 131

55 373 118 436 locis
135 371 333 436 constituunt.
377 371 484 458 Neque
499 373 593 438 solum
612 375 748 442 virtutem
767 376 847 440 illum
866 397 932 444 ease
955 379 1098 462 quandam
1121 401 1204 448 asse·

55 486 124 552 runt,
149 476 204 538 sed
222 475 285 558 ipso
301 475 389 540 etiam
408 471 528 542 Christo
545 477 683 540 maiorem
702 499 769 542 esse
786 479 930 556 dictitant.
966 477 1116 546 Christum
1131 503 1203 546 vero

55 577 220 662 simpliciter
236 579 405 657 advenisse,
430 589 516 662 atque
536 579 613 644 illius
635 581 737 644 ordine
755 581 903 666 dignatum
921 603 987 648 esse
1006 594 1139 662 narrant,
1164 605 1205 648 ex

54 679 95 742 illo
107 681 248 744 videlicet
264 678 388 758 Davidis
406 681 500 746 dicto:
530 687 570 744 Tu
586 705 617 744 es
634 688 766 748 sacerdos
781 689 810 746 in
825 697 968 748 ueternum
986 691 1138 748 secondum
1155 693 1347 750 or·1'2·1⁰⁹‚⁴·

54 786 135 844 daem
162 786 380 848 Melchisedech.
432 783 500 867 Qua
528 805 560 848 re
588 782 807 850 Melchisedeco
836 785 976 870 dignitate
1001 788 1040 851 sit
1064 788 1200 854 inlerior.

55 881 112 946 Nisi
128 885 210 948 enim
227 887 386 950 secundum
404 885 438 950 ab
456 908 493 951 co
510 887 736 952 existimationis
755 888 849 952 locum
866 889 998 969 haberet,
1024 911 1204 974 nequaquam

54 987 149 1052 ordine
166 987 245 1052 illius
262 989 419 1073 indigeret.
455 987 515 1054 lam
534 992 569 1056 de
587 991 689 1070 eodem
707 991 756 1054 illo
773 987 992 1072 hielchisedeco
1009 994 1118 1073 lerunt,
1141 994 1205 1058 sine

55 1100 138 1154 matre
154 1090 255 1169 illum„
280 1112 315 1154 ae
333 1103 434 1175 patre,
459 1104 489 1156 et
504 1091 679 1177 gerusalogia
698 1091 805 1172 luisse,
829 1093 916 1178 idque
934 1116 972 1160 en
986 1091 1071 1170 Pauli
1089 1096 1125 1158 ad
1143 1093 1345 1160 lie-'metens

55 1190 152 1256 bracos
179 1193 303 1277 epistola
327 1195 472 1259 affirmare
498 1205 653 1260 conaretur.
697 1193 859 1260 Praeterea
880 1197 1096 1274 commentitios
1119 1219 1206 1281 quos·
1235 1222 1239 1230 ·

55 1295 110 1358 lam
128 1294 224 1358 libros
238 1316 272 1360 ae
289 1296 430 1362 confictos
448 1296 568 1374 babent,
593 1296 696 1381 quibus
710 1297 899 1382 sibimetipsis
915 1299 1051 1364 illudunt.
1092 1297 1205 1366 Verum

53 1415 86 1458 es
110 1397 184 1482 ipsis
207 1398 373 1482 scripturae
396 1399 495 1464 verbis
520 1399 603 1464 lacile
630 1410 677 1464 est
700 1399 823 1464 istorum
852 1421 984 1466 errorem
1012 1402 1203 1469 convincere.

56 1494 133 1578 Quod
149 1498 229 1566 enim
250 1500 285 1562 de
307 1500 425 1566 domiuo
446 1499 594 1568 allavide
612 1501 829 1587 pronuntiatum
847 1514 911 1580 est,
935 1525 999 1571 cum
1023 1505 1206 1568 sacerdotem

54 1597 125 1664 illum
145 1603 308 1666 secuudum
326 1605 457 1668 ordinem
473 1601 690 1670 Melchisedech
711 1607 775 1668 lore
793 1605 949 1690 praedixit,
975 1628 1032 1668 uua
1049 1617 1080 1670 et
1095 1603 1206 1670 Christi

54 1705 246 1770 sacerdotium
264 1705 366 1770 iisdem
389 1717 434 1770 est
452 1707 509 1786 illis
531 1705 627 1772 literis
644 1709 861 1792 consignatum.
907 1710 954 1772 Ac
975 1708 1074 1772 statim
1096 1707 1207 1772 illude
1264 1745 1266 1752 v
1328 1749 1330 1756 ι

54 1807 115 1869 diro
133 1804 228 1871 Paulo
247 1807 410 1872 subiectum
426 1810 551 1894 legitur:
574 1813 760 1874 Assimilatus
770 1813 841 1890 flh'o
857 1815 906 1872 dei
922 1823 1015 1872 menet
1029 1815 1163 1872 sacmdos
1177 1815 1206 1874 t'n
1219 1817 1347 1874 nehem.

49 1922 222 1990 perpetratam.
257 1907 316 1974 lam
333 1933 406 1974 vero
422 1913 446 1974 si
464 1913 510 1976 dei
527 1913 585 1976 filio
596 1911 798 1978 Melchisedec
811 1913 1001 1993 assimilatur,
1022 1911 1152 1997 aequalis
1167 1912 1208 1976 ei-

52 2013 111 2076 dem
139 2033 208 2078 esse
235 2035 293 2074 aron
320 2027 426 2099 potest.
474 2014 629 2098 Quomodo
652 2016 729 2080 enim
754 2036 860 2082 servus
884 2015 1002 2080 domiuo
1025 2036 1093 2080 esse
1116 2013 1209 2099 possit

51 2117 200 2200 aequalis?
244 2113 322 2180 Nam
340 2114 540 2182 Melchisedec
557 2118 643 2182 bomo
662 2119 760 2202 utique
777 2118 840 2182 luit.
885 2115 985 2182 Patris
1003 2139 1075 2180 vero
1096 2137 1130 2186 ac
1147 2137 1208 2184 ma·

53 2219 102 2282 tris
120 2239 233 2303 expers
251 2219 376 2297 dieitur,
402 2241 460 2284 oon
481 2221 556 2304 quod
574 2220 716 2284 ambobus
732 2220 788 2284 illis
807 2221 947 2299 caruerit,
970 2221 1022 2284 sed
1038 2221 1114 2304 quod
1131 2218 1209 2284 nulla

52 2321 219 2384 altiliorum
243 2321 272 2384 iu
290 2321 398 2385 diuinis
415 2322 509 2385 literis
530 2343 671 2408 expressa
688 2322 810 2386 mentio.
857 2321 938 2391 Sanc
960 2344 1047 2406 quam
1069 2319 1209 2406 plurimos

52 2424 261 2508 scripturarum
280 2425 420 2507 profunda
435 2425 615 2508 illustriaque
634 2447 765 2508 quaeque
781 2426 925 2490 bunranae
942 2435 1064 2488 araturae
1081 2435 1209 2488 mentem

53 2546 167 2590 omnem
191 2547 227 2588 ac
251 2527 457 2609 cogitationem
474 2538 632 2611 superant,
661 2528 691 2592 in
717 2549 847 2592 errorem
866 2529 1065 2594 adduxerunt.
1111 2523 1210 2609 Siqui-

55 2629 115 2691 dem
131 2628 263 2692 Archiae
282 2625 425 2690 Petraeae
448 2629 581 2708 incolae,
606 2650 680 2714 quae
698 2630 781 2714 regio
795 2627 930 2694 llochom
949 2642 978 2693 et
993 2629 1087 2694 Edem
1111 2629 1210 2714 appel·

55 2728 145 2806 latur,
169 2727 308 2814 Moysem
327 2741 445 2815 propter
462 2729 541 2794 edita
559 2731 594 2794 ab
611 2731 660 2795 illo
677 2731 808 2817 prodigia
827 2754 879 2817 pro
893 2733 947 2796 deo
965 2741 1156 2811 venerantur,
1181 2743 1211 2794 et

56 2833 115 2894 eins
131 2833 288 2914 imaginem
305 2833 443 2912 adorant,
469 2855 524 2917 quo
543 2835 637 2896 efficta
654 2833 682 2896 in
704 2856 836 2899 errorem
861 2835 971 2918 delapsi
989 2845 1068 2898 sunt.
1116 2830 1210 2897 Cuius

54 2935 166 3015 quidem
192 2955 327 3000 caussam
351 2955 411 3000 non
435 2937 481 3000 vir
500 2937 550 3000 ille
574 2937 668 3002 iustus
693 2937 835 3018 sustinet,
863 2939 916 3002 sed
938 2938 1040 3002 horum
1064 2937 1210 3000 dementia

56 3037 167 3117 potius,
191 3057 268 3120 quiae
293 3019 548 3102 illius'occasione
568 3040 631 3102 veri
655 3039 821 3124 opinionem
846 3039 973 3104 numinis
998 3061 1050 3124 per
1072 3041 1211 3121 ignoran-

56 3139 122 3200 tiam
139 3139 295 3202 excitarit.
330 3137 455 3204 Sebaste
471 3162 554 3220 vero,
576 3162 651 3225 quae
668 3141 735 3206 olim
752 3137 887 3206 Samaria
905 3142 1068 3218 dicebatur,
1090 3139 1211 3226 lcpbtac

55 3239 139 3304 liliam
158 3241 268 3305 divinis
289 3241 448 3308 honoribus
473 3254 702 3320 consecrarunt,
733 3243 764 3306 iu
786 3243 869 3309 ouius
895 3244 1064 3308 nieuaoriam
1088 3245 1210 3308 solenne

55 3345 211 3424 quotannis
234 3345 338 3408 lesbum
360 3345 522 3410 celebrant.
569 3344 621 3412 Sic
641 3346 781 3410 haeretici
806 3345 873 3424 isti,
902 3367 967 3410 cum
991 3346 1154 3430 sapientiae
1176 3368 1212 3410 ac

55 3445 202 3527 dignitatis
226 3446 328 3530 plenas
344 3448 507 3532 scripturae
530 3469 621 3514 voces
640 3448 819 3526 audiissent,
845 3449 878 3512 ad
897 3448 1066 3512 vecordiam
1088 3447 1212 3512 traducti

54 3557 139 3626 sunt,
162 3569 200 3610 ac
216 3559 314 3612 mente
331 3549 507 3614 insolentius
525 3551 593 3614 elati
612 3551 745 3614 veritatis
767 3552 843 3617 viam
861 3551 1100 3634 dereliquerunt,
1123 3550 1210 3612 adeo-

55 3671 110 3734 que
127 3651 197 3714 nibil
212 3649 279 3714 illos
296 3650 351 3714 sihi
369 3663 486 3735 practer
502 3652 614 3716 labulas
633 3653 754 3716 linxisse
771 3652 939 3736 planissime
960 3654 1180 3718 convincemus.

139 3751 303 3818 Enimvero
332 3754 461 3822 nonnulli
487 3755 639 3838 utriusque
662 3751 890 3822 Melchisedech
917 3765 1071 3839 pareutum
1093 3753 1211 3816 uomina
1231 3760 1289 3827 Gap.
1309 3762 1340 3811 u.

55 3864 339 3930 commemorarunt,
363 3856 415 3918 sed
433 3873 468 3918 ea
485 3877 627 3940 nusquam
649 3857 802 3942 expressis
824 3858 988 3942 scripturae
1007 3855 1106 3921 verbis
1129 3865 1160 3918 et
1181 3852 1210 3920 in

56 3969 180 4042 ramoque
205 3969 382 4022 testamento
408 3957 605 4022 declarantur.
653 3957 730 4024 Sunt
753 3958 801 4042 qui
821 3957 978 4024 lleraclam
1001 3969 1111 4043 patrem
1134 3955 1212 4020 illins

54 4061 248 4146 appellatum,
273 4071 394 4124 matrem
413 4081 485 4124 vero
503 4061 664 4140 Astaroth,
687 4061 752 4124 sire
770 4062 936 4140 Asteriam,
962 4061 1071 4122 dicant.
1114 4056 1211 4124 Porro

56 4164 135 4226 ilius
154 4163 201 4225 ille
220 4161 370 4226 cuiusdam
387 4183 427 4226 ex
449 4161 595 4245 indigenis
611 4162 750 4246 temporis
772 4162 849 4226 illius
868 4163 938 4240 luit,
963 4161 1011 4244 qui
1030 4171 1090 4224 tum
1107 4161 1138 4224 io
1154 4159 1212 4227 Sa·

55 4265 113 4326 bae
141 4265 257 4348 planitie
282 4264 439 4348 degebant.
486 4261 594 4330 Urbem
619 4264 710 4350 ipsam
731 4261 830 4328 Salem
859 4262 1065 4343 nominabant,
1097 4266 1132 4327 dc
1155 4286 1211 4349 qua

54 4369 145 4430 aliter
164 4376 210 4432 est
230 4365 267 4430 ab
292 4366 358 4432 aliis
379 4365 529 4430 traditum.
575 4369 622 4430 Ac
644 4367 776 4432 nonrmlli
796 4387 860 4430 eam
883 4387 950 4430 esse
972 4377 1112 4446 censent,
1136 4385 1211 4448 quae

961 4483 1007 4554 9.
