3148 4938
370 217 506 270 rinnau
524 217 1024 273 uternuomn.nnnnnxvut.
1217 213 1279 276 57⁷

110 341 168 406 sub
191 338 366 404 Alexandro
394 339 551 424 episcopo,
585 337 633 422 qui
662 337 794 404 eiusdem
824 362 890 406 cum
913 340 1121 406 Alexandrino
1151 342 1279 409 nominis

111 439 471 528 Constantinopolitauum
496 441 595 504 sedem
621 443 750 508 tenebat.

197 540 258 608 Per
273 544 351 609 idem
368 554 484 628 tempus
503 541 707 608 Alexandriae
723 545 828 612 beatae
844 547 1004 610 memoriae
1022 547 1196 613 Alexander
1210 559 1277 634 pust
1296 551 1358 624 (ltp-
1376 553 1408 612 V·

111 643 247 726 Meletii,
273 647 382 730 dequo
400 645 480 720 dixi,
505 647 687 712 confessoris
707 648 835 729 obitum,
860 650 1003 714 adversus
1021 649 1167 714 ecclcsiae
1186 652 1280 716 sultis·

112 769 161 812 ma
184 748 352 813 vehementi
378 747 503 832 quodam
527 749 634 814 ardore
660 771 823 815 succensus
847 748 1042 831 llleletianos‚
1076 752 1124 837 qni
1147 754 1280 839 privatos

112 861 279 915 conventus
306 849 469 930 habebant,
502 850 616 934 agitare
634 873 670 916 ae
693 874 808 918 vexare
834 864 865 919 et
882 853 940 918 viru
962 851 1102 920 adhibere
1126 866 1277 941 coeperat,

112 974 151 1018 ue
169 953 206 1018 alt
224 975 282 1018 una
303 953 463 1037 eademque
488 953 616 1018 eeclesia
632 956 848 1021 contumaciter
865 957 1085 1037 desciscerent,
1117 957 1160 1022 illi
1177 968 1281 1024 contra

113 1059 317 1122 detrectantes
340 1055 510 1121 tumultuari
533 1077 569 1122 ac
595 1059 768 1143 perturbare
791 1059 902 1124 omnin.
954 1057 1056 1143 Quare
1085 1069 1281 1147 persequente

112 1181 167 1224 eos
184 1171 216 1224 et
230 1169 355 1244 urgente
371 1159 470 1223 aerius
485 1159 661 1225 Alexandro
683 1161 816 1226 nonnulli
831 1183 849 1226 e
866 1172 966 1226 sectae
984 1161 1143 1247 primariis,
1167 1185 1202 1228 ac
1218 1163 1281 1249 pie·

113 1273 175 1328 tate
196 1275 225 1328 et
240 1263 350 1327 virtute
371 1260 456 1326 facile
477 1262 640 1347 principes,
674 1275 704 1326 ut
730 1264 766 1328 iis
790 1264 983 1330 incommodis
1006 1266 1214 1346 mederentur,
1244 1266 1281 1329 ad

112 1365 283 1430 comitatum
302 1365 425 1452 protecti
442 1374 528 1445 sunt,
561 1374 593 1428 ut
612 1366 782 1451 imperatori
800 1367 1017 1453 supplicarent,
1050 1367 1086 1432 ab
1106 1388 1201 1452 coque
1221 1368 1280 1452 pri·

113 1479 250 1532 vatorum
274 1477 474 1532 conventuum
497 1467 562 1532 siue
587 1466 645 1533 ullo
670 1469 878 1553 impedimento
906 1469 1074 1534 facultatem
1099 1469 1279 1534 obtinerent.

111 1567 166 1634 Ex
186 1569 231 1634 his
257 1568 406 1656 praecipui
428 1580 514 1635 erant
531 1567 715 1655 Paphnutius
742 1570 858 1655 quidam
883 1573 930 1636 vir
953 1592 1076 1656 maguus
1101 1583 1131 1634 et
1154 1573 1280 1636 anacho-

112 1683 196 1753 reta,
221 1674 305 1738 cuius
323 1683 419 1738 mater
434 1667 586 1738 Christum
604 1671 673 1737 olim
692 1674 827 1738 consessa
847 1675 959 1754 luerat,
983 1675 1036 1738 sed
1055 1674 1162 1757 etipse
1185 1674 1282 1759 aliqua

113 1797 156 1840 ex
173 1787 256 1862 parte
273 1776 395 1840 eandem
412 1775 628 1840 contessionem
644 1774 769 1841 obierat.
816 1771 891 1840 Cum
910 1797 947 1840 eo
965 1787 1028 1842 erat
1047 1789 1077 1842 et
1092 1775 1222 1840 loannes
1245 1776 1280 1839 il·

111 1877 209 1942 lornm
227 1877 400 1963 episcopus,
431 1877 478 1944 vir
492 1878 601 1964 etipse
619 1871 789 1964 cumprimis
809 1878 1005 1957 venerabilis,
1029 1899 1144 1944 necnon
1161 1889 1192 1942 ct
1210 1873 1281 1943 Cal·

111 1979 220 2044 liuicus
232 1978 342 2046 Pelusii
361 1980 530 2066 opiscopus,
554 2002 620 2044 cum
635 1980 701 2044 aliis
717 1979 891 2064 quibusdam
908 1981 956 2066 qui
976 1982 1062 2046 huius
1079 1981 1194 2046 consilii
1210 2001 1278 2067 par-

114 2082 220 2168 tieipes
237 2084 364 2148 fuerant.
401 2081 461 2166 Qui
479 2104 543 2147 cum
560 2084 596 2146 ad
613 2083 822 2168 imperatorem
838 2082 992 2148 venisseut
1008 2095 1038 2148 et
1056 2085 1139 2148 adire
1157 2085 1280 2163 vellent,

111 2185 191 2271 pulsi
216 2207 251 2249 ac
274 2185 377 2250 reiecti
402 2196 482 2250 snut.
528 2183 607 2250 Num
630 2181 758 2249 Palatini
784 2187 884 2250 audito
907 2182 1136 2251 Meletionorum
1163 2185 1282 2251 nomine

114 2285 184 2372 quid
208 2287 263 2350 hoo
286 2287 342 2352 sibi
361 2288 451 2352 vellet
471 2287 643 2372 ignoramus
658 2287 739 2351 adire
754 2289 915 2374 principem
933 2289 1051 2353 minime
1069 2288 1278 2374 permiserunt.

203 2387 286 2454 luter
311 2391 383 2456 baec
407 2387 607 2473 Paphnutius,
640 2385 769 2454 loannes
792 2413 827 2454 ac
853 2391 945 2455 ceteri
970 2387 1227 2476 Constantinopoli
1250 2399 1281 2453 et
1298 2391 1411 2460 coptu.

114 2491 313 2558 Nicomediae
335 2493 499 2577 longiorem
523 2512 636 2556 morem
665 2492 816 2558 trahentes
843 2515 910 2558 cum
931 2491 1064 2558 Eusebio
1086 2490 1282 2556 Nicomediae

14 2677 15 2686 ἵ
114 2595 257 2682 episcopo
275 2593 503 2659 familiaritatem
520 2594 710 2675 contrahunt,
730 2595 815 2680 eique
833 2617 896 2660 rem
911 2617 1027 2660 onmem
1041 2593 1186 2680 aperiunt.
1216 2589 1282 2655 No·

114 2708 224 2765 versut
246 2698 322 2762 enim
341 2697 418 2762 hunc
436 2697 511 2783 apud
526 2696 735 2783 imperatorem
751 2697 847 2782 gratia
865 2709 895 2762 et
912 2697 1085 2763 auctoritate
1104 2694 1203 2760 valere
1218 2693 1282 2780 plu-

113 2801 235 2866 rimum.
282 2798 342 2865 Per
357 2799 433 2865 husto
448 2799 547 2885 itaque
564 2796 716 2864 conciliari
737 2821 769 2864 so
788 2798 971 2885 imperatori,
996 2821 1030 2862 nu
1047 2795 1168 2883 perduci
1182 2806 1282 2882 postu·

116 2903 193 2968 lant.
246 2901 307 2986 Qui
324 2925 389 2967 cunr
406 2901 522 2990 prolixe
540 2901 585 2966 his
601 2901 699 2968 omnia
721 2903 864 2969 lucturum
881 2923 915 2966 so
928 2901 1107 2985 recepisset,
1139 2909 1170 2963 ut
1192 2908 1224 2962 et
1245 2897 1282 2962 de

113 3005 235 3070 illorum
257 3025 362 3072 caussa
381 3006 416 3069 nd
434 3005 642 3090 imperatorem
662 3007 807 3083 relcrrct,
831 3015 861 3068 et
876 3005 905 3067 id
928 3003 1004 3086 qnod
1026 3001 1165 3086 petebant
1189 3000 1282 3087 impaf

114 3118 230 3188 trarct,
253 3106 384 3173 vicissim
401 3106 457 3171 hnc
477 3107 514 3172 ab
532 3106 590 3172 illis
608 3107 737 3195 postulat
759 3117 791 3171 ut
809 3105 913 3169 Arium
930 3104 960 3167 in
977 3101 1211 3168 communionem
1234 3121 1282 3165 re-

115 3210 270 3296 ciperent,
305 3207 354 3294 qui
381 3208 476 3274 dotem
504 3209 728 3294 simulatamque
757 3205 968 3294 poenitentiam
998 3225 1066 3290 prae
1097 3223 1131 3268 se
1161 3203 1280 3268 tulerat.

115 3309 273 3396 Quodnisi
292 3311 532 3398 spopondissent,
555 3312 592 3376 ad
606 3311 814 3396 imperatorem
833 3329 886 3374 eos
905 3309 1023 3373 adducit
1038 3305 1200 3387 Eusebius,
1226 3326 1280 3369 ex·

117 3415 260 3502 ponitque
276 3414 343 3500 quid
362 3413 421 3479 illis
437 3412 547 3499 negotii
564 3413 614 3491 sit,
637 3433 672 3475 ac
688 3422 838 3496 postremo
854 3408 1025 3476 Meletianis
1042 3410 1078 3475 als
1095 3430 1132 3474 eo
1147 3420 1282 3494 tempore

117 3519 314 3605 permissum,
339 3517 475 3604 privatim
494 3527 525 3580 ut
537 3514 603 3579 sine
620 3512 677 3576 ulla
695 3514 865 3596 cuiusquam
883 3513 1020 3578 molestia
1036 3511 1197 3579 convenire
1214 3529 1283 3596 pos·

117 3632 200 3686 sent.
247 3617 363 3688 Utinam
377 3617 532 3684 Meletiani
548 3615 613 3694 isti,
638 3614 686 3699 qni
702 3615 922 3680 exactissimam
941 3614 1071 3680 iustitiae
1093 3635 1129 3678 ac
1148 3613 1284 3678 veritatis

117 3723 268 3790 rationem
285 3724 411 3810 professi
429 3724 564 3798 inerant,
588 3739 653 3782 eum
673 3716 709 3781 iis
724 3716 773 3802 qui
791 3718 862 3802 lapsi
882 3729 967 3782 erant
984 3727 1052 3804 post
1072 3714 1282 3801 poeniteutiam

117 3826 354 3892 communionem
372 3825 481 3890 habere
499 3843 584 3907 quam
599 3841 664 3885 cum
679 3817 801 3885 Arianis
817 3819 1007 3886 maluissent!
1055 3814 1189 3900 Contigit
1205 3814 1283 3880 enim

117 3930 181 3995 illis
195 3929 271 4014 quod
286 3939 333 3992 cst
349 3927 378 3993 iu
398 3924 573 4014 proverbio,
599 3921 694 4009 utqui
711 3924 820 3988 fumum
837 3923 968 3988 devitant
982 3922 1010 3987 in
1026 3921 1123 4006 ignem
1140 3917 1282 3983 incidant.

153 4115 182 4170 6.
198 4118 234 4170 tto
250 4119 312 4168 nort
348 4117 462 4180 suntor
471 4130 517 4178 pru
533 4111 578 4167 nul
592 4127 640 4165 este
651 4127 688 4165 rs·
755 4111 779 4163 2.
798 4114 906 4162 Fortasse
916 4111 1063 4162 scribendum
1073 4099 1165 4160 adano.
1192 4105 1241 4158 Sed
1251 4109 1286 4158 nt

117 4187 265 4238 mtmmtnm
283 4179 356 4237 sorite
721 4194 768 4243 uuo
784 4181 899 4241 defendet
916 4172 1004 4242 atinde.

153 4253 182 4308 7.
199 4248 346 4322 ἔξεβάλοιιο
362 4253 413 4303 ond.
428 4253 528 4314 ιιιίριιιι
543 4255 647 4314 uterqur,
668 4255 689 4300 et
756 4249 780 4302 3.
798 4240 904 4312 ’Δριιιὸν
920 4249 1001 4298 ouen
1016 4250 1080 4297 estut
1095 4247 1121 4296 ln
1136 4245 1173 4295 cd.
1186 4246 1269 4294 Petne.

117 4324 158 4374 ed
174 4335 213 4384 pr·
242 4316 403 4389 ἐξεβάλλοντο
420 4321 457 4370 ed.
470 4322 551 4370 Prtuv.
755 4311 780 4366 d.
800 4318 873 4369 lotrtt.
889 4313 1019 4382 δέχεσθαι
1052 4315 1165 4364 Petuntur
1180 4313 1286 4375 turpion-

156 4387 323 4440 Gar.V1.-
351 4388 373 4439 l.
390 4379 527 4456 Edorpelm
540 4387 609 4437 codd
622 4399 690 4449 mre,
722 4386 792 4434 tetur
807 4377 888 4451 αὐτῷ.

116 4462 156 4511 asti
172 4471 257 4520 supra
757 4453 781 4504 5.
797 4447 956 4519 ἒιοχλιίσθαι
972 4451 1024 4502 eud.
1039 4451 1137 4513 stanin

175 4539 268 4598 enno
279 4535 416 4584 ιιιοιιιωι.
432 4533 461 4580 ιι
474 4533 496 4580 ι.
1042 4537 1082 4604 ³⁷
