3186 4928
363 248 500 302 rauaau
514 249 578 302 ura.
591 251 622 302 ιι.
637 249 719 302 rou.
734 251 766 302 n.
784 249 883 308 utne.
897 249 977 301 nxv.
1188 237 1250 302 ³97
1349 240 1355 252 ·

98 378 180 434 taxat
204 390 269 434 cum
293 369 420 455 imagine
445 391 509 435 sna.
554 367 621 434 Nec
640 391 728 433 unum
751 369 885 454 quiddam
909 378 956 432 est
976 368 1086 434 duabus
1109 381 1249 434 constans

98 471 227 556 partibus
245 472 465 557 imperfectum,
490 493 592 536 verum
610 473 756 557 perlectus
777 483 876 556 pater,
901 472 1047 556 perlectus
1066 471 1159 551 lilius,
1184 492 1250 556 per-

99 575 191 638 fectus
215 575 335 660 spiritns
357 586 487 638 sanctus.
532 578 597 654 Ego
619 579 708 648 maia,
733 572 842 658 iuquit,
868 579 896 636 ιιι
920 586 1019 654 patre,·
1044 594 1102 637 non
1125 575 1159 638 ad
1183 589 1401 644 comtemnero.

98 677 213 740 modum
234 698 292 761 quo
310 678 340 741 in
357 676 484 741 hominis
501 679 589 740 corde
607 697 706 740 sermo
722 686 785 754 est,
809 676 861 740 sed
879 675 1089 760 intelligibilem
1106 697 1171 740 cnm
1191 677 1248 742 illio

97 790 208 864 petrem
226 790 255 843 ct
272 778 392 844 hliuma
409 789 492 864 patre
507 779 637 865 genitum
657 772 829 842 asserimus.
873 776 1066 863 Nequaquam
1085 799 1158 844 vero
1177 779 1249 844 deus

96 881 145 946 illc
167 882 289 948 vcrhnm
311 881 341 944 in
361 882 507 947 hominem
525 883 607 946 velut
628 881 657 944 ia
678 879 854 946 domicilium
875 881 1018 965 quoddam
1040 881 1146 960 subiit,
1175 882 1249 946 adeo

95 995 146 1065 ut,
171 995 361 1069 posteaquam
380 985 467 1050 homo
488 983 605 1070 genitus
631 994 692 1062 est,
716 983 884 1068 apparuerit
901 983 930 1046 io
953 1005 990 1048 eo
1006 985 1147 1062 verbum,
1172 985 1248 1069 qnod

95 1088 126 1150 in
148 1087 231 1150 coelo
255 1097 408 1173 praeterea
431 1087 475 1152 sic
493 1099 629 1172 tanquam
651 1086 679 1148 in
704 1085 830 1150 hominis
848 1087 938 1150 eorde
961 1107 1060 1151 serum
1076 1087 1197 1151 inesset
1218 1087 1248 1150 in

70 1207 74 1216 ·
96 1200 191 1276 patre.
237 1187 321 1252 llaec
341 1188 418 1253 enim
440 1190 572 1274 dogmata
591 1209 631 1252 ex
651 1188 761 1252 furioso
776 1189 929 1254 daemonis
946 1189 1042 1254 afflatu
1066 1189 1246 1274 prodierunt,

94 1292 290 1378 abnegetique
314 1292 442 1356 funditas
465 1292 511 1355 dei
535 1301 619 1355 notas
643 1311 713 1375 prae
734 1311 767 1354 se
791 1294 898 1358 lerunt.

181 1391 257 1458 Cum
276 1394 366 1479 igitur
382 1413 471 1479 peuce
489 1394 578 1472 haec,
602 1413 678 1478 quae
700 1392 841 1458 hactenns
861 1394 1091 1480 disputavimus,
1116 1392 1248 1458 adillius
1267 1401 1327 1470 cip.
1340 1403 1383 1452 tx.

70 1497 303 1572 ,confutandam
320 1496 456 1560 haeresin
472 1496 576 1559 idonea
594 1515 661 1560 esse
677 1496 838 1560 indicemus
860 1502 972 1581 (neque
988 1497 1066 1560 enim
1082 1507 1249 1582 expugnata

93 1599 218 1664 difficilis
236 1599 350 1662 illorum
372 1598 417 1662 vis
439 1607 497 1678 est,
522 1619 577 1662 nee
594 1598 749 1678 eiusmodi,
772 1598 890 1664 minime
905 1609 936 1662 ut
951 1599 1140 1684 prudentibus
1155 1597 1249 1663 omni·

91 1702 150 1766 hus
166 1701 260 1787 possit
275 1701 396 1783 everti),
421 1722 505 1778 cum,
529 1699 659 1786 iuquam,
684 1700 818 1764 veritatis
833 1700 969 1785 dogmate
983 1700 1173 1786 doctrinaque
1189 1701 1249 1786 spi·

92 1825 198 1869 narum
217 1802 294 1867 illius
315 1802 428 1866 radices
445 1801 661 1881 exciderimus,
686 1803 826 1888 eiusque,
849 1813 879 1866 ut
897 1803 936 1868 ita
954 1803 1064 1884 dicam,
1089 1803 1171 1868 virus
1193 1825 1248 1866 ex-

91 1906 288 1983 timuerimus,
320 1925 355 1968 ac
378 1905 522 1970 letiferum
551 1905 629 1972 illius
656 1924 801 1970 venenum
824 1907 1065 1991 patefecerimus,
1096 1916 1248 1991 postquam

91 2007 208 2073 scilicet
222 2007 427 2092 opitulatorem
442 2029 506 2074 enm
524 2009 582 2071 lilio
599 2019 722 2093 petrem,
746 2007 882 2092 quivere
897 2019 954 2087 est,
978 2009 1194 2089 invocavimus,
1218 2019 1248 2072 et

91 2111 183 2174 hlium
201 2130 271 2174 vere
289 2109 515 2191 subsistentem,
539 2131 574 2174 ac
588 2111 736 2194 genitum,
761 2131 816 2174 nee
837 2131 896 2174 non
914 2121 944 2174 et
960 2109 1094 2196 spiritum
1115 2122 1247 2176 sanctem

90 2211 302 2278 subsistentem
318 2213 383 2278 eins
399 2211 534 2298 spiritum
550 2233 585 2276 ac
600 2213 775 2290 salutarem,
800 2213 946 2298 totiusque
964 2212 1043 2278 illius
1064 2215 1248 2278 administra-

92 2314 185 2380 tionis
207 2335 242 2378 ac
260 2326 415 2401 susceptae
432 2316 530 2380 carnis
553 2325 720 2396 auctorem,
744 2315 925 2400 quaestionis
950 2316 988 2379 ah
1012 2317 1097 2381 novis
1119 2317 1177 2381 illis
1200 2314 1248 2380 lu·

90 2416 177 2482 dacis
195 2417 362 2504 propositae
379 2417 474 2504 capite
493 2437 546 2503 per
567 2419 670 2483 mortis
688 2429 857 2502 tropaeum,
882 2439 999 2482 crucem
1015 2419 1143 2498 scilicet,
1168 2439 1247 2482 uom-

90 2519 224 2600 miouto,
249 2521 284 2584 ad
302 2521 430 2606 reliquus
447 2531 644 2586 transcamus.
690 2516 829 2584 Ceterum
847 2521 966 2603 viperee
989 2521 1131 2606 quoddam
1153 2539 1248 2604 penum

90 2632 152 2702 est,
174 2620 318 2709 Dryinsm
335 2633 455 2702 vocant,
478 2623 519 2687 illi
532 2621 665 2688 haeresis
680 2621 826 2686 conditori
839 2644 924 2706 quam
938 2623 1127 2688 simillimum.
1161 2619 1248 2705 Quod

89 2724 296 2808 utplurimum
317 2727 346 2790 in
370 2725 487 2806 herbis,
517 2736 569 2789 aut
591 2725 755 2811 quercubus
778 2724 940 2805 delitescit,
970 2725 1046 2790 unde
1071 2727 1098 2788 ei
1116 2724 1249 2811 Dryinae

89 2847 203 2892 nomen
222 2837 284 2907 est,
309 2849 346 2894 eo
368 2829 445 2912 quod
467 2827 589 2895 arbores
612 2839 800 2892 consectetur
817 2839 904 2912 atque
926 2829 1003 2892 inter
1021 2828 1090 2892 lolia
1112 2848 1186 2913 quae
1209 2849 1249 2892 es

90 2929 203 2994 arbore
218 2929 354 2996 decidunt
371 2931 484 3010 iacens,
508 2930 649 3014 cuiusque
663 2931 694 2994 in
710 2951 742 2994 se
756 2929 933 2994 viriditatem
950 2930 1108 3016 exprimat,
1131 2952 1166 2994 ac
1180 2931 1250 2996 licet

89 3050 153 3096 non
170 3031 245 3098 adeo
262 3031 400 3098 acerbum
418 3033 549 3098 dolorem
568 3034 667 3098 inurat
681 3033 736 3096 hoc
753 3034 876 3113 animal,
902 3031 1040 3098 tamensi
1055 3033 1163 3123 diutius
1180 3033 1248 3098 *vi-

88 3155 145 3198 rus
170 3135 355 3216 adhaeserit,
384 3134 475 3200 letum
501 3135 605 3214 affert,
629 3171 671 3183 -
701 3136 803 3199 eodem
827 3157 948 3222 prorsus
971 3137 1057 3202 modo
1083 3135 1248 3202 haereticus

89 3237 167 3316 iste,
193 3259 258 3300 cum
276 3249 357 3302 secta
378 3259 432 3303 sua
449 3239 485 3301 ad
501 3238 600 3302 omnia
614 3259 683 3304 sese
702 3259 813 3322 genera
831 3239 1028 3305 institutorum
1045 3239 1193 3325 applicans
1210 3239 1247 3304 iis

88 3360 126 3404 se
149 3359 236 3423 qnam
253 3340 430 3405 simillimum
452 3341 550 3404 efficit.
594 3337 673 3404 Nem
698 3351 729 3404 et
743 3337 856 3405 Christi
874 3341 930 3406 sibi
949 3342 1171 3428 appellationem
1194 3343 1247 3408 im·

87 3443 209 3528 posuit,
233 3453 263 3506 et
278 3439 452 3508 ludaeorum
473 3445 607 3528 dogmata
622 3444 786 3529 profitetur,
811 3456 841 3507 et
858 3466 922 3508 cum
939 3445 1060 3510 verbum
1075 3466 1145 3510 esse
1160 3442 1248 3510 Chri-

87 3557 171 3610 stum
190 3546 333 3625 lateatnr,
358 3567 416 3611 non
435 3567 500 3610 eum
519 3558 615 3610 tamen
633 3566 700 3610 esse
722 3566 822 3611 seeum
840 3547 938 3612 animo
954 3548 1067 3612 statuit.
1114 3546 1247 3631 Denique

87 3649 121 3714 in
138 3649 287 3735 plerisque
304 3669 337 3714 se
354 3648 418 3714 siue
433 3647 492 3714 ullo
513 3650 624 3735 pudore
643 3649 778 3714 traducit.
824 3645 916 3714 Cuius
935 3670 989 3714 nos
1010 3651 1159 3730 doctrina,
1183 3651 1248 3714 sive

88 3753 191 3838 potius
209 3771 328 3830 errore,
355 3748 465 3816 Christi
482 3752 563 3816 velut
581 3753 680 3816 calceo
701 3751 886 3838 proculcato,
911 3752 1081 3856 medicoque
1102 3753 1248 3836 evangelii

88 3855 223 3941 scapello
247 3854 284 3918 iis
309 3855 358 3939 qni
382 3855 471 3919 morsi
497 3866 582 3920 erant
606 3855 796 3932 scarificatis,
825 3876 860 3919 ac
884 3875 1001 3920 veneno
1026 3855 1104 3920 omni
1128 3855 1164 3918 ab
1189 3853 1248 3918 illis

88 3967 251 4042 exempto,
271 3957 312 4020 sd
332 3957 553 4042 insequentem,
578 3968 699 4022 utente
722 3957 867 4037 diximus,
892 3957 1115 4042 disputationem
1140 3956 1248 4021 mansi·

88 4059 200 4125 bimus.

87 4279 262 4350 παρεικάζει.
295 4285 340 4334 Eat
352 4287 429 4347 princ.
441 4299 486 4347 pre
499 4281 574 4338 haurd
590 4287 657 4336 hahet
688 4286 772 4336 acmes
784 4289 844 4335 recte
858 4285 935 4345 umttt,
949 4283 986 4332 tta
996 4281 1071 4332 etlam
1086 4281 1128 4332 hie
1143 4293 1169 4334 et
1184 4283 1247 4334 has-

89 4351 186 4420 hnucqi·
690 4352 750 4403 resia
771 4351 847 4420 ipsius
870 4367 897 4401 ac
920 4349 1033 4401 omnibus
1057 4351 1164 4404 numeria
1182 4353 1246 4403 assi-

124 4423 152 4470 5.
178 4420 275 4482 Corripe
300 4417 363 4484 πρὸς
389 4419 438 4485 (vel
463 4419 533 4486 areph)
558 4419 656 4476 πάντων
689 4420 768 4472 milae.

89 4483 226 4554 tanede,
251 4489 288 4536 uel
309 4485 336 4546 te
350 4483 432 4542 πάντα
447 4485 563 4556 ἀριθμόν.
600 4493 656 4542 Gor·
724 4491 824 4541 Ἰπιιιιο
840 4503 941 4551 nepaes.
