3154 4930
314 247 472 302 Ιιιιιιιιιι
488 249 550 302 nro.
565 250 597 302 ιι.
616 249 697 304 rom.
713 249 749 314 rr,
761 245 859 302 assu.
872 247 966 300 nxvr.
996 239 998 244 '
1171 235 1233 300 437

91 363 166 434 CVll
182 363 383 436 onerarentur.
424 368 472 434 Ex
489 391 545 454 quo
562 370 696 455 sequitur
710 369 790 434 circa
805 389 912 432 annum
930 377 1062 451 quartum
1078 367 1233 435 Arueliani

89 471 137 536 soh
154 471 321 557 Hymenaeo
339 472 611 560 Hierosolymorum
631 473 768 556 episcopo
791 472 986 535 introductum
1006 469 1082 534 launo
1101 471 1130 534 in
1150 493 1234 536 murr-

89 573 148 636 dom
168 595 297 638 errorem
318 574 426 652 luisse,
451 587 480 638 ει
498 574 621 653 diaboli,
646 575 694 659 qni
716 575 746 638 in
770 572 919 638 haeretico
939 573 989 636 illo
1013 572 1178 650 residebat,
1204 571 1233 636 vi

87 695 118 738 ac
134 677 227 742 lraude
248 688 456 763 propagatum,
481 688 513 742 ut
530 698 582 742 eos
599 679 647 762 qui
665 678 749 741 iidem
772 674 944 742 adhiberent
965 696 982 738 a
998 675 1124 740 veritate
1146 696 1233 738 revo-

87 789 161 840 catos
181 779 209 841 in
233 781 363 843 fraudem
386 780 561 865 impelleret.
896 840 898 844 .

163 877 358 964 Quamobrem
377 903 416 946 ex
433 883 511 946 omni
527 893 610 968 parte
626 881 778 946 convictae
796 891 865 945 sunt
880 881 958 945 illius
975 879 1164 965 praestigiae,
1188 880 1230 943 sic
1242 890 1385 960 capnt.

85 995 114 1046 ut
133 985 301 1068 sapientium
323 986 455 1063 animus,
479 1005 543 1050 curn
562 996 699 1050 accurate
716 999 820 1048 concta
844 984 977 1063 ereverit,
1003 981 1233 1046 commentitium

83 1086 154 1149 illius
171 1088 272 1169 dogma
289 1090 476 1155 coudeuruet.
521 1086 600 1152 Nam
618 1097 719 1152 cetera
737 1086 815 1150 illius
832 1086 1010 1172 sophisticae
1030 1084 1232 1150 cavillationes

83 1210 216 1272 nugamm
235 1189 438 1274 plenissimae,
463 1190 617 1272 ambiguae
635 1201 664 1252 et
683 1190 852 1269 instabiles,
877 1188 1114 1274 prudentioribus
1138 1185 1232 1249 omui·

83 1291 132 1354 hus
148 1290 269 1356 ludibrio
292 1304 372 1357 suut.
419 1290 503 1376 Quae
519 1293 633 1378 quidem
650 1292 676 1356 si
693 1293 728 1355 ad
746 1293 866 1356 rerhour
885 1311 1037 1377 exponere
1054 1311 1088 1354 ac
1107 1288 1231 1372 singulis

82 1396 254 1478 respondero
269 1396 374 1476 velim,
399 1415 451 1460 ero
468 1396 498 1458 io
518 1395 571 1459 hac
590 1395 705 1458 haeresi
724 1394 901 1458 cornlutanda
917 1393 1043 1478 longior.
1089 1389 1232 1456 Praeser-

82 1497 127 1559 tim
143 1517 205 1560 cum
221 1517 237 1560 a
255 1499 460 1584 maguis‘viris
477 1497 663 1562 admirabiles
680 1497 715 1560 ad
733 1496 809 1560 illius
827 1499 998 1560 refutandos
1014 1515 1133 1559 errores
1151 1494 1232 1558 lucu·

80 1600 223 1664 hratiooes
242 1616 309 1664 sunt
324 1602 439 1678 editae,
464 1602 544 1665 velut
559 1600 595 1664 ah
613 1599 761 1664 Archelao
780 1599 937 1685 episcopo,
962 1609 999 1675 ot⁴
1013 1609 1100 1662 autea
1123 1597 1232 1662 dietum

79 1713 137 1782 est,
161 1699 310 1787 Origene,
335 1715 367 1768 ut
383 1703 567 1788 accepimus,
593 1701 722 1766 Eusebio
741 1699 951 1780 Caesariensi,
975 1712 1005 1765 et
1027 1701 1122 1764 altero
1141 1698 1230 1764 Eme-

77 1825 164 1885 seuo,
188 1803 353 1890 Serapione
369 1805 550 1884 Thmuensi,
574 1804 740 1869 Athanasio
757 1803 976 1884 Alexandrino,
1002 1801 1135 1887 Georgia
1152 1800 1232 1868 Lao·

77 1907 194 1984 dieeno,
219 1907 404 1993 Apollinaris
419 1911 489 1972 item
503 1905 687 1986 Laodiceno,
711 1905 794 1988 Tito,
819 1929 853 1972 ac
870 1907 1016 1993 plerisque
1033 1905 1099 1970 aliis
1116 1906 1164 1990 qui
1180 1905 1231 1968 ad·

75 2029 176 2074 versus
201 2009 279 2074 illum
302 2012 496 2096 scripserunt.
541 2009 613 2074 Non
638 2011 695 2074 erit
718 2021 833 2091 tamen,
859 2019 890 2074 ut
912 2013 1035 2095 opinor,
1060 2009 1228 2087 molestum,

74 2113 98 2176 si
116 2133 205 2196 pauca
222 2134 274 2198 pro
288 2113 386 2199 inopia
403 2135 438 2178 ac
456 2112 599 2178 tenuitate
615 2123 716 2178 nostra
732 2115 768 2178 ad
784 2115 945 2197 augendam
963 2111 1089 2176 inleliois
1109 2112 1231 2175 homun-

74 2215 166 2279 cionis
183 2217 329 2280 infamiam
345 2217 375 2280 iu
391 2217 517 2282 medium
534 2217 704 2295 aderamus,
728 2217 969 2304 quemadmodum
985 2225 1072 2278 autea
1086 2213 1228 2278 diximus.

73 2315 107 2381 ln
127 2340 183 2402 quo
202 2319 305 2383 vellem
325 2319 459 2403 equidem
477 2319 506 2382 in
527 2319 605 2384 illius
623 2338 725 2384 errore
747 2318 918 2400 castigando
937 2338 1053 2382 omnem
1071 2318 1229 2380 verborum

72 2421 260 2506 asperitatem
277 2423 392 2504 lugere,
416 2422 503 2506 idque
520 2425 594 2487 adeo
610 2421 717 2486 leniter
735 2423 834 2484 lacere
850 2419 1022 2505 potuissem,
1048 2419 1103 2484 nisi
1121 2419 1149 2482 in
1167 2418 1230 2482 uni-

71 2545 226 2588 versorum
250 2525 397 2589 domiuum
422 2525 611 2590 effraenatam
635 2524 752 2608 linguae
774 2523 1007 2586 maledicentiam
1030 2523 1231 2608 imprudenter

69 2628 248 2692 effunderet.
295 2625 412 2713 Quippe
432 2629 480 2712 qui
504 2625 626 2692 subinde
645 2627 827 2690 conditorem
844 2625 938 2710 ipsum
962 2625 1107 2710 abneget,
1131 2645 1149 2688 a
1171 2645 1229 2709 quo

67 2741 133 2793 tota
155 2730 227 2794 haec
250 2731 325 2794 coeli
350 2742 507 2815 terraeque
525 2730 635 2808 moles,
660 2729 815 2813 omniaque
833 2729 948 2792 illorum
967 2728 1078 2792 ambitu
1096 2747 1230 2812 compre·

66 2833 161 2898 hensa
180 2833 318 2898 lahmcata
334 2844 414 2897 sunt.
460 2830 554 2899 Cuius
575 2833 641 2896 loeo
659 2833 760 2896 nescio
782 2853 869 2916 ¹quero
888 2841 1070 2895 commentus
1088 2843 1135 2896 est
1155 2831 1230 2894 alte·

64 2957 133 3000 rum
152 2937 238 3000 deum
257 2937 305 3020 qui
325 2957 465 3020 nusquam
482 2936 538 3014 sit,
563 2946 594 2998 ut
615 2936 652 2998 ab
675 2955 710 2998 eo
733 2931 789 3018 qni·
804 2945 851 2998 est
873 2935 969 3020 reipsa
989 2934 1154 2998 recederet.
1200 2933 1230 2996 Α

62 3040 196 3104 veritate
211 3039 289 3103 enim
306 3038 433 3117 excidit,
458 3049 487 3102 et
503 3039 558 3102 hoc
578 3037 619 3102 illi
637 3038 673 3103 da
690 3036 785 3102 labula
808 3037 948 3122 contigit,
972 3058 1030 3121 qua
1047 3056 1154 3100 corvos
1177 3036 1230 3098 ali·

61 3141 187 3226 quaudo
203 3143 313 3218 lertur,
338 3162 402 3204 com
421 3152 519 3205 rostro
537 3141 671 3226 pabulum
689 3141 797 3219 ferret,
822 3161 891 3203 mox
908 3141 1019 3204 utrius
1044 3138 1174 3203 umbram
1198 3139 1229 3201 io

59 3265 145 3328 aqua
162 3244 350 3329 conspicatus
373 3254 435 3322 est,
459 3254 492 3308 ut
508 3243 584 3308 aliud
609 3243 664 3307 sihi
684 3253 858 3326 quaereret,
882 3243 958 3327 quod
983 3241 1109 3306 hahebat
1132 3241 1228 3328 perdi-

57 3348 166 3425 disse,
192 3367 247 3410 nec
268 3367 331 3410 eam
351 3368 436 3432 quam
463 3367 522 3409 non
541 3346 666 3409 habehat
683 3347 857 3410 obtinuisse.
905 3342 964 3408 lam
986 3365 1059 3408 sero
1082 3343 1146 3428 quis
1166 3343 1229 3407 hla-

54 3449 220 3535 sphemum
239 3449 317 3514 illum
335 3451 462 3514 tolerare
480 3449 593 3535 possit?
634 3444 712 3512 Nam
729 3447 755 3512 si
773 3457 910 3533 parentes
926 3448 992 3510 illos
1007 3469 1024 3510 a
1040 3445 1145 3532 quibus
1163 3467 1229 3510 cor·

53 3574 117 3638 pus
140 3552 309 3637 accepimus
330 3553 366 3616 ab
389 3551 486 3637 aliquo
504 3553 686 3638 vituperatos
709 3551 811 3614 audire
836 3572 894 3614 uon
918 3571 1093 3636 possumus,
1118 3558 1227 3635 quanto

50 3739 170 3811 στήσῃ,
195 3756 240 3804 pro
260 3755 306 3804 quo
321 3744 432 3792 Petouius
446 3743 551 3792 censebat
565 3754 633 3804 repo-
666 3738 698 3790 ad
713 3755 778 3807 quse
792 3737 937 3806 singillatim
954 3737 1111 3806 exponenda,
1129 3753 1160 3787 ae
1173 3736 1227 3788 siu-

47 3813 168 3863 nendum
186 3823 235 3858 esse
250 3809 406 3875 φαντασίας,
429 3807 469 3860 tta
486 3803 631 3876 ἀποπήσῃ.
665 3808 729 3876 gulis
745 3825 830 3858 eornm
845 3807 1006 3868 confutanda,
1024 3805 1122 3872 longior
1137 3803 1227 3868 forem,

47 3883 135 3931 Aliter
151 3879 248 3928 vidum
262 3879 377 3928 Gmmorio
390 3881 521 3940 placuisse,
538 3881 578 3940 uui
595 3881 630 3928 t'n·
665 3893 694 3927 uc
706 3880 727 3927 ιε’
741 3877 795 3927 dico
809 3893 871 3944 quae
885 3876 905 3926 si
921 3875 1010 3926 vellem
1023 3873 1168 3940 singillatim
1181 3891 1228 3924 ex-

44 3951 207 4009 terpretctus
230 3951 262 3996 est
286 3946 387 3995 emissus
408 3945 492 4002 estin
513 3944 631 3995 mundum
665 3961 760 4063 ponere
782 3961 812 3994 sc
837 3945 932 4012 singula
954 3944 1101 4003 confutare,
1128 3942 1228 4009 longior

44 4015 97 4066 hic
123 4029 215 4072 error,
247 4012 339 4064 diaboli
365 4007 501 4064 habitualis
524 4014 550 4064 iu
574 4013 631 4080 ipso
678 4029 754 4062 orem.
791 4015 911 4075 Sieinfru
926 4015 991 4063 haer.
1006 4011 1055 4073 tis,
1072 4008 1097 4062 9.
1115 4013 1176 4062 dieu
1191 3999 1226 4064 eiu

44 4081 181 4149 operatio
206 4099 237 4131 ae
257 4081 418 4148 imaginatio,
445 4092 472 4132 ut
493 4101 507 4132 a
525 4081 631 4134 veritate
664 4077 731 4134 κατὰ
747 4078 823 4146 μέρος
839 4077 1007 4133 cimeliarchio
1024 4073 1149 4134 eiraldoro
1166 4077 1227 4148 χρό-

41 4151 198 4204 seduceret
217 4166 260 4199 eoa
279 4149 320 4217 qui
338 4150 385 4218 ipsi
404 4149 543 4200 obedirent.
664 4167 703 4202 ros
1333 4143 1340 4156 ⁸

86 4219 158 4268 Gar.
174 4219 253 4268 xxi.
270 4247 301 4256 -
328 4221 350 4270 l.
369 4219 464 4280 ..Deest
479 4236 527 4270 vox
542 4214 630 4286 βουλό·
699 4216 723 4270 2.
743 4214 899 4280 σαραπίωιος
920 4219 990 4268 codd.
1004 4232 1060 4268 mss.
1096 4219 1160 4269 suth
1182 4219 1226 4270 hu·

40 4303 152 4353 μενος,
180 4296 225 4336 sut
246 4285 350 4336 similis·
374 4289 631 4339 amurmurabant.
664 4290 716 4338 tent
732 4283 902 4350 Σεραπίωιος.

37 4359 117 4408 Nihil
134 4357 267 4418 desiduo,
290 4357 405 4419 siquiden
425 4357 528 4419 intuitos
540 4357 630 4410 διελεῖν
698 4354 722 4406 3.
739 4349 919 4422 'snotlnmphp
937 4357 974 4405 ed.
991 4357 1072 4407 Petoo.

35 4431 63 4476 et
90 4419 206 4490 γράψαι
232 4425 297 4487 finito
322 4419 407 4477 ἐλάσει
432 4426 552 4474 adstruxit
577 4429 630 4474 tun·
697 4419 722 4474 4.
738 4421 919 4493 resipiscenti.
933 4425 1030 4488 llltrdip.

35 4507 128 4559 quum
145 4494 246 4556 finum.
280 4493 345 4544 idem
358 4495 421 4544 euim
434 4495 482 4556 {ere
495 4494 528 4546 eat
542 4495 563 4544 ai
577 4494 630 4544 dico
