3186 4928
358 263 494 316 rancun
510 265 575 316 urs.
585 265 618 316 rr.
632 263 717 348 rom.
729 265 750 316 1.
768 262 973 316 nonnemo.
1185 251 1251 315 tun

92 385 209 446 mecm
226 386 480 464 riremruptr'eoenu,
504 398 534 446 et
546 388 666 448 mortale
682 387 737 446 loc
750 389 867 446 maduere
882 387 1129 446 immortalitatem.
1176 381 1247 446 Non

92 484 169 548 dixit
187 487 313 549 mortale
328 486 440 565 solum,
465 507 560 572 neque
575 486 764 573 corruptibile
780 487 893 565 solum,
918 506 972 550 uec
987 484 1179 552 immortalem
1197 485 1249 550 de-

91 587 181 671 nique
196 587 339 668 animam,
363 590 414 654 sed
429 593 613 671 corruptibile
625 593 679 652 boc
695 601 723 651 et
738 593 872 664 mortale,
897 589 995 652 addito
1011 588 1165 673 utrobique
1181 610 1250 674 pro-

92 691 213 756 nomine
227 694 290 754 bor.
337 689 538 774 Quamobrem
554 715 676 778 gracum
692 693 803 779 ipsius,
827 702 857 756 et
874 693 991 776 quidem
1006 691 1165 775 integrum,
1190 713 1249 756 non

92 793 158 856 eins
183 795 383 858 tantummodo
408 816 495 879 pars,
526 797 577 860 sed
601 797 764 878 integrum,
789 796 830 858 uti
850 795 995 873 diximus,
1019 795 1169 872 surrexit,
1194 815 1248 858 nec

92 895 172 960 aliud
189 917 273 981 quam
297 898 456 981 quoderat
469 911 557 964 autea
575 919 716 982 granum,
740 897 792 961 sed
808 897 877 962 illud
897 898 992 981 ipsum
1008 897 1083 982 quod
1100 895 1129 959 in
1146 917 1250 961 monu-

92 1009 223 1064 mentum
241 997 404 1078 ceciderat,
429 1010 519 1064 tolum
534 1001 738 1085 integrumque
754 999 897 1064 surrexit.
943 997 1022 1083 Quid
1038 999 1129 1084 igitur
1143 998 1250 1062 virium

92 1100 183 1164 babet
196 1101 322 1166 absurda
341 1101 390 1166 illa
407 1112 458 1166 tua
475 1103 643 1170 sententiat
686 1101 755 1166 lluo
772 1102 917 1188 siqnidem
937 1121 1046 1186 grana,
1070 1122 1149 1186 quae
1164 1101 1253 1187 paulo

92 1213 161 1269 ante
182 1205 353 1284 retulimus,
378 1205 522 1291 scriptura
540 1217 764 1286 commemoratq
788 1225 911 1289 quorum
931 1205 1050 1270 alterius
1070 1205 1100 1267 in
1121 1225 1250 1288 evange-

91 1305 152 1386 lio,
176 1307 299 1372 alterius
322 1308 397 1391 apud
413 1307 575 1392 apostolum
596 1309 628 1372 lit
645 1307 766 1373 mentio.
809 1305 940 1372 Primum
963 1307 1031 1372 illud
1055 1309 1090 1372 ad
1114 1327 1175 1370 rem
1199 1307 1250 1370 de-

90 1409 262 1472 clarandam
280 1409 511 1476 efficacissimum
530 1422 593 1492 est,
617 1414 777 1478 secundum
796 1431 832 1474 ca
848 1429 924 1495 quae
944 1411 1074 1494 perfecte
1090 1410 1119 1472 iu
1140 1429 1176 1473 eo
1198 1429 1250 1493 ge·

92 1521 141 1574 sta
163 1522 249 1590 sunt3
273 1513 351 1596 quod
373 1524 419 1576 est
436 1514 517 1578 velut
540 1515 767 1580 resurrectionis
790 1512 953 1597 exemplar.
1000 1510 1119 1576 Etenim
1140 1511 1250 1576 docens

92 1612 172 1676 istud
195 1614 344 1694 salvator,
373 1626 403 1678 et
423 1617 551 1694 lauicos,
580 1617 705 1682 subinde
727 1615 935 1680 confirmandis
956 1613 1040 1678 nobis
1060 1615 1251 1688 omnia'cou·

92 1725 209 1780 stanter
234 1718 390 1802 praestitit.
435 1716 513 1784 Nam
537 1719 571 1783 de
594 1740 688 1804 grano
712 1719 806 1804 deque
832 1718 935 1782 eodem
958 1718 1115 1782 crocitando
1141 1717 1252 1781 idcirco

94 1817 252 1897 disseruit,
283 1830 314 1884 ut
337 1821 400 1907 spei
423 1831 542 1886 nostrae
565 1822 798 1906 quandovero
821 1820 1040 1885 resurrectione
1064 1820 1252 1905 concepimus
1292 1887 1293 1894 χ

94 1921 180 1984 tidem
197 1933 357 1986 assereret.
393 1921 469 1988 lluie
487 1925 631 1988 suecessit
648 1924 810 2008 apostolus,
834 1925 882 2006 qui
899 1921 990 1987 dirici
1005 1923 1126 2008 spiritus
1141 1921 1250 2001 afflatu,

94 2033 263 2089 sanctorum
281 2023 423 2109 gloriam,
445 2045 521 2110 quae
545 2036 612 2113 post
634 2026 882 2092 resurrectionem
902 2027 998 2090 lutura
1019 2038 1083 2106 est,
1108 2047 1143 2090 ao
1159 2025 1252 2090 bono-

93 2145 162 2190 rum
181 2127 307 2190 lructum
326 2127 561 2213 voluptatemque
580 2129 750 2207 declarans,
774 2129 877 2194 eadem
897 2128 981 2213 graui
1006 2129 1096 2193 tritici
1118 2129 1252 2194 similitu·

94 2228 165 2292 dine
188 2228 369 2293 domonstrat
390 2231 447 2294 tale
469 2231 612 2295 adversus
634 2231 767 2296 iubdeles
785 2231 974 2317 praeconium
996 2231 1164 2296 instituens.
1209 2235 1366 2294 ΛΜΝ·

94 2335 173 2394 mites
187 2335 271 2406 mr'lrr',
298 2335 437 2410 Quomodo
452 2348 610 2414 resurgunt
624 2340 752 2396 mortui?
771 2355 891 2415 quonum
904 2355 971 2396 uero
984 2356 1104 2415 corpore
1117 2339 1253 2396 ommno?

96 2435 145 2498 Ad
160 2433 233 2498 baec
249 2434 289 2496 ita
306 2435 474 2520 respondit:
499 2440 603 2498 Stulte.
652 2435 768 2502 Stultus
787 2437 865 2500 enim
882 2449 928 2500 est
944 2447 977 2500 et
992 2437 1179 2522 imprudens,
1203 2439 1253 2521 qui

95 2537 218 2600 omnino
232 2536 268 2600 de
286 2539 506 2603 resurrectione
520 2539 642 2602 dubitat.
686 2537 770 2622 Ergo
785 2540 827 2603 ita
843 2539 979 2618 subiicit,
1002 2543 1107 2615 Stulte,
1133 2553 1164 2602 tn
1179 2544 1255 2621 quod

95 2645 219 2702 emmas
232 2662 288 2702 non
303 2645 463 2722 uteqtmmr
477 2647 537 2704 πίει·
547 2653 686 2704 morderem
700 2645 813 2725 fmcm‘t:
837 2653 866 2703 et
880 2647 956 2723 quod
969 2647 1107 2716 seminas,
1131 2665 1188 2705 nors
1197 2645 1252 2728 su-

95 2755 192 2806 wem
209 2765 312 2824 corpur
325 2749 457 2818 emamus,
481 2750 532 2807 sed
546 2749 651 2808 nudum
666 2765 800 2825 granum,
825 2749 949 2826 exempli
960 2765 1062 2809 cosroe
1078 2749 1177 2820 tm'tr‘et',
1202 2757 1256 2808 cut

94 2849 385 2921 conmeantum,
410 2859 440 2908 et
452 2870 508 2910 non
527 2850 688 2928 uindicatur
702 2853 918 2910 nebr'mcrtsmrn
937 2851 1045 2928 fum'tr
1074 2853 1143 2910 deus
1160 2859 1253 2910 auten

96 2951 150 3010 dot
162 2951 210 3010 itu·
220 2969 323 3029 eorpus
336 2954 414 3011 stent
428 2955 526 3026 coluit,
551 2961 579 3012 et
594 2955 744 3032 unicnique
758 2954 861 3013 remulci
869 2956 1018 3032 properium
1032 2973 1146 3032 corpas.
1161 3001 1163 3006 .
1179 2947 1256 3014 Ani-

97 3050 278 3130 madvertis,
302 3053 421 3136 opinor,
452 3075 512 3118 noc
535 3037 707 3121 commutari
730 3074 849 3138 corpus.
894 3050 993 3116 Nemo
1016 3053 1093 3117 eninr
1117 3051 1165 3138 qui
1187 3053 1255 3126 bor·

97 3153 186 3216 deum
204 3153 332 3235 severit,
358 3155 484 3220 triticum
501 3155 641 3241 requirit,
666 3176 761 3240 neque
778 3155 887 3240 nigella
902 3153 1038 3218 Romana
1057 3155 1172 3220 cendum
1188 3155 1256 3220 bor·

97 3255 185 3320 deum
201 3257 323 3341 reperit,
347 3257 400 3321 sed
416 3258 445 3321 id
461 3258 556 3344 ipsum
573 3259 722 3324 excitatur
738 3258 814 3343 quod
830 3268 998 3332 satumest.
1036 3257 1084 3322 Ac
1099 3257 1255 3322 dommodo

97 3357 208 3442 aliquid
225 3379 265 3423 ex
282 3360 346 3444 ipso
362 3361 495 3424 relictum
513 3361 543 3426 in
560 3372 639 3426 terra
658 3361 746 3426 luerit
765 3373 854 3446 atquc
873 3383 914 3426 ers
930 3382 966 3424 ec
981 3379 1103 3444 germen
1118 3361 1256 3427 efflorue-

96 3461 155 3540 rit,
180 3459 223 3524 sic
242 3461 272 3524 in
291 3463 471 3548 corruptibili
493 3463 548 3527 boc
569 3465 683 3544 mitieu,
709 3465 785 3549 quod
803 3461 873 3529 nulli
894 3463 1001 3528 iudicio
1018 3463 1178 3528 obnoxium
1197 3474 1254 3542 est,

97 3562 202 3628 inutile
217 3574 264 3628 est
281 3566 357 3650 quod
383 3565 574 3650 relinquitur,
597 3568 675 3652 quod
698 3568 846 3632 excitatur
865 3587 939 3631 vero
963 3567 1172 3650 praestantius.
1216 3564 1257 3628 tt·
1319 3571 1323 3580 '

96 3666 159 3730 lum
179 3687 270 3750 porro
285 3667 473 3752 splendorem·
489 3689 523 3734 ec
540 3670 841 3755 claritatem-propter
859 3689 961 3734 corum
985 3668 1194 3732 infidelitatem
1206 3668 1257 3731 de·

98 3768 215 3834 clarere
231 3767 324 3833 voluit
342 3771 389 3854 qui
409 3771 479 3837 nihil
497 3793 515 3836 a
530 3773 586 3836 deo
601 3771 678 3858 quod
694 3783 833 3858 speretur
849 3780 1019 3858 expectant.
1056 3767 1135 3834 Nam
1151 3789 1257 3834 revera

98 3870 305 3937 tenuissimum
326 3885 372 3938 est
395 3873 483 3938 tritici
506 3895 641 3960 manum.
687 3873 722 3938 ln
747 3897 804 3960 qua
827 3874 949 3959 quidem·
968 3884 1025 3944 tarn
1048 3871 1158 3956 exigua
1179 3872 1257 3936 mele

98 3975 222 4039 ubinam
237 3975 353 4040 radices
368 3987 397 4038 et
411 3976 495 4060 qnasi
512 3977 698 4042 fundamenta
713 3979 801 4043 suntl
824 3988 882 4041 tum
900 3976 1005 4040 deinde
1019 3975 1148 4052 culmus,
1173 3973 1257 4058 geni·

99 4078 187 4156 cula,
212 4087 256 4140 tot
271 4077 401 4158 fistulae,
425 4079 578 4165 capitella,
601 4079 738 4157 lollicnli,
762 4080 871 4144 aristae
885 4097 1034 4162 granaque
1050 4077 1258 4162 multiplicant

189 4175 308 4245 Clarias
324 4180 391 4265 quid
409 4182 496 4245 velim
515 4182 652 4266 eloquar,
676 4193 764 4267 atque
781 4182 826 4246 bis
844 4180 949 4245 similia
969 4201 1149 4265 percurram.
1195 4178 1256 4245 Un·
1293 4189 1353 4254 cap.

98 4283 208 4348 denam
225 4278 326 4369 Moysi
342 4279 539 4352 loobubelbuc
556 4295 586 4350 et
600 4284 736 4352 Amremi
752 4285 812 4354 lilio
829 4285 878 4350 illa
898 4285 1010 4364 virtus,
1040 4295 1072 4348 ut
1088 4283 1173 4367 virga
1194 4257 1411 4378 sili-{Qu

135 4503 161 4560 4.
180 4507 247 4558 mort
262 4507 333 4570 oeteo
349 4499 444 4575 ἤγειρε
