3128 4930
337 257 473 310 annnou
491 257 553 309 ura.
566 259 597 310 n.
614 257 696 312 nont.
711 260 731 309 r.
750 257 848 310 enon.
865 259 919 312 cn.
1152 248 1211 314 tta

74 377 179 442 inillius
195 377 376 441 narrationis
395 379 520 444 exordio
534 379 641 443 diutius
662 377 833 442 irinnnoraril
873 379 939 463 Age
961 379 1112 444 ridiculam
1133 379 1210 444 illam

74 482 267 556 narrationem,
292 482 338 544 vel
355 482 516 544 luctuosam
532 483 638 567 potios,
662 481 878 564 aggrediamur,
903 482 1064 548 luctuosam
1083 484 1211 567 quidem,

73 585 129 666 qnod
146 583 280 647 diabolus
296 585 325 647 in
344 584 490 647 bominum
510 585 655 648 montibus
671 585 770 648 sedern
791 582 994 664 constituerit,
1018 585 1064 650 dei
1081 597 1113 649 tat
1131 585 1214 672 opid-

73 686 105 748 cio
118 696 217 771 posset
236 686 385 764 illudere,
402 687 553 751 ridiculam
571 708 661 767 vero,
686 701 830 772 quatenus
846 686 923 750 nibil·
934 685 983 750 isti
1001 707 1096 773 neque
1112 689 1215 753 vident
1342 729 1356 762 .

74 809 150 873 neque
173 789 334 873 prudenter
355 789 533 872 intelligunt.

139 889 277 973 inprimis
294 891 371 956 enirn
390 892 555 957 haereticos
573 893 646 958 istos
665 895 762 957 lerunt
786 891 928 958 ecclesias
947 913 1035 971 suras,
1060 891 1125 958 sive
1147 891 1213 956 luti·
1230 891 1291 962 ⁰¹1¹·
1305 896 1339 948 ¹¹·

72 993 120 1057 lula
143 995 241 1079 potius
259 1006 289 1058 et
308 1009 453 1059 cavernas
476 997 531 1078 (sio
550 997 626 1059 cuim
650 995 863 1059 baereticorum
887 993 958 1058 libet
975 993 1215 1082 appellarecoo·

72 1097 229 1180 oraticula),
254 1097 284 1160 io
301 1098 490 1182 hypocaustis
508 1109 660 1163 extruere.
708 1096 823 1184 Quippe
840 1097 942 1161 subter
955 1099 1053 1182 iguem
1070 1099 1213 1180 excitant,

71 1201 93 1261 ud
111 1221 165 1263 eos
190 1201 377 1285 vapulandus
396 1219 431 1263 ac
449 1199 590 1265 duceudos
615 1201 663 1285 qui
685 1201 714 1264 io
742 1201 810 1264 illud
834 1200 997 1264 cubiculum
1020 1201 1212 1266 conveniunt.

72 1297 93 1362 lo
107 1303 247 1386 ingressu
268 1301 510 1366 vestinreutorom
535 1305 673 1368 custodes
694 1325 746 1389 pro
766 1303 876 1366 loribus
899 1303 1098 1389 capsariorom
1121 1303 1217 1368 instar

70 1405 181 1486 appositi
200 1414 281 1468 suot.
328 1403 406 1468 Tum
424 1404 595 1470 intrantium
613 1407 736 1491 quisque
758 1415 815 1468 tarn
838 1405 884 1470 vir
905 1427 989 1491 quam
1013 1405 1120 1470 leonina
1143 1407 1216 1471 loris

70 1508 188 1570 restibus
207 1527 321 1570 exuras
337 1527 406 1570 sese
422 1517 483 1571 toto
501 1529 637 1593 corpore,
663 1508 783 1594 perinde
802 1517 834 1571 ut
849 1527 889 1572 err
909 1519 994 1572 utero
1010 1508 1112 1572 matris
1128 1509 1214 1589 exiit,

70 1612 149 1672 nudus
164 1608 342 1694 ingreditur.
390 1607 449 1674 son
466 1610 514 1694 qui
532 1611 676 1697 principes
692 1609 771 1673 inter
788 1610 853 1674 illos
870 1609 1013 1674 habentur
1026 1622 1056 1674 et
1071 1611 1214 1696 magistri,

68 1731 205 1796 peraeque
231 1711 299 1775 nudi
319 1712 489 1793 consident,
520 1713 568 1776 alii
591 1713 620 1776 in
644 1713 798 1798 superiore
821 1714 903 1792 locu,
933 1711 984 1776 atti
1008 1713 1036 1776 iu
1060 1713 1215 1793 inferiore,

68 1815 224 1897 promiscue
241 1835 275 1878 ac
293 1815 412 1898 passim.
448 1816 494 1878 nt
508 1815 581 1880 baec
598 1816 728 1880 nonnulli
745 1835 784 1878 ex
802 1837 904 1880 eorum
923 1835 1046 1880 nrnmero
1064 1827 1144 1895 sunt,
1168 1816 1218 1901 qui

67 1916 171 1980 scilieet
195 1917 382 1980 continentes
403 1918 602 2002 appellantur,
632 1919 718 2002 idque
740 1938 809 2002 prae
834 1939 867 1981 aa
886 1919 1000 1998 lerunt,
1029 1939 1063 1982 aa
1087 1917 1217 2003 virgines

67 2017 222 2099 labentur,
246 2039 337 2105 seque
357 2019 437 2104 ipsos
460 2021 536 2084 baruc
555 2023 584 2084 io
603 2021 718 2085 modom
737 2021 896 2106 decipiunt.
941 2017 1000 2084 lam
1019 2041 1093 2085 vcro
1116 2021 1218 2084 lectio-

66 2141 115 2183 ucs
133 2141 167 2184 ae
193 2122 306 2205 reliqua
323 2123 350 2184 id
367 2141 461 2204 genos
480 2123 591 2186 obeunt
612 2123 693 2188 nudi.
738 2120 825 2206 Quod
850 2124 875 2186 si
900 2123 976 2208 quis,
1001 2133 1032 2187 ut
1053 2124 1152 2188 dicere
1170 2143 1219 2188 uo·

65 2222 140 2301 lent,
163 2224 193 2286 iu
211 2224 326 2308 culpam
341 2223 442 2307 lapsus
458 2245 525 2288 esse
543 2227 695 2304 videatur,
719 2226 797 2290 bunc
814 2227 843 2289 io
861 2237 1038 2290 convectum
1059 2245 1142 2289 suum
1164 2227 1218 2290 mi-

65 2327 139 2388 nione
154 2325 278 2410 amplius
294 2325 449 2412 recipiunt.
481 2328 625 2390 Adamum
640 2329 716 2391 enirn
733 2329 812 2392 illurn
829 2349 896 2392 esse
911 2328 1011 2392 dicant
1024 2329 1072 2412 qui
1089 2329 1124 2392 de
1138 2328 1219 2410 ligno
1232 2347 1324 2396 osea

65 2429 238 2504 comederit,
264 2439 351 2514 atque
368 2449 387 2491 e
402 2425 564 2509 Paradiso,
590 2430 644 2493 boo
660 2441 707 2493 est
723 2430 848 2494 ecelesia
868 2451 938 2511 sua,
962 2430 1218 2495 exterminandam

65 2527 202 2592 iudicant.
246 2528 327 2593 Naar
350 2531 505 2594 ecclesiam
530 2550 611 2596 suam
635 2529 809 2596 Paradisum
834 2551 902 2596 esse
925 2542 1072 2610 statuunt,
1103 2531 1219 2618 seipsos

65 2651 134 2694 sero
152 2634 298 2696 Adeonom
323 2643 352 2695 ct
373 2631 479 2696 Evam.
525 2630 700 2718 Corripitur
723 2635 826 2699 subter
849 2635 1012 2698 cubiculum
1032 2635 1099 2698 illud
1123 2635 1219 2719 ignem

65 2734 210 2813 excitant,
235 2755 273 2798 ae
295 2736 403 2818 frigore
419 2737 614 2802 infestentur?
657 2735 774 2801 Etenim
795 2738 928 2802 Adamas
945 2747 974 2801 et
992 2735 1057 2802 Eva
1078 2758 1172 2824 neque
1188 2739 1220 2804 iu

65 2835 244 2922 hypocausto
266 2837 428 2921 degebant,
453 2859 548 2922 neque
571 2840 677 2902 ardore
702 2840 759 2903 ullo
785 2849 872 2924 atquo
895 2849 978 2904 aestu
1000 2841 1219 2926 premebantur,

65 2959 116 3002 uec
140 2940 230 3004 ullum
254 2940 297 3002 cis
321 2940 412 3024 frigus
434 2951 498 3003 erat
521 2941 691 3020 molestum,
715 2942 766 3004 scd
788 2942 944 3027 purissimo
962 2949 1032 3007 adire
1050 2943 1221 3008 fruebantur

65 3060 96 3100 ac
110 3041 233 3105 miciliae
249 3063 266 3105 a
284 3043 339 3104 deo
359 3052 531 3126 temperato,
557 3043 604 3127 qui
624 3063 677 3106 nec
696 3043 814 3126 frigoris
832 3043 989 3107 atrocitate
1003 3045 1219 3126 vehementior,

64 3163 116 3205 nnec
138 3144 349 3208 molestissimo
373 3144 500 3208 incendii
527 3147 632 3208 ardore
652 3144 799 3209 uiolentus
820 3145 996 3209 iromioerct.
1043 3144 1148 3211 Victus
1170 3149 1221 3212 iis·

66 3245 125 3308 dem
147 3247 296 3310 ambrosia
317 3259 383 3310 erut
405 3267 422 3309 a
446 3247 502 3309 deo
526 3241 636 3330 perata.
682 3245 783 3312 laocus
807 3245 871 3332 ipse
896 3249 1022 3332 denique
1044 3251 1080 3312 ad
1103 3269 1219 3316 omnem

65 3359 123 3410 erat
139 3349 319 3434 uoluptatem
336 3349 601 3433 iucunditatemque
620 3351 725 3413 iactus.
772 3347 832 3429 lta,
858 3359 889 3413 ot
904 3371 998 3434 neque
1016 3351 1109 3435 algori
1124 3373 1220 3437 neque

66 3452 174 3529 aestui,
200 3451 440 3536 quemadmodum
458 3451 597 3529 diximus,
622 3462 725 3516 esseut
740 3452 874 3518 obnoxii.
923 3452 964 3515 dt
980 3451 1021 3516 illi
1038 3474 1103 3518 cum
1120 3454 1221 3518 istius-

66 3555 137 3618 modi
161 3555 243 3618 vitae
266 3553 492 3618 necessitatibus
514 3553 642 3639 expositi
665 3555 742 3633 siut,
767 3553 887 3618 omnino
909 3554 1022 3618 ridicrnli
1046 3566 1126 3620 sont.

146 3653 229 3739 Quin
244 3657 313 3720 illud
332 3677 389 3719 uuo
408 3657 650 3720 considerandum
666 3667 729 3735 est,
751 3657 992 3742 quemadmodum
1014 3676 1056 3721 ern
1071 3679 1107 3721 eo
1124 3655 1218 3720 redelli
1238 3662 1298 3732 Cap.
1313 3664 1357 3718 ttt.

66 3759 157 3822 ononis
180 3759 304 3822 istorum
331 3779 418 3822 error
436 3759 538 3842 possit.
584 3757 662 3822 Nam
685 3760 770 3845 primi
797 3759 889 3823 nostri
919 3769 1057 3845 parentes
1079 3779 1137 3822 noo
1161 3777 1218 3823 ona

67 3859 209 3925 duntaxat
234 3859 323 3939 bora,
354 3861 405 3924 scd
430 3871 571 3946 perpetuo
594 3863 662 3925 nudi
685 3863 749 3925 siue
766 3863 826 3926 ullo
844 3863 954 3947 pudore
975 3860 1216 3947 perseverabant.

68 3963 107 4024 ttu
126 3963 174 4028 isti
197 3983 256 4026 uon
276 3963 351 4046 quod
376 3963 485 4048 pudore
508 3976 648 4042 careant,
673 3975 828 4050 propterea
852 3966 1014 4042 nudantur,
1039 3964 1155 4028 tametsi
1177 3963 1353 4036 ituumtn.

67 4064 119 4127 sibi
142 4065 356 4150 persuadeant,
379 4066 432 4130 sed
450 4065 478 4129 id
500 4065 655 4130 innuatiatae
678 4065 790 4130 libidini
807 4065 955 4146 tribuunt,
979 4086 1054 4150 quac
1075 4065 1218 4132 eiusmodi

98 4214 122 4268 3.
142 4223 238 4272 carnai
261 4219 359 4286 μεμελη
394 4236 442 4278 νος.
476 4223 537 4271 Nora
554 4224 579 4272 ia
597 4223 626 4271 tt·
693 4215 717 4271 d.
738 4221 821 4270 Vereor
835 4235 863 4270 ne
883 4223 914 4272 sit
931 4211 1089 4283 reponendum
1107 4223 1220 4289 πεπλησ-

66 4289 500 4408 &mutuabant
515 4291 626 4408 tull
660 4286 741 4408 tit*
756 4288 1220 4425 ,iltutus‘dltsltffls‘t

69 4434 266 4494 temperamenta
286 4423 404 4475 ordinatu
420 4439 451 4475 ux
472 4424 522 4476 deo
542 4425 626 4476 reler-
679 4426 757 4477 caitus
773 4437 835 4485 erat,
853 4424 1007 4478 iucunditate
1025 4436 1052 4478 at
1071 4425 1137 4479 ritae
1152 4443 1220 4496 opu-

68 4502 131 4544 tw·
458 4497 461 4504 '
702 4493 738 4545 tin
755 4489 896 4546 redundans
912 4501 963 4548 ortt.

961 4579 1017 4650 8*
