3154 4930
394 245 532 299 ananau
548 243 612 298 ora.
626 245 657 296 u.
677 245 758 298 rom.
772 245 804 298 n.
821 243 923 298 aare.
933 244 1025 298 uxrr.
1231 231 1292 296 ott

128 366 181 431 ille
200 365 339 452 splendor
353 365 498 430 illuxerit.
531 363 632 450 Atque
648 365 721 428 liaeo
737 363 799 450 ipsa
814 363 955 448 peouuiae
970 363 1112 450 eupiditas
1129 385 1189 430 noo
1204 365 1293 428 modo

131 465 235 534 ludam
251 468 442 547 exeaecavit,
467 468 519 532 sed
538 478 569 530 et
583 467 719 530 Ananiae
740 485 841 530 neoem
863 467 976 544 attulit,
1001 477 1029 528 et
1045 466 1201 551 plerosquo
1219 466 1293 530 alios

129 571 272 634 extinxit.
318 569 376 634 llio
392 579 438 634 est
453 570 570 654 iuquam
594 569 681 632 liuius
699 567 791 632 seouli
810 569 899 647 dous,
925 589 1010 652 quem
1029 589 1082 654 pro
1096 569 1152 631 deo
1168 567 1223 631 sili
1243 568 1294 631 ad-

3 707 6 722 =
129 683 267 759 optantes
284 673 434 753 homiues,
459 693 524 736 oum
541 670 569 734 ei
584 670 756 734 honorando
774 671 974 750 studuissent,
998 670 1146 734 dominum
1163 681 1293 734 oontem-

3 811 5 840 ;
130 786 272 862 pseruu13
304 775 379 859 quod
398 775 443 837 his
466 775 531 860 ipso
553 773 652 837 verbis
677 771 803 836 iudicat:
839 777 928 834 Unum
948 777 1147 855 amplectetur,
1172 776 1292 834 altorum

130 889 306 940 malamort.-
339 899 395 939 aaa
415 881 536 958 potestis
560 879 611 937 deo
633 880 742 936 saraim
761 887 792 936 et
814 877 1001 938 Mommoaoe.
1050 873 1182 938 Videsne
1207 895 1291 957 quam
1326 867 1327 870 ¹

2 1015 3 1028 2
128 980 241 1044 diserte
259 980 470 1065 perspioueque
486 999 536 1042 res
553 987 612 1040 lota
629 977 815 1040 declaretur?
843 973 921 1040 Nam
941 977 1037 1042 nullus
1054 977 1129 1040 alter
1147 976 1290 1056 deusest,

127 1081 351 1160 neeineoelo,
384 1101 439 1144 neo
462 1080 492 1142 iu
516 1091 613 1158 terra,
649 1099 703 1142 neo
723 1079 789 1142 ullis
808 1079 873 1142 aliis
893 1080 921 1142 iu
940 1079 1031 1158 loeis,
1063 1089 1291 1162 praetereamus

2 1224 5 1254 ς
128 1193 262 1268 patrem,
295 1203 334 1246 ex
360 1203 417 1266 quo
443 1183 558 1261 omunia,
591 1192 622 1245 et
645 1201 732 1244 unum
759 1181 905 1247 domiuum
934 1179 1030 1245 losum
1049 1178 1217 1257 Christum,
1242 1199 1295 1266 per

129 1305 218 1368 quem
238 1286 353 1364 omnia,
384 1295 414 1347 et
437 1303 526 1348 unum
551 1283 684 1368 spiritum
702 1294 854 1363 sanetum,
877 1283 906 1346 iu
926 1305 983 1367 quo
1004 1283 1119 1363 omuiaq
1152 1291 1295 1366 quaeest

127 1387 309 1472 sempiterna
333 1386 467 1464 trinitas,
504 1396 533 1448 et
558 1385 792 1464 erudivimus,
825 1385 871 1448 uui
899 1405 954 1449 neo
979 1385 1122 1448 aooedere
1146 1384 1292 1469 quidpiam
1392 1379 1395 1386 “

127 1499 244 1576 potest,
269 1510 324 1552 nee
347 1489 503 1552 deoedere.

216 1589 276 1656 Sed
294 1591 351 1655 iam
373 1591 408 1656 ad
426 1589 483 1654 alia
502 1601 704 1667 transeamus,
736 1599 823 1674 utque
840 1589 924 1652 huius
943 1589 1054 1653 bestiae
1073 1599 1102 1652 et
1123 1587 1232 1652 inimici
1249 1597 1292 1650 at·
1391 1617 1397 1628 ·

127 1713 187 1778 que
204 1691 382 1757 iuseoutoris
401 1693 522 1776 laqueos
543 1692 763 1777 discerpamus,
789 1691 989 1770 oearissimi,
1014 1693 1088 1754 adeo
1110 1702 1140 1754 ut
1164 1689 1293 1774 quaesi

126 1795 181 1859 illo
197 1796 332 1859 adnotata
348 1795 506 1859 vorborum
524 1794 655 1857 novitate
675 1793 819 1878 disputata
839 1795 957 1856 suntad
974 1793 1107 1858 veritatis
1125 1811 1292 1856 sermonem

126 1899 362 1976 transieramus,
395 1897 425 1959 iu
449 1915 550 1960 eorum
567 1895 693 1980 gratiam
710 1895 759 1979 qui
779 1896 912 1959 remlatis
935 1895 1160 1980 cognoscendae
1178 1893 1294 1958 deside·

127 1999 177 2064 rio
203 2009 358 2079 tenentur,
389 2009 476 2082 atque
497 1997 533 2060 ab
558 1997 645 2082 impia
672 1997 836 2062 haereseon
855 2000 984 2062 omnium
1007 1997 1141 2061 doctrina
1165 1997 1293 2060 animum

126 2112 279 2166 avertere.
325 2099 428 2185 Pergit
445 2099 535 2184 igitur
557 2101 651 2183 legem
674 2120 709 2162 ao
728 2101 883 2185 prophetas
907 2100 1110 2185 perstringens
1129 2099 1216 2162 bomo
1236 2109 1294 2162 mn

127 2204 264 2269 veritatis
283 2224 368 2288 quam
385 2201 506 2288 spiritus
522 2202 636 2281 saneti,
667 2202 715 2286 qui
733 2201 763 2264 in
781 2203 847 2286 lege
868 2223 904 2266 ao
924 2203 1073 2288 prophetis
1096 2203 1212 2265 locutus
1235 2213 1292 2280 est,

126 2305 284 2386 iuimiousq
308 2317 395 2389 atque
411 2305 554 2368 aduersus
572 2303 700 2368 omnium
724 2303 905 2367 conditorem
925 2305 1029 2384 deum,
1053 2305 1102 2388 qui
1122 2305 1152 2366 in
1176 2303 1241 2387 lege
1260 2323 1294 2366 ao

127 2407 280 2493 prophetis
294 2409 409 2472 loeutus
423 2416 485 2486 est,
512 2406 693 2490 eundemque
712 2405 821 2470 domiai
844 2407 936 2469 nostri
955 2402 1022 2470 lesu
1039 2403 1151 2470 Christi
1166 2414 1290 2490 patrem,

127 2535 170 2572 ear
193 2531 247 2592 quo
268 2515 357 2572 omar'e
377 2514 539 2590 putermitas
556 2513 586 2570 iu
603 2511 681 2570 eaelo
697 2522 727 2570 et
740 2515 770 2570 ia
789 2521 867 2570 terro
883 2513 1061 2584 nominatur,
1087 2508 1186 2572 laxata
1203 2505 1291 2570 elfre-
1305 2519 1434 2578 ephata,

126 2624 219 2678 name
242 2611 359 2696 linguae
383 2611 542 2697 petulantia
566 2611 662 2681 omnis
685 2611 765 2673 illum
784 2609 950 2693 cupiditatis
972 2620 1143 2688 auctorem,
1173 2631 1207 2673 ao
1225 2629 1292 2672 oae-

128 2715 210 2778 dium
228 2715 466 2799 reliquorumque
488 2713 649 2776 laoiuorum
673 2711 812 2776 extitisse
833 2713 933 2792 donet,
958 2713 1063 2797 quippe
1081 2711 1128 2796 qui
1148 2721 1178 2774 et
1193 2720 1294 2774 vestes

126 2815 289 2902 Aegyptiis
310 2816 425 2901 eripere
447 2813 583 2894 iusserit,
614 2825 644 2876 et
670 2835 735 2876 oum
761 2813 906 2878 sacrifieia
930 2815 1047 2878 sibimet
1071 2815 1199 2892 ollerre,
1231 2823 1291 2874 tum
1302 2826 1413 2882 motat,
1426 2829 1448 2873 a.

125 2937 321 3004 quaeeunque
336 2917 393 2980 elia
411 2916 485 3000 legis
507 2915 688 3001 praescripto
705 2917 895 2995 marrdautnrq
920 2917 988 3000 quin
1005 2926 1035 2980 et
1053 2915 1226 2978 lromioidam
1248 2916 1293 2978 iu·

124 3021 284 3099 tardema,
318 3039 414 3104 neque
434 3017 523 3104 priori
549 3017 640 3080 eaode
662 3029 818 3082 contentos
842 3018 982 3098 alteram,
1007 3018 1090 3102 quasi
1109 3017 1143 3080 ad
1162 3019 1291 3102 priorem

123 3121 351 3199 vindicandam,
386 3132 568 3207 perpetrare.
616 3117 694 3184 Tum
722 3141 795 3183 vero
820 3121 993 3206 cupiditates
1015 3120 1163 3184 homiuum
1185 3119 1291 3182 animis

123 3223 240 3302 iuiioit‚
270 3245 303 3287 ao
326 3224 362 3288 de
381 3223 553 3286 mulieribus
575 3223 740 3307 ueterisque
764 3224 828 3286 eius
850 3221 970 3308 generis
991 3223 1129 3308 disputat.
1178 3219 1292 3286 Callida

123 3345 221 3406 voro,
245 3326 355 3410 iuquit,
379 3326 415 3388 do
436 3322 557 3389 Christo
581 3345 671 3410 pauca
691 3324 856 3410 praedixit,
887 3325 928 3390 oti
952 3325 1051 3411 paonis
1076 3325 1134 3390 illis
1158 3324 1293 3409 quaesito

121 3427 185 3492 sibi
207 3428 307 3491 ooloue
325 3427 409 3490 iidem
427 3428 548 3490 laeeret.
596 3425 661 3489 llae
679 3438 748 3490 sunt
772 3427 920 3492 temerarii
943 3428 1068 3492 hominis
1084 3448 1194 3504 voees,
1220 3445 1292 3511 quae

122 3531 159 3594 iu
178 3529 326 3591 domiuum
345 3549 429 3592 suum
450 3530 616 3615 procaciter
635 3526 747 3592 offudit.
795 3527 878 3611 Quas
900 3532 925 3593 si
945 3530 1010 3613 quis
1029 3529 1199 3614 diligentius
1221 3549 1292 3590 oon·

121 3630 284 3708 siderant,
309 3631 379 3694 nihil
396 3631 425 3694 iu
444 3632 489 3693 his
508 3630 583 3694 aliud
603 3641 807 3714 praeterquam
825 3631 985 3716 phrenetici
1005 3631 1130 3696 hominis
1148 3632 1224 3693 laeta
1242 3651 1292 3714 ap·

122 3751 237 3820 parere
251 3743 422 3817 cognoseat.
471 3731 508 3798 Ut
529 3729 607 3795 euim
632 3731 795 3817 plrreuitide
814 3733 969 3812 loborans,
993 3733 1017 3795 si
1038 3734 1293 3816 gladiumuuotus

123 3833 237 3914 luerit,
262 3846 365 3898 eontra
389 3835 517 3918 seipsum
536 3844 684 3912 armatur,
716 3855 750 3896 ao
774 3855 845 3921 prae
863 3836 991 3898 amentia
1015 3855 1083 3899 suas
1101 3835 1163 3920 ipse
1187 3854 1293 3898 earnes

121 3936 290 4002 oouoideus
308 3937 408 4000 ulcisci
426 3956 459 4000 se
474 3937 574 4000 hostes
592 3936 762 4014 existimat,
788 3949 815 4000 et
834 3937 901 4022 quid
918 3949 986 4022 agat
1005 3937 1138 4022 ignorat,
1170 3935 1213 3999 sio
1235 3935 1293 4000 iste

120 4041 158 4104 in
176 4037 306 4122 seipsum
323 4059 404 4104 arma
417 4038 581 4117 convertit,
605 4039 672 4101 duur
690 4059 780 4102 voees
798 4038 879 4118 illas,
904 4059 977 4124 quas
992 4051 1094 4103 eontra
1113 4059 1146 4102 se
1164 4039 1290 4124 profert,

121 4141 358 4226 nouiutelliqit.
404 4139 522 4205 Etenim
546 4140 571 4203 si
593 4140 760 4225 rupiditatis
784 4151 887 4205 auotor
909 4141 959 4206 ille
984 4141 1095 4206 veteris
1124 4141 1292 4205 testamenti

120 4244 202 4308 deus
223 4253 286 4320 est,
311 4263 345 4304 ae
363 4263 438 4326 quae
455 4251 525 4306 suut
542 4241 708 4327 rupiditatis
726 4243 842 4328 propria
860 4243 994 4322 molitur,
1020 4264 1073 4307 uur
1087 4243 1195 4329 ubique
1210 4243 1293 4328 eupi-

160 4394 187 4444 Ἰ.
206 4390 278 4462 ὑμῶν
295 4397 332 4446 ed.
348 4397 430 4446 rom.
727 4411 777 4460 epo.
802 4398 870 4448 mort
885 4399 970 4448 tabeat
981 4395 1026 4450 aul
1041 4394 1215 4466 διηγούμενος.
1234 4399 1293 4450 Poa-

159 4461 185 4514 3.
205 4461 250 4517 eat
280 4461 431 4534 γλιχομένας
462 4464 546 4532 (latuit
571 4463 693 4532 διανοίας)
727 4467 758 4515 m
772 4469 843 4517 ettom
860 4465 1066 4538 aaropaqopltuc.
