<?xml version="1.0" encoding="UTF-8"?>
<!DOCTYPE html PUBLIC "-//W3C//DTD XHTML 1.0 Transitional//EN"
    "http://www.w3.org/TR/xhtml1/DTD/xhtml1-transitional.dtd">
<html xmlns="http://www.w3.org/1999/xhtml" xml:lang="en" lang="en">
 <head>
  <title>
</title>
<meta http-equiv="Content-Type" content="text/html;charset=utf-8" />
  <meta name='ocr-system' content='tesseract 3.04.00' />
  <meta name='ocr-capabilities' content='ocr_page ocr_carea ocr_par ocr_line ocrx_word'/>
</head>
<body>
  <div class='ocr_page' id='page_1' title='image "./corporishaerese02oehlgoog_0529.png"; bbox 0 0 3154 4930; ppageno 0'>
   <div class='ocr_carea' id='block_1_1' title="bbox 203 211 1478 4021">
    <p class='ocr_par' dir='ltr' id='par_1_1' title="bbox 203 211 1478 4021">
     <span class='ocr_line' id='line_1_1' title="bbox 325 211 1056 276; baseline 0 -2"><span class='ocrx_word' id='word_1_1' title='bbox 325 211 387 276; x_wconf 73' lang='lat'><strong><em>508</em></strong></span> <span class='ocrx_word' id='word_1_2' title='bbox 747 223 868 276; x_wconf 78' lang='grc' dir='ltr'><strong><em>ειυοτι</em></strong></span> <span class='ocrx_word' id='word_1_3' title='bbox 888 223 1056 276; x_wconf 71' lang='grc' dir='ltr'><strong><em>τειεεειιιι</em></strong></span> 
     </span>
     <span class='ocr_line' id='line_1_2' title="bbox 325 331 1464 428; baseline 0.002 -22"><span class='ocrx_word' id='word_1_4' title='bbox 325 338 397 406; x_wconf 84' lang='grc' dir='ltr'><strong><em>ἀλλά</em></strong></span> <span class='ocrx_word' id='word_1_5' title='bbox 413 347 467 406; x_wconf 78' lang='grc' dir='ltr'><strong><em>τοῦ</em></strong></span> <span class='ocrx_word' id='word_1_6' title='bbox 483 339 594 426; x_wconf 84' lang='grc' dir='ltr'><strong><em>πατρός</em></strong></span> <span class='ocrx_word' id='word_1_7' title='bbox 607 337 693 423; x_wconf 83' lang='grc' dir='ltr'><strong><em>ύμοῖν</em></strong></span> <span class='ocrx_word' id='word_1_8' title='bbox 708 347 761 408; x_wconf 82' lang='grc' dir='ltr'><strong><em>τοῦ</em></strong></span> <span class='ocrx_word' id='word_1_9' title='bbox 776 339 930 424; x_wconf 74' lang='grc' dir='ltr'><strong><em>διαβόλου·</em></strong></span> <span class='ocrx_word' id='word_1_10' title='bbox 962 343 990 406; x_wconf 86' lang='grc' dir='ltr'><strong><em>εῖ</em></strong></span> <span class='ocrx_word' id='word_1_11' title='bbox 1007 331 1063 426; x_wconf 85' lang='grc' dir='ltr'><strong><em>γάρ</em></strong></span> <span class='ocrx_word' id='word_1_12' title='bbox 1084 333 1135 424; x_wconf 76' lang='grc' dir='ltr'><strong><em>ἦτε</em></strong></span> <span class='ocrx_word' id='word_1_13' title='bbox 1155 342 1244 406; x_wconf 84' lang='grc' dir='ltr'><strong><em>τέκνα</em></strong></span> <span class='ocrx_word' id='word_1_14' title='bbox 1264 347 1319 408; x_wconf 83' lang='grc' dir='ltr'><strong><em>τοδ</em></strong></span> <span class='ocrx_word' id='word_1_15' title='bbox 1332 339 1464 428; x_wconf 74' lang='grc' dir='ltr'><strong><em>Ἅβραόμ,</em></strong></span> 
     </span>
     <span class='ocr_line' id='line_1_3' title="bbox 323 440 1466 532; baseline 0.003 -24"><span class='ocrx_word' id='word_1_16' title='bbox 323 442 360 510; x_wconf 83' lang='grc' dir='ltr'><strong><em>τύ</em></strong></span> <span class='ocrx_word' id='word_1_17' title='bbox 376 446 446 530; x_wconf 84' lang='grc' dir='ltr'><strong><em>έργα</em></strong></span> <span class='ocrx_word' id='word_1_18' title='bbox 459 440 551 510; x_wconf 86' lang='grc' dir='ltr'><strong><em>αότοτῖ</em></strong></span> <span class='ocrx_word' id='word_1_19' title='bbox 567 446 703 510; x_wconf 76' lang='grc' dir='ltr'><strong><em>ἐποιεῖτε·</em></strong></span> <span class='ocrx_word' id='word_1_20' title='bbox 725 440 810 527; x_wconf 87' lang='grc' dir='ltr'><strong><em>ύμεῖς</em></strong></span> <span class='ocrx_word' id='word_1_21' title='bbox 825 442 880 530; x_wconf 86' lang='grc' dir='ltr'><strong><em>γάρ</em></strong></span> <span class='ocrx_word' id='word_1_22' title='bbox 895 446 1003 528; x_wconf 77' lang='grc' dir='ltr'><strong><em>ζητεῖτέ</em></strong></span> <span class='ocrx_word' id='word_1_23' title='bbox 1016 467 1052 526; x_wconf 88' lang='grc' dir='ltr'><strong><em>με</em></strong></span> <span class='ocrx_word' id='word_1_24' title='bbox 1069 441 1251 524; x_wconf 81' lang='grc' dir='ltr'><strong><em>ἀποκτεῖναι,</em></strong></span> <span class='ocrx_word' id='word_1_25' title='bbox 1277 443 1466 532; x_wconf 74' lang='grc' dir='ltr'><strong><em>6όνθριοτττν,</em></strong></span> 
     </span>
     <span class='ocr_line' id='line_1_4' title="bbox 203 543 1468 632; baseline 0.004 -25"><span class='ocrx_word' id='word_1_26' title='bbox 203 563 311 620; x_wconf 66' lang='lat' dir='ltr'><strong><em>mm.</em></strong></span> <span class='ocrx_word' id='word_1_27' title='bbox 325 546 360 623; x_wconf 87' lang='grc' dir='ltr'><strong><em>δς</em></strong></span> <span class='ocrx_word' id='word_1_28' title='bbox 381 545 434 630; x_wconf 77' lang='grc' dir='ltr'><strong><em>τὴν</em></strong></span> <span class='ocrx_word' id='word_1_29' title='bbox 459 545 604 630; x_wconf 77' lang='grc' dir='ltr'><strong><em>ἀληθειαν</em></strong></span> <span class='ocrx_word' id='word_1_30' title='bbox 626 545 766 631; x_wconf 87' lang='grc' dir='ltr'><strong><em>λελάληκα</em></strong></span> <span class='ocrx_word' id='word_1_31' title='bbox 787 543 870 630; x_wconf 89' lang='grc' dir='ltr'><strong><em>ύμῖν·</em></strong></span> <span class='ocrx_word' id='word_1_32' title='bbox 899 553 986 612; x_wconf 84' lang='grc' dir='ltr'><strong><em>τοῦτο</em></strong></span> <span class='ocrx_word' id='word_1_33' title='bbox 1010 543 1142 632; x_wconf 76' lang='grc' dir='ltr'><strong><em>Ἅβραάμ</em></strong></span> <span class='ocrx_word' id='word_1_34' title='bbox 1166 543 1222 613; x_wconf 86' lang='grc' dir='ltr'><strong><em>οάκ</em></strong></span> <span class='ocrx_word' id='word_1_35' title='bbox 1249 549 1382 630; x_wconf 81' lang='grc' dir='ltr'><strong><em>έπολησες</em></strong></span> <span class='ocrx_word' id='word_1_36' title='bbox 1411 549 1468 614; x_wconf 77' lang='grc' dir='ltr'><strong><em>Καὶ</em></strong></span> 
     </span>
     <span class='ocr_line' id='line_1_5' title="bbox 324 646 1469 738; baseline 0.001 -22"><span class='ocrx_word' id='word_1_37' title='bbox 324 647 399 738; x_wconf 74' lang='grc' dir='ltr'><strong><em>δρᾷς</em></strong></span> <span class='ocrx_word' id='word_1_38' title='bbox 422 647 468 715; x_wconf 85' lang='grc' dir='ltr'><strong><em>ότι</em></strong></span> <span class='ocrx_word' id='word_1_39' title='bbox 484 648 712 734; x_wconf 77' lang='grc' dir='ltr'><strong><em>καταγρηστικός</em></strong></span> <span class='ocrx_word' id='word_1_40' title='bbox 733 652 811 718; x_wconf 83' lang='grc' dir='ltr'><strong><em>λοτιν</em></strong></span> <span class='ocrx_word' id='word_1_41' title='bbox 834 647 853 717; x_wconf 90' lang='grc' dir='ltr'><strong><em>ό</em></strong></span> <span class='ocrx_word' id='word_1_42' title='bbox 875 647 984 736; x_wconf 88' lang='grc' dir='ltr'><strong><em>λόγος·Ι</em></strong></span> <span class='ocrx_word' id='word_1_43' title='bbox 1007 646 1105 716; x_wconf 74' lang='grc' dir='ltr'><strong><em>αὐτόν</em></strong></span> <span class='ocrx_word' id='word_1_44' title='bbox 1128 647 1185 736; x_wconf 82' lang='grc' dir='ltr'><strong><em>γδρ</em></strong></span> <span class='ocrx_word' id='word_1_45' title='bbox 1208 647 1302 716; x_wconf 84' lang='grc' dir='ltr'><strong><em>όντακ</em></strong></span> <span class='ocrx_word' id='word_1_46' title='bbox 1326 653 1402 718; x_wconf 83' lang='grc' dir='ltr'><strong><em>οῖιδν</em></strong></span> <span class='ocrx_word' id='word_1_47' title='bbox 1418 658 1469 717; x_wconf 77' lang='grc' dir='ltr'><strong><em>τοῦ</em></strong></span> 
     </span>
     <span class='ocr_line' id='line_1_6' title="bbox 323 748 1471 840; baseline 0.003 -24"><span class='ocrx_word' id='word_1_48' title='bbox 323 749 473 838; x_wconf 77' lang='grc' dir='ltr'><strong><em>Ἅβρσόμ,</em></strong></span> <span class='ocrx_word' id='word_1_49' title='bbox 501 753 554 818; x_wconf 85' lang='grc' dir='ltr'><strong><em>καλ</em></strong></span> <span class='ocrx_word' id='word_1_50' title='bbox 577 758 631 818; x_wconf 83' lang='grc' dir='ltr'><strong><em>τοῦ</em></strong></span> <span class='ocrx_word' id='word_1_51' title='bbox 659 756 766 838; x_wconf 87' lang='grc' dir='ltr'><strong><em>κυρέου</em></strong></span> <span class='ocrx_word' id='word_1_52' title='bbox 791 748 1056 838; x_wconf 83' lang='grc' dir='ltr'><strong><em>ἀπαλλοτριούντος</em></strong></span> <span class='ocrx_word' id='word_1_53' title='bbox 1083 749 1193 829; x_wconf 85' lang='grc' dir='ltr'><strong><em>αύτούς</em></strong></span> <span class='ocrx_word' id='word_1_54' title='bbox 1218 750 1269 818; x_wconf 81' lang='grc' dir='ltr'><strong><em>διό</em></strong></span> <span class='ocrx_word' id='word_1_55' title='bbox 1290 760 1349 819; x_wconf 75' lang='grc' dir='ltr'><strong><em>τοῖν</em></strong></span> <span class='ocrx_word' id='word_1_56' title='bbox 1373 755 1471 840; x_wconf 72' lang='grc' dir='ltr'><strong><em>ἔργον,</em></strong></span> 
     </span>
     <span class='ocr_line' id='line_1_7' title="bbox 326 851 1472 938; baseline 0.002 -16"><span class='ocrx_word' id='word_1_57' title='bbox 326 853 392 938; x_wconf 75' lang='grc' dir='ltr'><strong><em>ούγλ</em></strong></span> <span class='ocrx_word' id='word_1_58' title='bbox 406 851 457 920; x_wconf 86' lang='grc' dir='ltr'><strong><em>διά</em></strong></span> <span class='ocrx_word' id='word_1_59' title='bbox 473 862 527 922; x_wconf 79' lang='grc' dir='ltr'><strong><em>τοῦ</em></strong></span> <span class='ocrx_word' id='word_1_60' title='bbox 544 852 729 938; x_wconf 84' lang='grc' dir='ltr'><strong><em>κλύσματος,</em></strong></span> <span class='ocrx_word' id='word_1_61' title='bbox 750 853 836 938; x_wconf 75' lang='grc' dir='ltr'><strong><em>ἢδιά</em></strong></span> <span class='ocrx_word' id='word_1_62' title='bbox 852 863 906 938; x_wconf 78' lang='grc' dir='ltr'><strong><em>τῆς</em></strong></span> <span class='ocrx_word' id='word_1_63' title='bbox 921 853 1075 938; x_wconf 80' lang='grc' dir='ltr'><strong><em>ποιήσιος.</em></strong></span> <span class='ocrx_word' id='word_1_64' title='bbox 1111 853 1192 938; x_wconf 81' lang='grc' dir='ltr'><strong><em>Ἤδη</em></strong></span> <span class='ocrx_word' id='word_1_65' title='bbox 1209 856 1242 921; x_wconf 74' lang='grc' dir='ltr'><strong><em>δὲ</em></strong></span> <span class='ocrx_word' id='word_1_66' title='bbox 1263 857 1315 922; x_wconf 85' lang='grc' dir='ltr'><strong><em>καλ</em></strong></span> <span class='ocrx_word' id='word_1_67' title='bbox 1336 853 1400 924; x_wconf 78' lang='grc' dir='ltr'><strong><em>ἀνα</em></strong></span> <span class='ocrx_word' id='word_1_68' title='bbox 1415 859 1472 938; x_wconf 79' lang='grc' dir='ltr'><strong><em>διη-</em></strong></span> 
     </span>
     <span class='ocr_line' id='line_1_8' title="bbox 324 950 1472 1046; baseline 0.002 -24"><span class='ocrx_word' id='word_1_69' title='bbox 324 959 480 1044; x_wconf 86' lang='grc' dir='ltr'><strong><em>γησόμεθα</em></strong></span> <span class='ocrx_word' id='word_1_70' title='bbox 501 959 568 1043; x_wconf 77' lang='grc' dir='ltr'><strong><em>περὶ</em></strong></span> <span class='ocrx_word' id='word_1_71' title='bbox 591 956 706 1024; x_wconf 88' lang='grc' dir='ltr'><strong><em>τούτου.</em></strong></span> <span class='ocrx_word' id='word_1_72' title='bbox 762 965 834 1035; x_wconf 79' lang='grc' dir='ltr'><strong><em>Παῖς</em></strong></span> <span class='ocrx_word' id='word_1_73' title='bbox 857 950 915 1024; x_wconf 87' lang='grc' dir='ltr'><strong><em>οάν</em></strong></span> <span class='ocrx_word' id='word_1_74' title='bbox 936 955 970 1024; x_wconf 90' lang='grc' dir='ltr'><strong><em>τό</em></strong></span> <span class='ocrx_word' id='word_1_75' title='bbox 995 959 1084 1042; x_wconf 85' lang='grc' dir='ltr'><strong><em>μέρος</em></strong></span> <span class='ocrx_word' id='word_1_76' title='bbox 1107 963 1161 1022; x_wconf 83' lang='grc' dir='ltr'><strong><em>τοῖι</em></strong></span> <span class='ocrx_word' id='word_1_77' title='bbox 1191 954 1285 1024; x_wconf 84' lang='grc' dir='ltr'><strong><em>αύτοῦ</em></strong></span> <span class='ocrx_word' id='word_1_78' title='bbox 1311 960 1472 1046; x_wconf 76' lang='grc' dir='ltr'><strong><em>σκέμματος</em></strong></span> 
     </span>
     <span class='ocr_line' id='line_1_9' title="bbox 324 1058 1470 1147; baseline 0.001 -21"><span class='ocrx_word' id='word_1_79' title='bbox 324 1063 418 1140; x_wconf 76' lang='grc' dir='ltr'><strong><em>ἔσται,</em></strong></span> <span class='ocrx_word' id='word_1_80' title='bbox 448 1060 519 1125; x_wconf 80' lang='grc' dir='ltr'><strong><em>ποτὲ</em></strong></span> <span class='ocrx_word' id='word_1_81' title='bbox 540 1061 593 1144; x_wconf 79' lang='grc' dir='ltr'><strong><em>μὲν</em></strong></span> <span class='ocrx_word' id='word_1_82' title='bbox 617 1059 769 1146; x_wconf 89' lang='grc' dir='ltr'><strong><em>ἀλλότριον</em></strong></span> <span class='ocrx_word' id='word_1_83' title='bbox 792 1062 842 1128; x_wconf 87' lang='grc' dir='ltr'><strong><em>καλ</em></strong></span> <span class='ocrx_word' id='word_1_84' title='bbox 866 1067 920 1126; x_wconf 86' lang='grc' dir='ltr'><strong><em>τοῦ</em></strong></span> <span class='ocrx_word' id='word_1_85' title='bbox 941 1058 1097 1142; x_wconf 88' lang='grc' dir='ltr'><strong><em>διαβόλου,</em></strong></span> <span class='ocrx_word' id='word_1_86' title='bbox 1125 1060 1197 1125; x_wconf 79' lang='grc' dir='ltr'><strong><em>ποτὲ</em></strong></span> <span class='ocrx_word' id='word_1_87' title='bbox 1218 1061 1251 1125; x_wconf 78' lang='grc' dir='ltr'><strong><em>δλ</em></strong></span> <span class='ocrx_word' id='word_1_88' title='bbox 1271 1062 1361 1147; x_wconf 82' lang='grc' dir='ltr'><strong><em>μέρος</em></strong></span> <span class='ocrx_word' id='word_1_89' title='bbox 1383 1068 1470 1138; x_wconf 79' lang='grc' dir='ltr'><strong><em>θεούς</em></strong></span> 
     </span>
     <span class='ocr_line' id='line_1_10' title="bbox 325 1154 1472 1250; baseline 0 -20"><span class='ocrx_word' id='word_1_90' title='bbox 325 1161 396 1230; x_wconf 82' lang='grc' dir='ltr'><strong><em>ἀλλά</em></strong></span> <span class='ocrx_word' id='word_1_91' title='bbox 421 1169 509 1228; x_wconf 85' lang='grc' dir='ltr'><strong><em>τοῦτο</em></strong></span> <span class='ocrx_word' id='word_1_92' title='bbox 532 1165 748 1248; x_wconf 79' lang='grc' dir='ltr'><strong><em>έγκληματικδς</em></strong></span> <span class='ocrx_word' id='word_1_93' title='bbox 774 1167 924 1250; x_wconf 87' lang='grc' dir='ltr'><strong><em>διηγεῖται.</em></strong></span> <span class='ocrx_word' id='word_1_94' title='bbox 963 1154 1015 1228; x_wconf 78' lang='grc' dir='ltr'><strong><em>Ὧι</em></strong></span> <span class='ocrx_word' id='word_1_95' title='bbox 1037 1159 1094 1247; x_wconf 87' lang='grc' dir='ltr'><strong><em>γάρ</em></strong></span> <span class='ocrx_word' id='word_1_96' title='bbox 1114 1188 1160 1245; x_wconf 82' lang='grc' dir='ltr'><strong><em>τις</em></strong></span> <span class='ocrx_word' id='word_1_97' title='bbox 1182 1161 1286 1230; x_wconf 77' lang='grc' dir='ltr'><strong><em>ἑαυτόν</em></strong></span> <span class='ocrx_word' id='word_1_98' title='bbox 1307 1161 1472 1240; x_wconf 84' lang='grc' dir='ltr'><strong><em>ύκοτάσσει,</em></strong></span> 
     </span>
     <span class='ocr_line' id='line_1_11' title="bbox 323 1263 1474 1351; baseline 0.002 -21"><span class='ocrx_word' id='word_1_99' title='bbox 323 1264 431 1332; x_wconf 89' lang='grc' dir='ltr'><strong><em>τούτου</em></strong></span> <span class='ocrx_word' id='word_1_100' title='bbox 447 1267 579 1341; x_wconf 70' lang='grc' dir='ltr'><strong><em>7δοῦλος</em></strong></span> <span class='ocrx_word' id='word_1_101' title='bbox 596 1265 746 1351; x_wconf 79' lang='grc' dir='ltr'><strong><em>τνγγάνει,</em></strong></span> <span class='ocrx_word' id='word_1_102' title='bbox 767 1264 843 1334; x_wconf 88' lang='grc' dir='ltr'><strong><em>κατά</em></strong></span> <span class='ocrx_word' id='word_1_103' title='bbox 856 1264 911 1348; x_wconf 73' lang='grc' dir='ltr'><strong><em>τόν</em></strong></span> <span class='ocrx_word' id='word_1_104' title='bbox 930 1263 1076 1350; x_wconf 79' lang='grc' dir='ltr'><strong><em>ένδργειύν</em></strong></span> <span class='ocrx_word' id='word_1_105' title='bbox 1097 1290 1127 1330; x_wconf 87' lang='grc' dir='ltr'><strong><em>τε</em></strong></span> <span class='ocrx_word' id='word_1_106' title='bbox 1143 1268 1195 1332; x_wconf 90' lang='grc' dir='ltr'><strong><em>καλ</em></strong></span> <span class='ocrx_word' id='word_1_107' title='bbox 1210 1268 1415 1346; x_wconf 85' lang='grc' dir='ltr'><strong><em>διδασκαλλαν,</em></strong></span> <span class='ocrx_word' id='word_1_108' title='bbox 1436 1263 1474 1341; x_wconf 80' lang='grc' dir='ltr'><strong><em>τός</em></strong></span> 
     </span>
     <span class='ocr_line' id='line_1_12' title="bbox 323 1364 1474 1455; baseline -0.002 -19"><span class='ocrx_word' id='word_1_109' title='bbox 323 1366 406 1436; x_wconf 85' lang='grc' dir='ltr'><strong><em>καλό</em></strong></span> <span class='ocrx_word' id='word_1_110' title='bbox 426 1364 547 1442; x_wconf 81' lang='grc' dir='ltr'><strong><em>Παδλός</em></strong></span> <span class='ocrx_word' id='word_1_111' title='bbox 562 1389 652 1450; x_wconf 80' lang='grc' dir='ltr'><strong><em>φησι,</em></strong></span> <span class='ocrx_word' id='word_1_112' title='bbox 682 1371 724 1434; x_wconf 72' lang='lat' dir='ltr'><strong><em>El</em></strong></span> <span class='ocrx_word' id='word_1_113' title='bbox 738 1367 793 1455; x_wconf 85' lang='grc' dir='ltr'><strong><em>γδρ</em></strong></span> <span class='ocrx_word' id='word_1_114' title='bbox 809 1371 862 1434; x_wconf 85' lang='grc' dir='ltr'><strong><em>καλ</em></strong></span> <span class='ocrx_word' id='word_1_115' title='bbox 877 1365 1005 1445; x_wconf 85' lang='grc' dir='ltr'><strong><em>πολλούς</em></strong></span> <span class='ocrx_word' id='word_1_116' title='bbox 1024 1366 1221 1446; x_wconf 70' lang='grc' dir='ltr'><strong><em>διδασκάλους</em></strong></span> <span class='ocrx_word' id='word_1_117' title='bbox 1238 1371 1329 1452; x_wconf 74' lang='grc' dir='ltr'><strong><em>ἔχετε,</em></strong></span> <span class='ocrx_word' id='word_1_118' title='bbox 1357 1367 1419 1434; x_wconf 86' lang='grc' dir='ltr'><strong><em>ἀλλ’</em></strong></span> <span class='ocrx_word' id='word_1_119' title='bbox 1440 1365 1474 1434; x_wconf 87' lang='grc' dir='ltr'><strong><em>οό</em></strong></span> 
     </span>
     <span class='ocr_line' id='line_1_13' title="bbox 323 1468 1475 1559; baseline 0 -21"><span class='ocrx_word' id='word_1_120' title='bbox 323 1469 451 1546; x_wconf 85' lang='grc' dir='ltr'><strong><em>πολλούς</em></strong></span> <span class='ocrx_word' id='word_1_121' title='bbox 466 1471 606 1554; x_wconf 85' lang='grc' dir='ltr'><strong><em>πατέρας·</em></strong></span> <span class='ocrx_word' id='word_1_122' title='bbox 640 1472 672 1536; x_wconf 80' lang='grc' dir='ltr'><strong><em>έν</em></strong></span> <span class='ocrx_word' id='word_1_123' title='bbox 689 1469 745 1557; x_wconf 88' lang='grc' dir='ltr'><strong><em>γάρ</em></strong></span> <span class='ocrx_word' id='word_1_124' title='bbox 759 1478 877 1559; x_wconf 75' lang='grc' dir='ltr'><strong><em>Χριστῷ</em></strong></span> <span class='ocrx_word' id='word_1_125' title='bbox 891 1469 988 1554; x_wconf 82' lang='grc' dir='ltr'><strong><em>Ἰησοῖι</em></strong></span> <span class='ocrx_word' id='word_1_126' title='bbox 1007 1469 1058 1537; x_wconf 82' lang='grc' dir='ltr'><strong><em>διδ</em></strong></span> <span class='ocrx_word' id='word_1_127' title='bbox 1073 1478 1128 1538; x_wconf 81' lang='grc' dir='ltr'><strong><em>τοῦ</em></strong></span> <span class='ocrx_word' id='word_1_128' title='bbox 1143 1471 1312 1558; x_wconf 69' lang='grc' dir='ltr'><strong><em>εὐαγγελίου</em></strong></span> <span class='ocrx_word' id='word_1_129' title='bbox 1327 1470 1386 1557; x_wconf 81' lang='grc' dir='ltr'><strong><em>έγοδ</em></strong></span> <span class='ocrx_word' id='word_1_130' title='bbox 1402 1468 1475 1554; x_wconf 74' lang='grc' dir='ltr'><strong><em>ἀμᾶς</em></strong></span> 
     </span>
     <span class='ocr_line' id='line_1_14' title="bbox 324 1570 1475 1662; baseline -0.002 -22"><span class='ocrx_word' id='word_1_131' title='bbox 324 1575 473 1661; x_wconf 81' lang='grc' dir='ltr'><strong><em>ἐγέννησα.</em></strong></span> <span class='ocrx_word' id='word_1_132' title='bbox 519 1575 579 1642; x_wconf 70' lang='grc' dir='ltr'><strong><em>Καὶ</em></strong></span> <span class='ocrx_word' id='word_1_133' title='bbox 593 1570 670 1662; x_wconf 78' lang='grc' dir='ltr'><strong><em>δρᾷς</em></strong></span> <span class='ocrx_word' id='word_1_134' title='bbox 687 1573 733 1640; x_wconf 85' lang='grc' dir='ltr'><strong><em>ότι</em></strong></span> <span class='ocrx_word' id='word_1_135' title='bbox 747 1574 801 1656; x_wconf 75' lang='grc' dir='ltr'><strong><em>τὴν</em></strong></span> <span class='ocrx_word' id='word_1_136' title='bbox 815 1577 1005 1640; x_wconf 79' lang='grc' dir='ltr'><strong><em>διδασκαλίαν</em></strong></span> <span class='ocrx_word' id='word_1_137' title='bbox 1019 1575 1109 1660; x_wconf 79' lang='grc' dir='ltr'><strong><em>λέγει,Ι</em></strong></span> <span class='ocrx_word' id='word_1_138' title='bbox 1140 1576 1201 1639; x_wconf 73' lang='lat' dir='ltr'><strong><em>Kal</em></strong></span> <span class='ocrx_word' id='word_1_139' title='bbox 1219 1575 1313 1658; x_wconf 75' lang='grc' dir='ltr'><strong><em>εἰμέν</em></strong></span> <span class='ocrx_word' id='word_1_140' title='bbox 1329 1571 1347 1640; x_wconf 87' lang='grc' dir='ltr'><strong><em>ό</em></strong></span> <span class='ocrx_word' id='word_1_141' title='bbox 1365 1573 1475 1656; x_wconf 73' lang='grc' dir='ltr'><strong><em>Μάνης</em></strong></span> 
     </span>
     <span class='ocr_line' id='line_1_15' title="bbox 324 1672 1475 1764; baseline 0 -20"><span class='ocrx_word' id='word_1_142' title='bbox 324 1679 435 1760; x_wconf 73' lang='grc' dir='ltr'><strong><em>ἐδέχετο</em></strong></span> <span class='ocrx_word' id='word_1_143' title='bbox 449 1673 502 1743; x_wconf 92' lang='grc' dir='ltr'><strong><em>τόν</em></strong></span> <span class='ocrx_word' id='word_1_144' title='bbox 518 1673 667 1762; x_wconf 78' lang='grc' dir='ltr'><strong><em>Ἅβραάμ,</em></strong></span> <span class='ocrx_word' id='word_1_145' title='bbox 690 1679 824 1763; x_wconf 69' lang='grc' dir='ltr'><strong><em>ἐλέγομεν</em></strong></span> <span class='ocrx_word' id='word_1_146' title='bbox 838 1675 876 1742; x_wconf 85' lang='grc' dir='ltr'><strong><em>ἀν</em></strong></span> <span class='ocrx_word' id='word_1_147' title='bbox 891 1675 942 1742; x_wconf 90' lang='grc' dir='ltr'><strong><em>τόν</em></strong></span> <span class='ocrx_word' id='word_1_148' title='bbox 957 1677 1010 1759; x_wconf 75' lang='grc' dir='ltr'><strong><em>μὲν</em></strong></span> <span class='ocrx_word' id='word_1_149' title='bbox 1023 1672 1155 1764; x_wconf 71' lang='grc' dir='ltr'><strong><em>Ἀβροάμ</em></strong></span> <span class='ocrx_word' id='word_1_150' title='bbox 1171 1685 1224 1744; x_wconf 84' lang='grc' dir='ltr'><strong><em>τοῦ</em></strong></span> <span class='ocrx_word' id='word_1_151' title='bbox 1240 1683 1316 1744; x_wconf 79' lang='grc' dir='ltr'><strong><em>θεοῦ</em></strong></span> <span class='ocrx_word' id='word_1_152' title='bbox 1337 1684 1394 1744; x_wconf 79' lang='grc' dir='ltr'><strong><em>τοῦ</em></strong></span> <span class='ocrx_word' id='word_1_153' title='bbox 1415 1703 1475 1758; x_wconf 82' lang='grc' dir='ltr'><strong><em>φιτ-</em></strong></span> 
     </span>
     <span class='ocr_line' id='line_1_16' title="bbox 322 1776 1476 1866; baseline 0 -20"><span class='ocrx_word' id='word_1_154' title='bbox 322 1777 389 1859; x_wconf 88' lang='grc' dir='ltr'><strong><em>τδς,</em></strong></span> <span class='ocrx_word' id='word_1_155' title='bbox 411 1777 483 1856; x_wconf 86' lang='grc' dir='ltr'><strong><em>τούς</em></strong></span> <span class='ocrx_word' id='word_1_156' title='bbox 496 1779 529 1844; x_wconf 76' lang='grc' dir='ltr'><strong><em>δὲ</em></strong></span> <span class='ocrx_word' id='word_1_157' title='bbox 547 1776 597 1844; x_wconf 85' lang='grc' dir='ltr'><strong><em>ἀπ’</em></strong></span> <span class='ocrx_word' id='word_1_158' title='bbox 613 1777 708 1846; x_wconf 83' lang='grc' dir='ltr'><strong><em>αύτοῖι</em></strong></span> <span class='ocrx_word' id='word_1_159' title='bbox 725 1782 953 1866; x_wconf 75' lang='grc' dir='ltr'><strong><em>γεγεννημένους</em></strong></span> <span class='ocrx_word' id='word_1_160' title='bbox 968 1777 1066 1845; x_wconf 86' lang='grc' dir='ltr'><strong><em>ἀλλον.</em></strong></span> <span class='ocrx_word' id='word_1_161' title='bbox 1108 1776 1147 1844; x_wconf 85' lang='lat' dir='ltr'><strong><em>‘H</em></strong></span> <span class='ocrx_word' id='word_1_162' title='bbox 1158 1781 1191 1846; x_wconf 77' lang='grc' dir='ltr'><strong><em>δέ</em></strong></span> <span class='ocrx_word' id='word_1_163' title='bbox 1208 1777 1353 1856; x_wconf 79' lang='grc' dir='ltr'><strong><em>ἀπόθεσις</em></strong></span> <span class='ocrx_word' id='word_1_164' title='bbox 1373 1787 1476 1846; x_wconf 81' lang='grc' dir='ltr'><strong><em>τοῦτον</em></strong></span> 
     </span>
     <span class='ocr_line' id='line_1_17' title="bbox 322 1881 1476 1968; baseline 0 -20"><span class='ocrx_word' id='word_1_165' title='bbox 322 1885 378 1966; x_wconf 77' lang='grc' dir='ltr'><strong><em>ἔχει</em></strong></span> <span class='ocrx_word' id='word_1_166' title='bbox 402 1882 454 1949; x_wconf 88' lang='grc' dir='ltr'><strong><em>τόν</em></strong></span> <span class='ocrx_word' id='word_1_167' title='bbox 474 1881 595 1968; x_wconf 78' lang='grc' dir='ltr'><strong><em>τρόπον.</em></strong></span> <span class='ocrx_word' id='word_1_168' title='bbox 633 1881 813 1964; x_wconf 83' lang='grc' dir='ltr'><strong><em>Ἐμιμοῦντο</em></strong></span> <span class='ocrx_word' id='word_1_169' title='bbox 838 1881 891 1950; x_wconf 88' lang='grc' dir='ltr'><strong><em>τόν</em></strong></span> <span class='ocrx_word' id='word_1_170' title='bbox 915 1883 1026 1964; x_wconf 86' lang='grc' dir='ltr'><strong><em>φονέα,</em></strong></span> <span class='ocrx_word' id='word_1_171' title='bbox 1055 1884 1213 1966; x_wconf 82' lang='grc' dir='ltr'><strong><em>έμιμσιῖντο</em></strong></span> <span class='ocrx_word' id='word_1_172' title='bbox 1236 1881 1290 1967; x_wconf 75' lang='grc' dir='ltr'><strong><em>τήν</em></strong></span> <span class='ocrx_word' id='word_1_173' title='bbox 1314 1882 1476 1968; x_wconf 76' lang='grc' dir='ltr'><strong><em>παράδοσιν</em></strong></span> 
     </span>
     <span class='ocr_line' id='line_1_18' title="bbox 322 1982 1476 2072; baseline 0 -22"><span class='ocrx_word' id='word_1_174' title='bbox 322 1992 375 2050; x_wconf 81' lang='grc' dir='ltr'><strong><em>τοῦ</em></strong></span> <span class='ocrx_word' id='word_1_175' title='bbox 394 1982 506 2064; x_wconf 87' lang='grc' dir='ltr'><strong><em>Ἰούδα,</em></strong></span> <span class='ocrx_word' id='word_1_176' title='bbox 536 1985 724 2062; x_wconf 75' lang='grc' dir='ltr'><strong><em>κατεδέξαντο</em></strong></span> <span class='ocrx_word' id='word_1_177' title='bbox 748 1984 802 2070; x_wconf 73' lang='grc' dir='ltr'><strong><em>τὴν</em></strong></span> <span class='ocrx_word' id='word_1_178' title='bbox 824 1983 966 2069; x_wconf 74' lang='grc' dir='ltr'><strong><em>διαβολὴν</em></strong></span> <span class='ocrx_word' id='word_1_179' title='bbox 983 1992 1037 2052; x_wconf 87' lang='grc' dir='ltr'><strong><em>τοῦ</em></strong></span> <span class='ocrx_word' id='word_1_180' title='bbox 1061 1983 1228 2070; x_wconf 82' lang='grc' dir='ltr'><strong><em>προδότου,</em></strong></span> <span class='ocrx_word' id='word_1_181' title='bbox 1259 1987 1320 2052; x_wconf 87' lang='grc' dir='ltr'><strong><em>υῖολ</em></strong></span> <span class='ocrx_word' id='word_1_182' title='bbox 1341 1984 1476 2072; x_wconf 66' lang='grc' dir='ltr'><strong><em>γεγόκσι</em></strong></span> 
     </span>
     <span class='ocr_line' id='line_1_19' title="bbox 322 2085 1475 2174; baseline 0.001 -22"><span class='ocrx_word' id='word_1_183' title='bbox 322 2095 375 2170; x_wconf 80' lang='grc' dir='ltr'><strong><em>τῆς</em></strong></span> <span class='ocrx_word' id='word_1_184' title='bbox 390 2085 481 2154; x_wconf 82' lang='grc' dir='ltr'><strong><em>αύτοιῖ</em></strong></span> <span class='ocrx_word' id='word_1_185' title='bbox 497 2089 737 2170; x_wconf 85' lang='grc' dir='ltr'><strong><em>έπαρνησιθιλας·</em></strong></span> <span class='ocrx_word' id='word_1_186' title='bbox 760 2087 851 2164; x_wconf 87' lang='grc' dir='ltr'><strong><em>αύτδς</em></strong></span> <span class='ocrx_word' id='word_1_187' title='bbox 867 2087 999 2172; x_wconf 78' lang='grc' dir='ltr'><strong><em>ψεύστης</em></strong></span> <span class='ocrx_word' id='word_1_188' title='bbox 1015 2089 1136 2172; x_wconf 80' lang='grc' dir='ltr'><strong><em>ἐγένετο,</em></strong></span> <span class='ocrx_word' id='word_1_189' title='bbox 1151 2085 1184 2154; x_wconf 86' lang='grc' dir='ltr'><strong><em>τό</em></strong></span> <span class='ocrx_word' id='word_1_190' title='bbox 1202 2086 1413 2174; x_wconf 75' lang='grc' dir='ltr'><strong><em>γλωσσόκομον</em></strong></span> <span class='ocrx_word' id='word_1_191' title='bbox 1427 2114 1475 2153; x_wconf 83' lang='grc' dir='ltr'><strong><em>τα·</em></strong></span> 
     </span>
     <span class='ocr_line' id='line_1_20' title="bbox 322 2186 1474 2280; baseline 0.002 -26"><span class='ocrx_word' id='word_1_192' title='bbox 322 2193 426 2274; x_wconf 73' lang='grc' dir='ltr'><strong><em>τύχον,</em></strong></span> <span class='ocrx_word' id='word_1_193' title='bbox 448 2192 499 2255; x_wconf 86' lang='grc' dir='ltr'><strong><em>καλ</em></strong></span> <span class='ocrx_word' id='word_1_194' title='bbox 515 2191 659 2270; x_wconf 84' lang='grc' dir='ltr'><strong><em>κλέπτων,</em></strong></span> <span class='ocrx_word' id='word_1_195' title='bbox 682 2193 733 2256; x_wconf 88' lang='grc' dir='ltr'><strong><em>καλ</em></strong></span> <span class='ocrx_word' id='word_1_196' title='bbox 750 2193 842 2276; x_wconf 83' lang='grc' dir='ltr'><strong><em>λέγων</em></strong></span> <span class='ocrx_word' id='word_1_197' title='bbox 858 2187 953 2280; x_wconf 76' lang='grc' dir='ltr'><strong><em>αύτῷ,</em></strong></span> <span class='ocrx_word' id='word_1_198' title='bbox 984 2196 1080 2274; x_wconf 82' lang='grc' dir='ltr'><strong><em>Χαῖρε</em></strong></span> <span class='ocrx_word' id='word_1_199' title='bbox 1094 2186 1191 2274; x_wconf 86' lang='grc' dir='ltr'><strong><em>Ῥαβλ,</em></strong></span> <span class='ocrx_word' id='word_1_200' title='bbox 1213 2193 1264 2256; x_wconf 86' lang='grc' dir='ltr'><strong><em>καλ</em></strong></span> <span class='ocrx_word' id='word_1_201' title='bbox 1280 2188 1474 2276; x_wconf 74' lang='grc' dir='ltr'><strong><em>ἐλεγχόμενος,</em></strong></span> 
     </span>
     <span class='ocr_line' id='line_1_21' title="bbox 322 2284 1476 2383; baseline -0.001 -24"><span class='ocrx_word' id='word_1_202' title='bbox 322 2295 374 2374; x_wconf 81' lang='grc' dir='ltr'><strong><em>καλ</em></strong></span> <span class='ocrx_word' id='word_1_203' title='bbox 395 2289 530 2372; x_wconf 84' lang='grc' dir='ltr'><strong><em>ἀκούων,</em></strong></span> <span class='ocrx_word' id='word_1_204' title='bbox 558 2290 686 2380; x_wconf 88' lang='grc' dir='ltr'><strong><em>Ἑταῖρε,</em></strong></span> <span class='ocrx_word' id='word_1_205' title='bbox 710 2291 756 2374; x_wconf 77' lang='grc' dir='ltr'><strong><em>ἐφ’</em></strong></span> <span class='ocrx_word' id='word_1_206' title='bbox 774 2284 799 2383; x_wconf 78' lang='grc' dir='ltr'><em>ᾦ</em></span> <span class='ocrx_word' id='word_1_207' title='bbox 815 2291 917 2379; x_wconf 76' lang='grc' dir='ltr'><strong><em>κύρεις</em></strong></span> <span class='ocrx_word' id='word_1_208' title='bbox 950 2285 1047 2369; x_wconf 83' lang='grc' dir='ltr'><strong><em>Οδτος</em></strong></span> <span class='ocrx_word' id='word_1_209' title='bbox 1070 2289 1224 2370; x_wconf 87' lang='grc' dir='ltr'><strong><em>όἸούδας</em></strong></span> <span class='ocrx_word' id='word_1_210' title='bbox 1244 2291 1409 2378; x_wconf 75' lang='grc' dir='ltr'><strong><em>ἐμιμήσατο</em></strong></span> <span class='ocrx_word' id='word_1_211' title='bbox 1430 2291 1476 2360; x_wconf 88' lang='grc' dir='ltr'><strong><em>τόν</em></strong></span> 
     </span>
     <span class='ocr_line' id='line_1_22' title="bbox 323 2393 1476 2482; baseline -0.002 -18"><span class='ocrx_word' id='word_1_212' title='bbox 323 2395 418 2475; x_wconf 82' lang='grc' dir='ltr'><strong><em>Κάῖν,</em></strong></span> <span class='ocrx_word' id='word_1_213' title='bbox 441 2393 543 2480; x_wconf 75' lang='grc' dir='ltr'><strong><em>ἐπειδὴ</em></strong></span> <span class='ocrx_word' id='word_1_214' title='bbox 563 2394 819 2482; x_wconf 74' lang='grc' dir='ltr'><strong><em>ἀνθρωποκτόνος</em></strong></span> <span class='ocrx_word' id='word_1_215' title='bbox 834 2398 965 2482; x_wconf 83' lang='grc' dir='ltr'><strong><em>έγένετο,</em></strong></span> <span class='ocrx_word' id='word_1_216' title='bbox 985 2394 1172 2478; x_wconf 82' lang='grc' dir='ltr'><strong><em>ψευδόμενος</em></strong></span> <span class='ocrx_word' id='word_1_217' title='bbox 1193 2398 1326 2462; x_wconf 82' lang='grc' dir='ltr'><strong><em>λναντλον</em></strong></span> <span class='ocrx_word' id='word_1_218' title='bbox 1348 2403 1406 2463; x_wconf 82' lang='grc' dir='ltr'><strong><em>τοῦ</em></strong></span> <span class='ocrx_word' id='word_1_219' title='bbox 1427 2423 1476 2462; x_wconf 81' lang='grc' dir='ltr'><strong><em>κν·</em></strong></span> 
     </span>
     <span class='ocr_line' id='line_1_23' title="bbox 322 2496 1477 2584; baseline -0.002 -18"><span class='ocrx_word' id='word_1_220' title='bbox 322 2504 399 2584; x_wconf 86' lang='grc' dir='ltr'><strong><em>ρλου,</em></strong></span> <span class='ocrx_word' id='word_1_221' title='bbox 414 2500 466 2565; x_wconf 84' lang='grc' dir='ltr'><strong><em>καλ</em></strong></span> <span class='ocrx_word' id='word_1_222' title='bbox 478 2501 580 2584; x_wconf 84' lang='grc' dir='ltr'><strong><em>λέγων,</em></strong></span> <span class='ocrx_word' id='word_1_223' title='bbox 603 2497 661 2584; x_wconf 79' lang='grc' dir='ltr'><strong><em>Μὴ</em></strong></span> <span class='ocrx_word' id='word_1_224' title='bbox 679 2497 775 2580; x_wconf 80' lang='grc' dir='ltr'><strong><em>φύλαξ</em></strong></span> <span class='ocrx_word' id='word_1_225' title='bbox 787 2501 847 2582; x_wconf 84' lang='grc' dir='ltr'><strong><em>ελμλ</em></strong></span> <span class='ocrx_word' id='word_1_226' title='bbox 861 2506 915 2566; x_wconf 84' lang='grc' dir='ltr'><strong><em>τοῦ</em></strong></span> <span class='ocrx_word' id='word_1_227' title='bbox 929 2497 1060 2580; x_wconf 84' lang='grc' dir='ltr'><strong><em>ἀδελφοῦ</em></strong></span> <span class='ocrx_word' id='word_1_228' title='bbox 1077 2523 1151 2582; x_wconf 82' lang='grc' dir='ltr'><strong><em>μους</em></strong></span> <span class='ocrx_word' id='word_1_229' title='bbox 1173 2497 1230 2564; x_wconf 90' lang='grc' dir='ltr'><strong><em>ούκ</em></strong></span> <span class='ocrx_word' id='word_1_230' title='bbox 1244 2496 1314 2567; x_wconf 76' lang='grc' dir='ltr'><strong><em>οῖδα</em></strong></span> <span class='ocrx_word' id='word_1_231' title='bbox 1330 2506 1393 2566; x_wconf 82' lang='grc' dir='ltr'><strong><em>ποῦ</em></strong></span> <span class='ocrx_word' id='word_1_232' title='bbox 1410 2502 1477 2566; x_wconf 80' lang='grc' dir='ltr'><strong><em>έοιι.</em></strong></span> 
     </span>
     <span class='ocr_line' id='line_1_24' title="bbox 323 2599 1478 2688; baseline 0.001 -20"><span class='ocrx_word' id='word_1_233' title='bbox 323 2605 384 2668; x_wconf 69' lang='lat' dir='ltr'><strong>m</strong></span> <span class='ocrx_word' id='word_1_234' title='bbox 411 2599 525 2678; x_wconf 69' lang='grc' dir='ltr'><strong><em>εἀιίτός</em></strong></span> <span class='ocrx_word' id='word_1_235' title='bbox 540 2600 614 2668; x_wconf 85' lang='grc' dir='ltr'><strong><em>κατό</em></strong></span> <span class='ocrx_word' id='word_1_236' title='bbox 634 2607 756 2685; x_wconf 78' lang='grc' dir='ltr'><strong><em>μίμησιν</em></strong></span> <span class='ocrx_word' id='word_1_237' title='bbox 772 2601 839 2678; x_wconf 85' lang='grc' dir='ltr'><strong><em>υλός</em></strong></span> <span class='ocrx_word' id='word_1_238' title='bbox 852 2603 1018 2688; x_wconf 78' lang='grc' dir='ltr'><strong><em>γεγένηται,</em></strong></span> <span class='ocrx_word' id='word_1_239' title='bbox 1040 2603 1092 2668; x_wconf 83' lang='grc' dir='ltr'><strong><em>καλ</em></strong></span> <span class='ocrx_word' id='word_1_240' title='bbox 1111 2600 1210 2668; x_wconf 65' lang='grc' dir='ltr'><strong><em>9κατό</em></strong></span> <span class='ocrx_word' id='word_1_241' title='bbox 1225 2605 1358 2688; x_wconf 82' lang='grc' dir='ltr'><strong><em>θεαρλαν</em></strong></span> <span class='ocrx_word' id='word_1_242' title='bbox 1374 2608 1430 2686; x_wconf 79' lang='grc' dir='ltr'><strong><em>τῆς</em></strong></span> <span class='ocrx_word' id='word_1_243' title='bbox 1449 2604 1478 2668; x_wconf 73' lang='grc' dir='ltr'><strong><em>λα</em></strong></span> 
     </span>
     <span class='ocr_line' id='line_1_25' title="bbox 321 2701 1476 2793; baseline 0.001 -23"><span class='ocrx_word' id='word_1_244' title='bbox 321 2711 362 2793; x_wconf 83' lang='grc' dir='ltr'><strong><em>τηῖ</em></strong></span> <span class='ocrx_word' id='word_1_245' title='bbox 377 2703 446 2786; x_wconf 84' lang='grc' dir='ltr'><strong><em>όφει</em></strong></span> <span class='ocrx_word' id='word_1_246' title='bbox 459 2703 623 2788; x_wconf 84' lang='grc' dir='ltr'><strong><em>λαλησάσης</em></strong></span> <span class='ocrx_word' id='word_1_247' title='bbox 636 2702 829 2790; x_wconf 77' lang='grc' dir='ltr'><strong><em>ψευδηγύρου</em></strong></span> <span class='ocrx_word' id='word_1_248' title='bbox 842 2711 948 2788; x_wconf 81' lang='grc' dir='ltr'><strong><em>φωνῆς</em></strong></span> <span class='ocrx_word' id='word_1_249' title='bbox 962 2711 1016 2786; x_wconf 78' lang='grc' dir='ltr'><strong><em>τῆς</em></strong></span> <span class='ocrx_word' id='word_1_250' title='bbox 1030 2703 1182 2790; x_wconf 87' lang='grc' dir='ltr'><strong><em>λεγούσης,</em></strong></span> <span class='ocrx_word' id='word_1_251' title='bbox 1197 2701 1325 2770; x_wconf 80' lang='grc' dir='ltr'><strong><em>Ἒσεοθε</em></strong></span> <span class='ocrx_word' id='word_1_252' title='bbox 1339 2701 1383 2780; x_wconf 77' lang='grc' dir='ltr'><strong><em>σός</em></strong></span> <span class='ocrx_word' id='word_1_253' title='bbox 1400 2705 1476 2780; x_wconf 81' lang='grc' dir='ltr'><strong><em>θεολ,</em></strong></span> 
     </span>
     <span class='ocr_line' id='line_1_26' title="bbox 321 2804 1477 2898; baseline 0.002 -26"><span class='ocrx_word' id='word_1_254' title='bbox 321 2804 513 2892; x_wconf 85' lang='grc' dir='ltr'><strong><em>γινύσκοντες</em></strong></span> <span class='ocrx_word' id='word_1_255' title='bbox 528 2806 618 2874; x_wconf 89' lang='grc' dir='ltr'><strong><em>καλόν</em></strong></span> <span class='ocrx_word' id='word_1_256' title='bbox 633 2809 686 2872; x_wconf 82' lang='grc' dir='ltr'><strong><em>καλ</em></strong></span> <span class='ocrx_word' id='word_1_257' title='bbox 701 2805 843 2891; x_wconf 88' lang='grc' dir='ltr'><strong><em>πονηρόν.</em></strong></span> <span class='ocrx_word' id='word_1_258' title='bbox 891 2808 1029 2873; x_wconf 84' lang='grc' dir='ltr'><strong><em>Τουτέστι</em></strong></span> <span class='ocrx_word' id='word_1_259' title='bbox 1050 2804 1084 2870; x_wconf 90' lang='grc' dir='ltr'><strong><em>τό</em></strong></span> <span class='ocrx_word' id='word_1_260' title='bbox 1107 2809 1139 2872; x_wconf 88' lang='grc' dir='ltr'><strong><em>έν</em></strong></span> <span class='ocrx_word' id='word_1_261' title='bbox 1156 2815 1198 2894; x_wconf 75' lang='grc' dir='ltr'><strong><em>τῷ</em></strong></span> <span class='ocrx_word' id='word_1_262' title='bbox 1217 2807 1376 2898; x_wconf 75' lang='grc' dir='ltr'><strong><em>εάαγγελλιμ</em></strong></span> <span class='ocrx_word' id='word_1_263' title='bbox 1399 2809 1477 2896; x_wconf 72' lang='grc' dir='ltr'><strong><em>καρά</em></strong></span> 
     </span>
     <span class='ocr_line' id='line_1_27' title="bbox 321 2907 1477 2997; baseline 0.003 -23"><span class='ocrx_word' id='word_1_264' title='bbox 321 2916 375 2974; x_wconf 85' lang='grc' dir='ltr'><strong><em>τοῦ</em></strong></span> <span class='ocrx_word' id='word_1_265' title='bbox 400 2916 532 2994; x_wconf 81' lang='grc' dir='ltr'><strong><em>σωτῆρος</em></strong></span> <span class='ocrx_word' id='word_1_266' title='bbox 553 2912 721 2993; x_wconf 80' lang='grc' dir='ltr'><strong><em>εἰρημένον,</em></strong></span> <span class='ocrx_word' id='word_1_267' title='bbox 750 2907 848 2992; x_wconf 77' lang='grc' dir='ltr'><strong><em>Ὑμεῖς</em></strong></span> <span class='ocrx_word' id='word_1_268' title='bbox 868 2913 929 2974; x_wconf 85' lang='grc' dir='ltr'><strong><em>υλολ</em></strong></span> <span class='ocrx_word' id='word_1_269' title='bbox 945 2911 1008 2975; x_wconf 85' lang='grc' dir='ltr'><strong><em>έστε</em></strong></span> <span class='ocrx_word' id='word_1_270' title='bbox 1029 2917 1084 2976; x_wconf 85' lang='grc' dir='ltr'><strong><em>τοῦ</em></strong></span> <span class='ocrx_word' id='word_1_271' title='bbox 1102 2910 1254 2992; x_wconf 85' lang='grc' dir='ltr'><strong><em>διαβόλου.</em></strong></span> <span class='ocrx_word' id='word_1_272' title='bbox 1297 2913 1391 2996; x_wconf 87' lang='grc' dir='ltr'><strong><em>Λέγει</em></strong></span> <span class='ocrx_word' id='word_1_273' title='bbox 1413 2910 1477 2997; x_wconf 88' lang='grc' dir='ltr'><strong><em>γάρ,</em></strong></span> 
     </span>
     <span class='ocr_line' id='line_1_28' title="bbox 323 3006 1477 3094; baseline 0.002 -18"><span class='ocrx_word' id='word_1_274' title='bbox 323 3009 400 3094; x_wconf 81' lang='grc' dir='ltr'><strong><em>Ούχλ</em></strong></span> <span class='ocrx_word' id='word_1_275' title='bbox 420 3010 536 3078; x_wconf 83' lang='grc' dir='ltr'><strong><em>δυόδεκα</em></strong></span> <span class='ocrx_word' id='word_1_276' title='bbox 557 3008 638 3094; x_wconf 86' lang='grc' dir='ltr'><strong><em>ύμάς</em></strong></span> <span class='ocrx_word' id='word_1_277' title='bbox 653 3009 841 3094; x_wconf 77' lang='grc' dir='ltr'><strong><em>έξελιξάμηνς</em></strong></span> <span class='ocrx_word' id='word_1_278' title='bbox 871 3006 913 3088; x_wconf 72' lang='grc' dir='ltr'><strong><em>εἷς</em></strong></span> <span class='ocrx_word' id='word_1_279' title='bbox 932 3014 962 3090; x_wconf 82' lang='grc' dir='ltr'><strong><em>ἐξ</em></strong></span> <span class='ocrx_word' id='word_1_280' title='bbox 979 3008 1063 3094; x_wconf 80' lang='grc' dir='ltr'><strong><em>ύμοῖν</em></strong></span> <span class='ocrx_word' id='word_1_281' title='bbox 1083 3014 1143 3078; x_wconf 78' lang='grc' dir='ltr'><strong><em>ἐστι</em></strong></span> <span class='ocrx_word' id='word_1_282' title='bbox 1167 3007 1314 3094; x_wconf 89' lang='grc' dir='ltr'><strong><em>διόβολος.</em></strong></span> <span class='ocrx_word' id='word_1_283' title='bbox 1353 3009 1477 3094; x_wconf 67' lang='grc' dir='ltr'><strong><em>Ἐπειδά</em></strong></span> 
     </span>
     <span class='ocr_line' id='line_1_29' title="bbox 320 3109 1477 3200; baseline 0.003 -20"><span class='ocrx_word' id='word_1_284' title='bbox 320 3109 455 3199; x_wconf 78' lang='grc' dir='ltr'><strong><em>ἀπαρχῆς</em></strong></span> <span class='ocrx_word' id='word_1_285' title='bbox 473 3113 605 3198; x_wconf 81' lang='grc' dir='ltr'><strong><em>ψεύστης</em></strong></span> <span class='ocrx_word' id='word_1_286' title='bbox 620 3117 696 3194; x_wconf 78' lang='grc' dir='ltr'><strong><em>ἐστὶ,</em></strong></span> <span class='ocrx_word' id='word_1_287' title='bbox 718 3116 769 3180; x_wconf 87' lang='grc' dir='ltr'><strong><em>καλ</em></strong></span> <span class='ocrx_word' id='word_1_288' title='bbox 786 3113 1058 3198; x_wconf 73' lang='grc' dir='ltr'><strong><em>ἀνθρωποκτόνος,</em></strong></span> <span class='ocrx_word' id='word_1_289' title='bbox 1081 3113 1126 3180; x_wconf 85' lang='grc' dir='ltr'><strong><em>ότι</em></strong></span> <span class='ocrx_word' id='word_1_290' title='bbox 1140 3111 1159 3180; x_wconf 92' lang='grc' dir='ltr'><strong><em>ό</em></strong></span> <span class='ocrx_word' id='word_1_291' title='bbox 1175 3113 1271 3200; x_wconf 73' lang='grc' dir='ltr'><strong><em>πατὴρ</em></strong></span> <span class='ocrx_word' id='word_1_292' title='bbox 1294 3113 1389 3182; x_wconf 80' lang='grc' dir='ltr'><strong><em>αύτοῦ</em></strong></span> <span class='ocrx_word' id='word_1_293' title='bbox 1406 3115 1477 3196; x_wconf 81' lang='grc' dir='ltr'><strong><em>ιβεύ-</em></strong></span> 
     </span>
     <span class='ocr_line' id='line_1_30' title="bbox 320 3209 1477 3304; baseline 0.003 -22"><span class='ocrx_word' id='word_1_294' title='bbox 320 3237 392 3299; x_wconf 89' lang='grc' dir='ltr'><strong><em>στης</em></strong></span> <span class='ocrx_word' id='word_1_295' title='bbox 405 3209 451 3300; x_wconf 81' lang='grc' dir='ltr'><strong><em>ἦν.</em></strong></span> <span class='ocrx_word' id='word_1_296' title='bbox 497 3218 558 3281; x_wconf 70' lang='lat' dir='ltr'><strong><em>Kal</em></strong></span> <span class='ocrx_word' id='word_1_297' title='bbox 573 3220 687 3284; x_wconf 78' lang='grc' dir='ltr'><strong><em>λέλυται</em></strong></span> <span class='ocrx_word' id='word_1_298' title='bbox 703 3216 724 3299; x_wconf 76' lang='grc' dir='ltr'><strong><em>η’</em></strong></span> <span class='ocrx_word' id='word_1_299' title='bbox 740 3215 849 3283; x_wconf 88' lang='grc' dir='ltr'><strong><em>τούτου</em></strong></span> <span class='ocrx_word' id='word_1_300' title='bbox 865 3215 989 3300; x_wconf 74' lang='grc' dir='ltr'><strong><em>ζήτησις.</em></strong></span> <span class='ocrx_word' id='word_1_301' title='bbox 1027 3214 1074 3282; x_wconf 87' lang='grc' dir='ltr'><strong><em>Οό</em></strong></span> <span class='ocrx_word' id='word_1_302' title='bbox 1091 3215 1147 3304; x_wconf 86' lang='grc' dir='ltr'><strong><em>γάρ</em></strong></span> <span class='ocrx_word' id='word_1_303' title='bbox 1164 3225 1217 3284; x_wconf 78' lang='grc' dir='ltr'><strong><em>τοῦ</em></strong></span> <span class='ocrx_word' id='word_1_304' title='bbox 1233 3215 1380 3300; x_wconf 78' lang='grc' dir='ltr'><strong><em>διαβόλου</em></strong></span> <span class='ocrx_word' id='word_1_305' title='bbox 1402 3211 1477 3303; x_wconf 78' lang='grc' dir='ltr'><strong><em>ἦσαν</em></strong></span> 
     </span>
     <span class='ocr_line' id='line_1_31' title="bbox 319 3316 1478 3406; baseline 0.003 -22"><span class='ocrx_word' id='word_1_306' title='bbox 319 3320 407 3384; x_wconf 84' lang='grc' dir='ltr'><strong><em>τέκνα</em></strong></span> <span class='ocrx_word' id='word_1_307' title='bbox 420 3322 453 3386; x_wconf 87' lang='grc' dir='ltr'><strong><em>οῖ</em></strong></span> <span class='ocrx_word' id='word_1_308' title='bbox 463 3319 619 3397; x_wconf 85' lang='grc' dir='ltr'><strong><em>Ἰουδαῖοι,</em></strong></span> <span class='ocrx_word' id='word_1_309' title='bbox 641 3318 683 3402; x_wconf 80' lang='grc' dir='ltr'><em>μή</em></span> <span class='ocrx_word' id='word_1_310' title='bbox 701 3321 822 3405; x_wconf 80' lang='grc' dir='ltr'><strong><em>γένοιτο.</em></strong></span> <span class='ocrx_word' id='word_1_311' title='bbox 852 3321 942 3405; x_wconf 77' lang='grc' dir='ltr'><strong><em>Λέγει</em></strong></span> <span class='ocrx_word' id='word_1_312' title='bbox 956 3317 1011 3405; x_wconf 83' lang='grc' dir='ltr'><strong><em>γάρ</em></strong></span> <span class='ocrx_word' id='word_1_313' title='bbox 1027 3316 1047 3402; x_wconf 76' lang='grc' dir='ltr'><strong><em>ἡ</em></strong></span> <span class='ocrx_word' id='word_1_314' title='bbox 1067 3327 1246 3406; x_wconf 88' lang='grc' dir='ltr'><strong><em>Σαμαρεῖτις</em></strong></span> <span class='ocrx_word' id='word_1_315' title='bbox 1260 3317 1340 3405; x_wconf 85' lang='grc' dir='ltr'><strong><em>πρός</em></strong></span> <span class='ocrx_word' id='word_1_316' title='bbox 1356 3320 1412 3386; x_wconf 86' lang='grc' dir='ltr'><strong><em>τδν</em></strong></span> <span class='ocrx_word' id='word_1_317' title='bbox 1424 3343 1478 3388; x_wconf 83' lang='grc' dir='ltr'><strong><em>τα-</em></strong></span> 
     </span>
     <span class='ocr_line' id='line_1_32' title="bbox 319 3414 1477 3510; baseline 0.001 -23"><span class='ocrx_word' id='word_1_318' title='bbox 319 3429 394 3506; x_wconf 78' lang='grc' dir='ltr'><strong><em>τῖγρα</em></strong></span> <span class='ocrx_word' id='word_1_319' title='bbox 411 3419 472 3501; x_wconf 85' lang='grc' dir='ltr'><strong><em>ότι,</em></strong></span> <span class='ocrx_word' id='word_1_320' title='bbox 490 3414 564 3487; x_wconf 79' lang='grc' dir='ltr'><strong><em>Ὧδε</em></strong></span> <span class='ocrx_word' id='word_1_321' title='bbox 582 3424 614 3486; x_wconf 82' lang='grc' dir='ltr'><strong><em>ἐν</em></strong></span> <span class='ocrx_word' id='word_1_322' title='bbox 628 3428 669 3510; x_wconf 75' lang='grc' dir='ltr'><strong><em>τῷ</em></strong></span> <span class='ocrx_word' id='word_1_323' title='bbox 687 3419 749 3507; x_wconf 90' lang='grc' dir='ltr'><strong><em>όρει</em></strong></span> <span class='ocrx_word' id='word_1_324' title='bbox 767 3420 863 3510; x_wconf 79' lang='grc' dir='ltr'><strong><em>τούτῳ</em></strong></span> <span class='ocrx_word' id='word_1_325' title='bbox 880 3420 1104 3505; x_wconf 85' lang='grc' dir='ltr'><strong><em>προςεκόνησαν</em></strong></span> <span class='ocrx_word' id='word_1_326' title='bbox 1118 3425 1151 3488; x_wconf 84' lang='grc' dir='ltr'><strong><em>οῖ</em></strong></span> <span class='ocrx_word' id='word_1_327' title='bbox 1165 3424 1290 3508; x_wconf 85' lang='grc' dir='ltr'><strong><em>πατέρες</em></strong></span> <span class='ocrx_word' id='word_1_328' title='bbox 1304 3420 1404 3504; x_wconf 72' lang='grc' dir='ltr'><strong><em>ἡμῶν,</em></strong></span> <span class='ocrx_word' id='word_1_329' title='bbox 1428 3425 1477 3488; x_wconf 80' lang='grc' dir='ltr'><strong><em>καλ</em></strong></span> 
     </span>
     <span class='ocr_line' id='line_1_33' title="bbox 318 3521 1477 3610; baseline 0.002 -20"><span class='ocrx_word' id='word_1_330' title='bbox 318 3522 403 3608; x_wconf 87' lang='grc' dir='ltr'><strong><em>ύμεῖς</em></strong></span> <span class='ocrx_word' id='word_1_331' title='bbox 424 3526 456 3589; x_wconf 79' lang='grc' dir='ltr'><strong><em>δὲ</em></strong></span> <span class='ocrx_word' id='word_1_332' title='bbox 476 3525 567 3609; x_wconf 86' lang='grc' dir='ltr'><strong><em>λέγετε</em></strong></span> <span class='ocrx_word' id='word_1_333' title='bbox 589 3521 634 3590; x_wconf 84' lang='grc' dir='ltr'><strong><em>ὅτι</em></strong></span> <span class='ocrx_word' id='word_1_334' title='bbox 657 3527 688 3590; x_wconf 79' lang='grc' dir='ltr'><strong><em>ἐν</em></strong></span> <span class='ocrx_word' id='word_1_335' title='bbox 702 3521 913 3610; x_wconf 84' lang='grc' dir='ltr'><strong><em>Ἰεροσολύμοις</em></strong></span> <span class='ocrx_word' id='word_1_336' title='bbox 928 3527 1006 3590; x_wconf 74' lang='grc' dir='ltr'><strong><em>ἐστὶν</em></strong></span> <span class='ocrx_word' id='word_1_337' title='bbox 1024 3521 1042 3590; x_wconf 91' lang='grc' dir='ltr'><strong><em>ό</em></strong></span> <span class='ocrx_word' id='word_1_338' title='bbox 1061 3523 1168 3604; x_wconf 86' lang='grc' dir='ltr'><strong><em>τόπος,</em></strong></span> <span class='ocrx_word' id='word_1_339' title='bbox 1191 3523 1271 3592; x_wconf 78' lang='grc' dir='ltr'><strong><em>ὅπου</em></strong></span> <span class='ocrx_word' id='word_1_340' title='bbox 1288 3529 1338 3591; x_wconf 88' lang='grc' dir='ltr'><strong><em>δεῖ</em></strong></span> <span class='ocrx_word' id='word_1_341' title='bbox 1349 3551 1477 3610; x_wconf 82' lang='grc' dir='ltr'><strong><em>κροςιιυ·</em></strong></span> 
     </span>
     <span class='ocr_line' id='line_1_34' title="bbox 318 3624 1475 3716; baseline 0.003 -24"><span class='ocrx_word' id='word_1_342' title='bbox 318 3636 388 3693; x_wconf 88' lang='grc' dir='ltr'><strong><em>νεῖν.</em></strong></span> <span class='ocrx_word' id='word_1_343' title='bbox 432 3624 510 3692; x_wconf 79' lang='grc' dir='ltr'><strong><em>Εἶτα</em></strong></span> <span class='ocrx_word' id='word_1_344' title='bbox 523 3624 595 3709; x_wconf 85' lang='grc' dir='ltr'><strong><em>μετά</em></strong></span> <span class='ocrx_word' id='word_1_345' title='bbox 613 3626 706 3694; x_wconf 88' lang='grc' dir='ltr'><strong><em>ττολλά</em></strong></span> <span class='ocrx_word' id='word_1_346' title='bbox 720 3624 739 3694; x_wconf 92' lang='grc' dir='ltr'><strong><em>ό</em></strong></span> <span class='ocrx_word' id='word_1_347' title='bbox 754 3625 852 3711; x_wconf 71' lang='grc' dir='ltr'><strong><em>σωτὴρ</em></strong></span> <span class='ocrx_word' id='word_1_348' title='bbox 878 3627 997 3716; x_wconf 67' lang='grc' dir='ltr'><strong><em>Ηἀὐτῇ</em></strong></span> <span class='ocrx_word' id='word_1_349' title='bbox 1013 3629 1073 3710; x_wconf 76' lang='grc' dir='ltr'><strong><em>ἔφη</em></strong></span> <span class='ocrx_word' id='word_1_350' title='bbox 1089 3626 1151 3706; x_wconf 89' lang='grc' dir='ltr'><strong><em>ότι,</em></strong></span> <span class='ocrx_word' id='word_1_351' title='bbox 1173 3625 1214 3694; x_wconf 73' lang='lat' dir='ltr'><strong><em>“A</em></strong></span> <span class='ocrx_word' id='word_1_352' title='bbox 1232 3631 1356 3711; x_wconf 76' lang='grc' dir='ltr'><strong><em>οἴδαμεν</em></strong></span> <span class='ocrx_word' id='word_1_353' title='bbox 1371 3635 1475 3695; x_wconf 84' lang='grc' dir='ltr'><strong><em>λαλοδ·</em></strong></span> 
     </span>
     <span class='ocr_line' id='line_1_35' title="bbox 319 3726 1477 3818; baseline 0.001 -22"><span class='ocrx_word' id='word_1_354' title='bbox 319 3755 385 3812; x_wconf 89' lang='grc' dir='ltr'><strong><em>μεν,</em></strong></span> <span class='ocrx_word' id='word_1_355' title='bbox 414 3726 496 3814; x_wconf 75' lang='grc' dir='ltr'><strong><em>ότιὴ</em></strong></span> <span class='ocrx_word' id='word_1_356' title='bbox 514 3735 643 3818; x_wconf 77' lang='grc' dir='ltr'><strong><em>σηιτηρῖα</em></strong></span> <span class='ocrx_word' id='word_1_357' title='bbox 659 3732 692 3796; x_wconf 83' lang='grc' dir='ltr'><strong><em>έκ</em></strong></span> <span class='ocrx_word' id='word_1_358' title='bbox 713 3736 770 3796; x_wconf 74' lang='grc' dir='ltr'><strong><em>τοῖν</em></strong></span> <span class='ocrx_word' id='word_1_359' title='bbox 788 3728 942 3796; x_wconf 82' lang='grc' dir='ltr'><strong><em>Ἰουδαλοιν</em></strong></span> <span class='ocrx_word' id='word_1_360' title='bbox 959 3731 1026 3795; x_wconf 82' lang='grc' dir='ltr'><strong><em>έστλ.</em></strong></span> <span class='ocrx_word' id='word_1_361' title='bbox 1071 3731 1132 3794; x_wconf 78' lang='grc' dir='ltr'><strong><em>Καὶ</em></strong></span> <span class='ocrx_word' id='word_1_362' title='bbox 1152 3729 1241 3798; x_wconf 79' lang='grc' dir='ltr'><strong><em>πόλιν</em></strong></span> <span class='ocrx_word' id='word_1_363' title='bbox 1262 3728 1282 3797; x_wconf 90' lang='grc' dir='ltr'><strong><em>ό</em></strong></span> <span class='ocrx_word' id='word_1_364' title='bbox 1303 3729 1477 3808; x_wconf 80' lang='grc' dir='ltr'><strong><em>ἀπόστολος,</em></strong></span> 
     </span>
     <span class='ocr_line' id='line_1_36' title="bbox 320 3828 1477 3920; baseline 0.003 -24"><span class='ocrx_word' id='word_1_365' title='bbox 320 3839 419 3914; x_wconf 77' lang='grc' dir='ltr'><strong><em>Δῆλον</em></strong></span> <span class='ocrx_word' id='word_1_366' title='bbox 433 3831 479 3898; x_wconf 85' lang='grc' dir='ltr'><strong><em>ότι</em></strong></span> <span class='ocrx_word' id='word_1_367' title='bbox 495 3835 526 3910; x_wconf 80' lang='grc' dir='ltr'><strong><em>ἐξ</em></strong></span> <span class='ocrx_word' id='word_1_368' title='bbox 539 3831 639 3899; x_wconf 88' lang='grc' dir='ltr'><strong><em>Ἰούδα</em></strong></span> <span class='ocrx_word' id='word_1_369' title='bbox 656 3831 847 3900; x_wconf 78' lang='grc' dir='ltr'><strong><em>ἀνατέταλκεν</em></strong></span> <span class='ocrx_word' id='word_1_370' title='bbox 862 3828 882 3897; x_wconf 91' lang='grc' dir='ltr'><strong><em>ό</em></strong></span> <span class='ocrx_word' id='word_1_371' title='bbox 896 3830 1009 3917; x_wconf 89' lang='grc' dir='ltr'><strong><em>κύριος.</em></strong></span> <span class='ocrx_word' id='word_1_372' title='bbox 1054 3834 1116 3898; x_wconf 69' lang='lat' dir='ltr'><strong><em>Kal</em></strong></span> <span class='ocrx_word' id='word_1_373' title='bbox 1131 3832 1223 3900; x_wconf 73' lang='grc' dir='ltr'><strong><em>πολλοὶ</em></strong></span> <span class='ocrx_word' id='word_1_374' title='bbox 1243 3836 1305 3900; x_wconf 77' lang='grc' dir='ltr'><strong><em>ἔστι</em></strong></span> <span class='ocrx_word' id='word_1_375' title='bbox 1320 3836 1390 3920; x_wconf 82' lang='grc' dir='ltr'><strong><em>κτερλ</em></strong></span> <span class='ocrx_word' id='word_1_376' title='bbox 1412 3831 1477 3900; x_wconf 85' lang='grc' dir='ltr'><strong><em>τού-</em></strong></span> 
     </span>
     <span class='ocr_line' id='line_1_37' title="bbox 319 3931 1062 4021; baseline -0.001 -22"><span class='ocrx_word' id='word_1_377' title='bbox 319 3961 372 4000; x_wconf 90' lang='grc' dir='ltr'><strong><em>του</em></strong></span> <span class='ocrx_word' id='word_1_378' title='bbox 392 3936 497 4021; x_wconf 90' lang='grc' dir='ltr'><strong><em>λέγειν,</em></strong></span> <span class='ocrx_word' id='word_1_379' title='bbox 518 3937 571 4000; x_wconf 88' lang='grc' dir='ltr'><strong><em>καλ</em></strong></span> <span class='ocrx_word' id='word_1_380' title='bbox 592 3936 715 4020; x_wconf 73' lang='grc' dir='ltr'><strong><em>ἐλέγχειν</em></strong></span> <span class='ocrx_word' id='word_1_381' title='bbox 735 3931 789 4016; x_wconf 79' lang='grc' dir='ltr'><strong><em>τὴν</em></strong></span> <span class='ocrx_word' id='word_1_382' title='bbox 810 3931 925 4018; x_wconf 86' lang='grc' dir='ltr'><strong><em>πλόνην</em></strong></span> <span class='ocrx_word' id='word_1_383' title='bbox 945 3933 1062 4001; x_wconf 85' lang='grc' dir='ltr'><strong><em>τούτου.</em></strong></span> 
     </span>
    </p>
   </div>
   <div class='ocr_carea' id='block_1_2' title="bbox 184 4108 1477 4234">
    <p class='ocr_par' dir='ltr' id='par_1_2' title="bbox 184 4108 1477 4234">
     <span class='ocr_line' id='line_1_38' title="bbox 184 4108 1477 4234; baseline -0.003 -26"><span class='ocrx_word' id='word_1_384' title='bbox 184 4108 311 4234; x_wconf 50' lang='grc' dir='ltr'><strong><em>ξ’ἕζρξηλζ</em></strong></span> <span class='ocrx_word' id='word_1_385' title='bbox 410 4137 506 4207; x_wconf 87' lang='grc' dir='ltr'><strong><em>Πάλιν</em></strong></span> <span class='ocrx_word' id='word_1_386' title='bbox 522 4141 554 4205; x_wconf 81' lang='grc' dir='ltr'><strong><em>δλ</em></strong></span> <span class='ocrx_word' id='word_1_387' title='bbox 570 4139 797 4224; x_wconf 77' lang='grc' dir='ltr'><strong><em>ἐπιλαμβάνεται</em></strong></span> <span class='ocrx_word' id='word_1_388' title='bbox 819 4147 871 4224; x_wconf 81' lang='grc' dir='ltr'><strong><em>τῆς</em></strong></span> <span class='ocrx_word' id='word_1_389' title='bbox 893 4141 997 4220; x_wconf 80' lang='grc' dir='ltr'><strong><em>λέξεως</em></strong></span> <span class='ocrx_word' id='word_1_390' title='bbox 1018 4139 1127 4224; x_wconf 77' lang='grc' dir='ltr'><strong><em>ταύτης</em></strong></span> <span class='ocrx_word' id='word_1_391' title='bbox 1142 4139 1203 4221; x_wconf 84' lang='grc' dir='ltr'><strong><em>δτι,</em></strong></span> <span class='ocrx_word' id='word_1_392' title='bbox 1235 4137 1276 4206; x_wconf 65' lang='lat' dir='ltr'><strong><em>st*</em></strong></span> <span class='ocrx_word' id='word_1_393' title='bbox 1301 4148 1370 4222; x_wconf 75' lang='grc' dir='ltr'><strong><em>τρεῖς</em></strong></span> <span class='ocrx_word' id='word_1_394' title='bbox 1389 4145 1477 4230; x_wconf 72' lang='grc' dir='ltr'><strong><em>δντῇ</em></strong></span> 
     </span>
    </p>
   </div>
   <div class='ocr_carea' id='block_1_3' title="bbox 352 4324 1475 4540">
    <p class='ocr_par' dir='ltr' id='par_1_3' title="bbox 352 4324 1475 4540">
     <span class='ocr_line' id='line_1_39' title="bbox 352 4324 1475 4398; baseline 0.002 -16"><span class='ocrx_word' id='word_1_395' title='bbox 352 4324 702 4398; x_wconf 69' lang='grc' dir='ltr'><strong><em>δάνδροιττσςοσδλλλιεδῖς.</em></strong></span> <span class='ocrx_word' id='word_1_396' title='bbox 911 4335 1274 4396; x_wconf 82' lang='grc' dir='ltr'><strong><em>οοοοτῖιοδιλιλσκια,ιεδ</em></strong></span> <span class='ocrx_word' id='word_1_397' title='bbox 1299 4335 1330 4384; x_wconf 83' lang='grc' dir='ltr'><strong><em>δι</em></strong></span> <span class='ocrx_word' id='word_1_398' title='bbox 1357 4337 1416 4386; x_wconf 70' lang='lat' dir='ltr'><strong><em>hdo</em></strong></span> <span class='ocrx_word' id='word_1_399' title='bbox 1440 4335 1475 4384; x_wconf 65' lang='grc' dir='ltr'><strong><em>λλ</em></strong></span> 
     </span>
     <span class='ocr_line' id='line_1_40' title="bbox 353 4394 949 4462; baseline -0.002 -9"><span class='ocrx_word' id='word_1_400' title='bbox 353 4399 376 4453; x_wconf 74' lang='lat'><strong><em>&#39;1&#39;-</em></strong></span> <span class='ocrx_word' id='word_1_401' title='bbox 395 4394 450 4457; x_wconf 82' lang='grc' dir='ltr'><strong><em>υἱδς</em></strong></span> <span class='ocrx_word' id='word_1_402' title='bbox 465 4402 629 4462; x_wconf 81' lang='grc' dir='ltr'><strong><em>ουτρῖτολιολιιτ</em></strong></span> <span class='ocrx_word' id='word_1_403' title='bbox 645 4403 762 4454; x_wconf 77' lang='grc' dir='ltr'><strong><em>Ρτλαυῖατ</em></strong></span> <span class='ocrx_word' id='word_1_404' title='bbox 911 4403 949 4452; x_wconf 83' lang='grc' dir='ltr'><strong><em>στ’λ.</em></strong></span> 
     </span>
     <span class='ocr_line' id='line_1_41' title="bbox 352 4467 1474 4540; baseline 0.004 -20"><span class='ocrx_word' id='word_1_405' title='bbox 352 4467 525 4520; x_wconf 62' lang='lat' dir='ltr'><strong><em>&amp;nauum</em></strong></span> <span class='ocrx_word' id='word_1_406' title='bbox 538 4469 878 4534; x_wconf 69' lang='grc' dir='ltr'><strong><em>ἐκλαρτιιοιαιιιιθιλονλυις</em></strong></span> <span class='ocrx_word' id='word_1_407' title='bbox 944 4468 968 4522; x_wconf 82' lang='grc'><strong><em>9.</em></strong></span> <span class='ocrx_word' id='word_1_408' title='bbox 987 4467 1474 4540; x_wconf 60' lang='lat' dir='ltr'><strong><em>annewptamzwrmmm·</em></strong></span> 
     </span>
    </p>
   </div>
   <div class='ocr_carea' id='block_1_4' title="bbox 0 0 1582 4930">
    <p class='ocr_par' dir='ltr' id='par_1_4' title="bbox 0 0 1582 4930">
     <span class='ocr_line' id='line_1_42' title="bbox 0 0 1582 4930; baseline 0 1"><span class='ocrx_word' id='word_1_409' title='bbox 0 0 1582 4930; x_wconf 95' lang='lat' dir='ltr'><strong><em> </em></strong></span> 
     </span>
    </p>
   </div>
  </div>
 </body>
</html>
