3176 4930
348 219 411 282 322
773 227 897 279 εκιισιι
915 203 1083 280 muman

348 344 595 428 διαμιλλώμενος,
617 348 669 410 ἵνα
685 341 726 426 μῦ
743 343 799 426 τὴν
817 347 996 428 συμμετρίαν
1009 345 1139 424 έκβαίνω
1153 349 1212 408 τῶν
1226 342 1332 429 λόγων.
1379 342 1504 428 Πάρεστι

348 449 405 536 γάρ
421 448 479 532 ἤδη
494 456 617 514 σκοπεῖν
634 443 722 528 ῦμᾶς,
745 438 770 510 οῖ
786 448 930 524 δικασταί,
952 444 999 510 ότι
1015 441 1059 522 τό,
1078 442 1156 530 Ἐγοῖ
1173 446 1205 510 δέ
1221 448 1293 524 έζων
1308 449 1400 531 γωρῖς
1412 445 1503 529 νόμον

347 553 434 632 ποτέ,
462 547 619 636 λεγόμενον
637 551 669 614 έν
689 557 725 638 τῇ
748 548 824 631 πρός
841 546 1018 631 Ῥωμαίους,
1046 544 1084 612 οῦ
1108 545 1231 612 δύναται
1252 553 1370 614 πίπτειν
1392 552 1435 625 είς
1454 549 1504 632 την

346 652 405 739 πρό
423 651 557 735 σοι’ματος
576 650 639 717 κατ’
655 649 767 726 αύτοῦς
783 649 934 737 διαγωγὴν
950 657 1002 732 τῆς
1021 657 1135 732 ψυχῆς,
1157 651 1296 733 καθάπερ
1314 651 1350 716 τά
1366 651 1503 735 ἐπιφερό-

346 781 419 839 μενα
442 754 560 830 τούτοις
585 752 697 836 μηνύει.
744 751 811 817 Κάν
835 751 853 818 ό
874 761 1008 838 γενναῖος
1031 743 1120 828 οῦτος
1143 751 1243 837 ἱατρός
1264 761 1325 818 ταῖν
1346 757 1448 838 βητυῖν
1472 752 1503 818 τό

347 861 415 941 έξῖγς
432 856 615 939 ἀφελόμενος
632 855 708 938 πρός
724 855 757 921 τό
777 859 888 920 δοκοῦν
911 852 992 942 αύτῷ
1010 853 1062 919 τόν
1080 861 1153 920 νοῦν
1171 853 1309 937 ἐβιάσατο
1327 854 1504 938 μεταπλάσαι

346 968 399 1026 τοῦ
417 958 594 1038 ἀποστόλου,
622 955 774 1039 ἐάνόητόν
787 985 816 1022 τι
829 954 941 1022 παθαῖν
956 963 1021 1022 λίαν
1036 959 1088 1022 καί
1102 955 1250 1023 παιδικόν.
1288 955 1367 1022 ’Λντί
1380 957 1439 1044 γάρ
1455 966 1504 1022 τοῦ

346 1062 424 1147 πρός
437 1061 490 1138 τός
504 1065 615 1138 οἰκείας
631 1060 798 1143 συμφύσεις
812 1062 863 1124 καί
878 1057 1012 1144 ἀρμογάς
1026 1058 1062 1124 τοί
1079 1063 1150 1141 μέλη
1164 1068 1262 1146 τηρεῖν
1275 1067 1335 1124 τῶν
1349 1060 1503 1143 στομάτοιν,

345 1168 396 1230 ἰ’να
410 1163 445 1230 τό
470 1172 532 1229 πᾶν
555 1163 656 1249 ἀρτιον
679 1161 753 1228 κατά
777 1155 907 1251 φύσινῇ
930 1169 1024 1244 σχῆμα
1047 1169 1101 1227 τοῦ
1127 1161 1277 1246 σώματος,
1303 1161 1505 1248 ιίκρωτηρίασε

345 1265 506 1352 παρελθεῖν
531 1265 585 1331 τόν
610 1265 713 1352 είρμδν
740 1271 793 1347 τῆς
818 1272 953 1349 γραφῆς,
982 1263 1121 1348 καθάπερ
1145 1263 1273 1346 Σκύθης
1295 1267 1407 1348 ἐχθροῦ
1428 1291 1505 1340 τινος

345 1367 477 1451 ἀφειδῶς
505 1367 582 1453 πρός
609 1367 755 1453 ἀναίρεσιν
784 1369 971 1449 κατατέμνων
997 1363 1034 1432 τοί
1059 1369 1139 1450 μέλη.
1185 1363 1265 1432 Εἶεν.
1312 1373 1387 1443 Παῖς
1410 1361 1504 1433 σῦνό

344 1471 523 1549 ἀπόστολος,
545 1473 676 1550 λέξουσι,
698 1478 790 1535 ταῦτα
807 1467 997 1552 ἀπεφήνατο,
1021 1471 1048 1534 εἰ
1064 1468 1100 1534 σῦ
1122 1466 1163 1551 μὴ
1182 1469 1279 1546 οῦτως
1296 1468 1373 1536 αύτά
1390 1469 1504 1536 ἀπέδει-

344 1579 396 1652 ξας
412 1576 502 1657 έχεινς
537 1571 605 1637 Ὅτι
625 1572 735 1655 νόμον,
759 1569 867 1654 εἴποιμ’
883 1571 936 1650 ἀν,
958 1574 1086 1653 θέμενος
1108 1569 1182 1637 είναι
1204 1571 1256 1654 τὴν
1275 1571 1405 1654 ἐντολήν.
1452 1584 1504 1636 Δε-

344 1675 449 1741 δόσθω
474 1673 531 1760 γάρ
548 1683 668 1761 πρῶτον
687 1675 762 1741 κατεῖ
786 1673 837 1756 τήν
859 1671 1001 1759 ύμετέραν
1027 1671 1175 1740 ἀπόθεσιν
1196 1672 1251 1756 την
1271 1674 1392 1758 ἐντολὴν
1414 1674 1505 1742 αύτόν

344 1778 437 1862 νόμον
453 1780 614 1863 εἰρηκέναι,
637 1775 674 1842 οῦ
691 1775 773 1862 παρά
787 1784 874 1843 τοῦτο
896 1779 944 1841 καί
963 1775 1127 1858 ἀσωμάτως
1142 1775 1201 1863 πρό
1219 1785 1271 1859 τῆς
1293 1779 1414 1859 ἐντολῆς
1436 1779 1505 1854 τούς

343 1879 594 1967 πρωτοπλοίστους
609 1877 738 1944 ἀπέθετο
756 1881 946 1960 βεβιωκέναι,
970 1875 1041 1944 ἀλλά
1060 1881 1149 1963 χωρίς
1165 1877 1317 1966 ἀμαρτίας.
1362 1883 1426 1946 Καὶ
1449 1880 1504 1966 γάρ

345 1980 468 2067 2όλίγος
484 1977 503 2045 ό
519 1979 579 2046 ἀπό
598 1987 650 2062 τῆς
664 1986 786 2056 κτίσεως
804 1979 903 2046 αόταῖν
919 1979 985 2066 άγρι
1000 1989 1054 2062 τῆς
1072 1983 1190 2064 ε’ντολῖγς
1207 1981 1329 2066 χρόνος,
1352 1975 1428 2072 ένρῖ
1448 1987 1504 2048 διέ-

342 2091 409 2166 ζησε
432 2085 522 2167 χωρίς
544 2080 703 2168 άμαρτίας,
736 2079 814 2148 3ούκ
839 2083 924 2158 ἐκτός
949 2083 1137 2172 Ησοόματος,
1167 2082 1238 2149 ἀλλά
1259 2083 1331 2165 μετά
1356 2084 1505 2167 σοόματος.

343 2184 475 2261 Εῦθέως
492 2192 585 2270 4γοῦν
600 2183 738 2267 μεταίτην
754 2171 876 2268 έντολύν1
888 2185 1100 2268 ἐξεβλήθησαν,
1117 2185 1301 2270 βραχύτατον
1316 2186 1506 2263 ἐννεόσαντες

342 2292 375 2356 έν
399 2295 439 2378 τῷ
464 2291 641 2374 Παραδείσῳ
663 2286 779 2372 χρόνον.
820 2287 890 2354 Ἐάν
915 2290 947 2352 δέ
969 2315 1013 2364 τις
1036 2286 1201 2370 λαβόμενος
1224 2297 1277 2372 τῆς
1301 2288 1416 2372 ῥύσεως
1440 2298 1504 2374 τῆς,

333 2390 405 2456 Ὅτε
425 2389 481 2477 γάρ
499 2383 573 2472 ἦμεν
596 2391 628 2454 ἐν
644 2391 748 2474 σαρκὶ,
776 2388 811 2454 τό
834 2390 999 2473 παθήματα
1015 2397 1074 2456 ταῖν
1091 2388 1243 2476 άμαρτιοῖν
1261 2389 1297 2457 τά
1313 2390 1364 2456 διά
1380 2390 1435 2457 τόν
1454 2392 1503 2458 νό-

342 2521 414 2577 μον,
436 2491 592 2578 λεγούσης,
616 2494 762 2577 ἐνηργεῖτο
782 2495 812 2558 ἐν
828 2502 891 2568 τοῖς
906 2493 1019 2575 μέλεσιν
1034 2489 1136 2574 ἡμῶν,
1159 2493 1325 2574 διαβάλλειν
1338 2492 1433 2560 αύτόν
1452 2493 1505 2577 τὴν

342 2595 439 2681 σάρκα
453 2599 559 2677 νομίζει
572 2596 624 2658 καῖ
639 2603 859 2679 παραιτεῖσθαι,
881 2595 1071 2680 παραφέρητε
1086 2593 1141 2660 όσα
1153 2603 1276 2661 τοιαῦτα
1291 2595 1361 2662 ἀλλα
1377 2599 1505 2680 εἴρηται,

341 2695 423 2775 οἷον,
445 2697 512 2761 Ἵνα
532 2695 565 2762 τό
585 2701 732 2779 δικαίωμα
754 2704 808 2762 τοῦ
825 2696 921 2779 νόμον
940 2703 1086 2786 πληρωθῇ
1110 2699 1142 2762 ἐν
1164 2695 1251 2780 ἡμῖν,
1278 2709 1341 2776 τοῖς
1361 2697 1403 2781 μὴ
1425 2697 1505 2766 πατά

341 2797 437 2883 σάρκα
459 2807 684 2882 περιπατοῦσιν,
707 2796 776 2864 ἀλλά
795 2797 870 2863 κατά
890 2807 1021 2880 πνεῦμα,
1045 2797 1134 2881 ἢτό,
1167 2804 1207 2864 Οί
1229 2799 1285 2885 γάρ
1306 2800 1381 2866 κατά
1402 2800 1503 2887 σάρκα

340 2899 422 2976 ὅντες
437 2900 472 2965 τό
487 2909 540 2982 τῆς
556 2899 665 2985 σαρκός
682 2909 857 2985 φρονοῦσιν,
881 2905 912 2966 οί
927 2903 959 2966 δὲ
973 2899 1049 2966 κατά
1065 2909 1181 2983 πνεῦμα
1195 2902 1232 2967 τά
1247 2911 1301 2968 τοῦ
1317 2902 1503 2985 πνεύματος·

340 3002 374 3068 τό
391 3001 447 3089 γάρ
463 3001 603 3087 φρόνημα
623 3010 674 3086 τῆς
692 3003 803 3087 σαρκός
822 3002 972 3082 θάνατος,
994 3002 1027 3069 τό
1046 3005 1077 3070 δὲ
1098 3004 1239 3088 φρόνημα
1257 3014 1311 3071 τοῦ
1332 3005 1505 3088 πνεύματος

339 3104 399 3188 ζωὴ
415 3107 468 3170 καί
482 3104 598 3190 εἰρήνη·
622 3104 699 3170 διότι
713 3105 746 3170 τό
762 3104 903 3188 φρόνημα
918 3115 973 3188 τῆς
988 3105 1097 3191 σαρκός
1112 3110 1206 3193 ἔχθρα
1221 3113 1263 3184 εἰς
1275 3107 1363 3174 θεόν·
1384 3115 1426 3195 τῷ
1445 3108 1503 3194 γάρ

338 3206 421 3295 νόμῳ
448 3215 502 3274 τοῦ
525 3215 602 3273 θεοῦ
626 3204 679 3290 οῦγ
700 3205 911 3292 ἀποτάσσεται,
942 3205 1013 3274 οῦδὲ
1035 3209 1092 3294 γάρ
1115 3211 1253 3276 δύναται·
1282 3208 1365 3293 ύμεῖς
1384 3211 1416 3276 δὲ
1444 3211 1503 3278 οῦκ

341 3312 428 3376 ῧέστε
444 3312 476 3374 ἐν
491 3313 594 3394 σαρκί,
618 3308 690 3374 ἀλλά
706 3313 738 3374 ἐν
754 3309 907 3392 πνεύματι.
951 3314 1083 3378 Λεκτέον
1098 3310 1195 3400 αύτρῖ,
1220 3311 1353 3398 Πότερον
1367 3306 1422 3378 σῦν
1441 3314 1503 3398 ἤδη

341 3409 520 3487 ἀναλύσαςό
538 3412 703 3488 ἀπόστολος
719 3404 758 3494 ἦν
775 3415 808 3478 ἐκ
821 3420 875 3478 τοῦ
891 3417 961 3496 βίον
976 3417 1028 3480 καλ
1044 3412 1090 3490 οἷς
1105 3423 1198 3480 ταῦτα
1212 3417 1389 3494 ἐπέστελλεν,
1412 3420 1443 3480 εί
1460 3415 1502 3502 μή

338 3511 392 3596 τήν
410 3513 508 3580 οκακοί
526 3514 622 3600 σάρκα
639 3523 695 3580 νῦν
715 3524 873 3604 παρῃτεῖτο
890 3519 1052 3596 πολίτειαν,
1075 3515 1145 3587 ἀλλά
1162 3515 1218 3599 την
1232 3517 1343 3603 σάρκα,
1365 3517 1386 3600 ἢ
1402 3517 1454 3586 ότι
1469 3523 1501 3584 ἐν

339 3618 426 3702 σαρκί
444 3609 497 3699 ἦν,
522 3615 616 3682 7ἀλλά
637 3620 669 3682 ἐν
686 3621 772 3702 σαρκί
797 3617 838 3700 μὴ
861 3616 933 3682 όντα
955 3617 1047 3684 αύτόν
1069 3622 1274 3686 ἐπεσταλκέναι
1296 3629 1401 3698 ταῦτα,
1453 3619 1500 3686 Ού

337 3721 460 3784 λεκτέον.
507 3719 642 3803 Φανερόν
664 3719 720 3805 γάρ
736 3720 781 3785 ότι
799 3712 837 3801 ἦν
853 3722 884 3784 ἐν
901 3724 987 3805 σαρκὶ
1004 3724 1056 3786 καί
1078 3720 1168 3797 αύτός
1183 3725 1236 3788 καὶ
1254 3720 1299 3798 οἷς
1316 3730 1408 3788 ταῦτα
1429 3726 1498 3790 έπέ-

338 3829 457 3886 στελλεν.
503 3828 576 3897 Παῖς
592 3815 658 3901 οῦν,
671 3820 743 3886 Ὅτε
761 3821 816 3907 γάρ
833 3814 906 3904 ἦμεν
923 3825 955 3888 ἐν
970 3826 1073 3908 σαρκί,
1096 3824 1132 3888 τό
1148 3824 1316 3908 παθήματα
1330 3833 1388 3890 τῶν
1401 3821 1499 3910 άμιιρ·

336 3931 408 3988 τεῶν
426 3921 462 3990 τοί
483 3922 534 3988 διά
556 3931 610 3989 τοῦ
633 3923 729 4005 νόμου
747 3926 895 4009 ἐνηργεῖτο
917 3927 949 3989 ἐν
970 3935 1032 4000 τοῖς
1051 3929 1163 4009 μέλεσιν
1182 3924 1281 4010 ἡμῶν,
1311 3925 1352 4005 σός
1374 3926 1430 3993 οῦκ
1454 3927 1499 3994 τόν

338 4024 406 4090 οὔτε
428 4024 519 4102 αότῦς
535 4029 577 4091 έτι
595 4030 627 4092 ἐν
644 4029 748 4110 σαρκί,
771 4025 839 4092 οὔτε
856 4023 903 4102 οἷς
923 4035 1014 4094 ταῦτα
1029 4031 1216 4109 ἐπιστέλλων,
1239 4031 1328 4115 λέγεις
1376 4029 1498 4098 Ούιιοῦν

338 4129 405 4210 περί
422 4134 475 4210 τῆς
489 4127 565 4194 κατοί
580 4127 724 4214 ἀκρασίαν
740 4134 885 4206 πολιτείας
902 4133 1077 4216 διαλέγεται,
1098 4135 1150 4199 καί
1166 4129 1202 4198 ού
1223 4134 1291 4218 περὶ
1312 4139 1365 4215 τῆς
1386 4130 1497 4218 σαρκός

373 4315 430 4364 Cn».
450 4317 479 4366 L.
498 4289 532 4356 ζ
576 4319 596 4370 1.
620 4316 728 4386 ἀνόητόν
744 4337 768 4374 τι
792 4335 845 4370 mea
864 4327 896 4370 τοι
963 4323 987 4372 ἱ).
1006 4319 1020 4376 ό
1038 4322 1112 4389 λόγος
1129 4326 1180 4373 cod.
1202 4327 1274 4374 Venti.
1292 4327 1379 4374 vitiose.

337 4385 474 4432 ττιιειιδοιίο.
501 4387 566 4435 λίθω
582 4391 666 4438 habent
680 4381 780 4442 ἀνίατόν
793 4405 824 4440 τι.
852 4391 895 4439 Ρι-
963 4389 987 4442 3.
1006 4393 1060 4441 Post
1076 4395 1147 4441 verba
1165 4386 1211 4443 σόκ
1228 4387 1304 4450 ἐκτός
1327 4393 1444 4456 usquead
1463 4395 1493 4454 μ-

336 4453 401 4502 λοοίο
413 4453 505 4513 placuit
521 4449 635 4520 αἰίατρόι
649 4474 681 4510 τι.
727 4501 728 4504 ,
928 4473 982 4510 παπ
995 4463 1095 4522 capim,
1119 4462 1161 4510 λτοτ
1177 4465 1209 4511 τιλ
1225 4462 1259 4512 αδ
1280 4463 1352 4512 verba
1373 4459 1419 4514 καλ
1433 4455 1495 4528 οῦχλ
