3176 4930
363 257 499 310 nassau
514 257 579 310 ιιι.
589 257 622 310 ι.
637 247 719 312 ιιι.
734 257 753 310 r.
771 255 871 308 uass.
884 254 976 308 sxta.
1187 247 1246 311 tet

97 380 210 456 fatear,
236 387 316 442 tanta
340 377 457 442 dicendi
476 377 560 461 copia
581 397 615 441 ιι
635 377 772 441 ieoultate
798 375 948 460 perculsos
970 395 1005 440 ιι
1028 377 1107 440 velut
1128 376 1249 442 obrutos

96 482 224 564 luerem)
247 482 283 545 ad
304 479 487 544 Auxentium
512 499 675 545 conversus
700 489 730 542 et
755 499 820 542 eum
844 477 1008 564 appellans,
1032 480 1182 560 Auxenti,
1204 481 1249 544 in-

96 602 200 667 quant,
224 603 284 646 oon
306 593 418 647 temere
441 582 585 668 poeticum
607 581 676 647 illud
699 591 867 667 usurpatum
890 581 1028 661 arbitror,

444 689 517 747 Drrm
539 690 632 748 siracti
645 695 804 766 properant
822 685 912 746 umbo.
1261 703 1290 749 lt.
1303 703 1332 760 s,
1344 704 1389 750 ιιι

95 783 162 850 lino
176 787 283 872 quippe
298 785 462 852 adversarii
481 797 561 850 sunt.
607 784 709 870 Quare
726 785 876 850 amborum
900 786 979 849 vires
1000 786 1140 852 ambobus
1164 785 1248 852 uobis

95 889 286 953 sustinendae
304 900 384 953 ιιιι.
429 887 475 952 Τι
494 889 570 953 enim
586 909 700 976 pugnae
715 889 858 951 adversus
874 887 940 951 illos
957 899 988 953 ct
1008 888 1175 952 certaminis
1198 891 1249 954 ad·

94 993 219 1056 intorem
238 1001 269 1055 et
288 991 491 1077 opitulatorem
508 991 596 1075 eligo,
621 1012 658 1055 ιι
673 990 848 1076 Aglaophon
864 1010 929 1053 cunr
946 987 1052 1054 Procln
1070 1001 1100 1055 et
1116 988 1247 1076 Origene

92 1094 168 1179 aptis
191 1094 228 1157 ad
257 1093 448 1160 relellendum
474 1092 638 1158 rationibus
665 1093 826 1156 instructos
851 1092 1096 1158 resurrectionem
1119 1103 1245 1159 evertat.

92 1194 188 1281 igitur
205 1194 373 1282 sophistieis
388 1195 504 1259 illorum
519 1194 673 1259 calomniis
690 1195 884 1258 resistendum
904 1194 989 1259 subis
1008 1205 1072 1275 est,
1097 1215 1191 1282 neque
1212 1195 1247 1260 il-

92 1299 186 1362 lornnr
202 1298 345 1377 ratinrms,
370 1318 443 1383 quae
461 1297 586 1382 ignauos
603 1297 757 1382 impetunt,
783 1297 841 1360 ullo
860 1298 946 1361 modo
962 1298 1145 1362 metuendae.
1190 1296 1246 1362 Ni-

91 1402 131 1465 hil
149 1403 228 1465 enim
244 1400 274 1464 iu
292 1399 337 1463 bis
352 1420 455 1463 sanum
472 1411 619 1484 astatque
639 1401 769 1478 firmum,
793 1401 845 1464 sed
863 1400 1018 1464 verborum
1039 1401 1181 1466 duntaxat
1198 1422 1246 1464 or·

92 1515 178 1568 natus
191 1504 227 1566 ad
248 1523 380 1588 pompam
396 1512 426 1566 et
439 1503 473 1566 ad
492 1503 671 1566 audientium
688 1502 908 1568 admirationem
926 1503 1104 1581 instructus,
1127 1525 1162 1567 ao
1180 1524 1246 1589 per·

91 1605 232 1670 suadendi
255 1604 396 1688 quoddam
420 1604 598 1669 lenocinium
618 1627 676 1670 uon
694 1604 846 1684 veritatis,
877 1625 971 1689 neque
991 1605 1123 1669 utilitatis
1145 1606 1243 1684 ullius,

91 1709 141 1772 sed
163 1706 372 1771 ostentationis
394 1727 499 1770 caussa
520 1718 735 1793 comparatum,
759 1716 791 1772 ut
808 1706 930 1772 callidos
951 1709 1133 1772 acsolerter
1154 1729 1245 1773 exeo-

89 1811 198 1895 gitatos
224 1829 378 1874 sermones
402 1809 584 1874 auditoribus
608 1810 778 1874 exhibeant.
823 1811 923 1895 Atque
949 1811 1015 1873 binc
1037 1831 1243 1896 nonnunquam

89 1914 196 1976 accidit
211 1924 243 1976 ιι
261 1929 336 1996 quae
352 1931 392 1975 ex
411 1909 619 1976 verisimilibus
634 1913 775 1976 deductae
794 1924 861 1976 suot
884 1913 1052 1992 crationes,
1076 1922 1106 1976 ct
1123 1914 1158 1978 ad
1176 1933 1243 1999 spe·

88 2015 163 2080 ciem
179 2036 215 2078 sc
231 2015 409 2099 voluptatem
426 2027 566 2094 ornatae,
589 2013 655 2078 aliis
673 2015 903 2100 praestantiores
919 2016 1092 2095 videantur,
1116 2037 1189 2100 quse
1207 2016 1242 2080 ad

86 2116 339 2182 accuratissimam
364 2117 499 2182 veritatis
524 2137 654 2181 normam
681 2129 806 2182 exactae
831 2129 910 2181 sunt.
956 2117 1086 2203 Exquo
1108 2119 1139 2181 lit
1161 2129 1243 2182 utet

86 2221 229 2284 doctores
245 2240 302 2283 non
320 2219 377 2283 iam
395 2220 422 2283 si
438 2219 514 2304 quod
532 2219 670 2303 optimum
685 2219 724 2282 sit
737 2220 949 2305 gravitatisque
965 2221 1079 2306 plenum
1093 2221 1241 2302 studeant,

87 2323 136 2386 scd
153 2322 184 2386 id
199 2323 344 2385 duntaxat
362 2322 438 2406 qood
455 2321 568 2407 placet,
593 2323 726 2406 quodque
745 2322 873 2386 secundo
895 2324 997 2388 lavore
1015 2325 1125 2403 fertur,
1148 2322 1242 2408 respi-

87 2425 184 2503 ciant,
219 2423 259 2487 nti
286 2423 435 2508 sophistae
464 2426 563 2489 lacere
588 2434 824 2503 eorrsoeveruot,
855 2424 904 2509 qoi
931 2427 1093 2489 orationum
1122 2445 1241 2489 suarum

85 2526 254 2590 mercedem
268 2525 447 2612 accipientes
463 2526 614 2590 doctrinae
632 2537 663 2590 et
678 2527 850 2591 eruditionis
867 2547 938 2591 suae
955 2527 1085 2592 laudibus
1102 2538 1238 2612 tauquam

86 2628 134 2691 vili
153 2627 281 2743 quodam
301 2629 395 2714 pretio
413 2628 606 2694 redimuntur.
650 2628 698 2692 Ac
712 2627 816 2715 priscis
832 2629 945 2713 quidem
964 2629 1144 2719 temporibus
1160 2651 1240 2694 sum-

86 2751 129 2794 ma
149 2705 266 2796 eratin
281 2730 455 2817 explicando
473 2730 621 2810 brevitas,
645 2753 709 2794 cum
728 2732 758 2795 in
775 2731 804 2796 id
826 2732 867 2796 illi
891 2731 1071 2818 potissimum
1089 2732 1239 2798 incumbe·

84 2841 168 2913 rent,
194 2855 255 2896 ιιι
279 2843 312 2895 ιι
334 2833 533 2914 oblectarent,
557 2836 609 2899 aed
633 2845 664 2898 ut
686 2835 860 2920 prodessent
877 2835 1070 2899 auditoribus.
1113 2833 1239 2900 Postea-

84 2957 171 3018 quam
187 2955 263 2998 vero
278 2935 525 3021 explanandarum
543 2937 750 3022 scripturarum
766 2936 844 3000 nollo
861 2937 965 3021 coique
983 2939 1101 3022 negotio
1117 2940 1238 3004 lacoltos

84 3049 129 3101 est
153 3057 317 3116 concessa,
341 3036 530 3124 universique
552 3039 631 3102 fastu
652 3059 687 3102 ac
711 3039 757 3102 soi
781 3038 917 3124 opinione
938 3040 1029 3104 iniisti
1052 3041 1087 3106 cd
1109 3039 1139 3106 id
1161 3044 1238 3126 quod

84 3151 198 3203 rectum
217 3150 264 3203 est
280 3139 376 3203 obtusi
389 3152 476 3225 atque
495 3141 614 3206 hebetes
634 3141 702 3204 lacti
724 3151 808 3221 sunt,
833 3162 955 3226 magnos
976 3163 1049 3207 vero
1067 3144 1097 3206 in
1120 3144 1239 3208 ratioci-

83 3243 173 3306 nandi
195 3241 356 3308 subtilitate
377 3263 553 3328 progressus
571 3244 706 3306 lecerunt
724 3264 758 3306 ac
776 3245 870 3307 locum
890 3244 919 3308 in
939 3244 1061 3308 diceudo
1078 3247 1239 3311 consectati

82 3354 168 3423 sont,
194 3345 316 3428 perinde
331 3366 365 3409 ao
382 3367 479 3410 rerum
498 3345 626 3409 omnium
650 3345 773 3410 scientia
797 3345 935 3432 praediti,
961 3369 1025 3412 conr
1044 3359 1074 3412 et
1090 3348 1188 3413 doceri
1205 3369 1237 3414 se

82 3467 156 3531 opus
173 3446 283 3510 babere
299 3448 430 3512 conliteri
451 3447 678 3528 erubescerent,
703 3459 732 3513 et
751 3449 934 3514 contentiose
952 3451 1062 3536 iurgari
1086 3472 1121 3516 ιι
1143 3451 1238 3538 prosi·

80 3549 134 3612 lire
153 3559 378 3635 praeceptorum
402 3551 495 3614 instar
513 3551 649 3631 mallent,
674 3561 732 3614 tum
755 3553 867 3616 demum
888 3553 995 3617 accidit
1018 3564 1049 3617 ut
1073 3555 1238 3618 temeritate

80 3653 208 3736 quadarn
226 3650 296 3714 elati
314 3650 349 3714 ab
367 3653 507 3738 religiosa
531 3663 739 3739 mansuetoque
763 3653 850 3718 animi
874 3655 1029 3719 affectione
1053 3677 1088 3721 ιι
1112 3654 1236 3720 credoli-

81 3764 141 3816 tate
161 3751 214 3816 illa
238 3752 457 3834 desciscerent,
489 3777 545 3841 qua
568 3755 653 3820 deum
671 3777 758 3842 posse
778 3756 912 3844 quicquid
933 3758 1099 3843 promiserit
1121 3759 1235 3822 edicere

79 3855 137 3920 sibi
155 3857 383 3940 persuaderent,
407 3867 510 3922 contra
525 3879 597 3923 vero
614 3859 649 3923 ad
666 3859 770 3924 inanes
785 3859 973 3943 quaestiones
990 3881 1025 3924 an
1042 3859 1236 3947 blasphemias

79 3956 187 4022 deduci
203 3979 238 4022 se
258 3969 444 4044 paterentur3
476 3980 513 4024 ne
537 3959 606 4024 iliud
624 3961 738 4046 quidem
756 3961 1040 4042 animadvertentes,
1065 3986 1124 4028 uon
1146 3985 1236 4050 opera

77 4060 144 4146 ipsa
160 4079 350 4139 sermonum,
375 4062 426 4126 sed
441 4081 594 4127 sermones
613 4083 733 4148 operum
752 4061 846 4147 gratia
871 4065 1052 4149 comparari,
1076 4077 1107 4130 ot
1122 4067 1151 4131 iu
1174 4089 1234 4132 me-

78 4163 178 4227 dicina
205 4183 258 4227 osu
283 4163 386 4228 venire
408 4165 574 4244 cernimus,
604 4166 633 4229 iu
658 4186 714 4251 qna
738 4165 872 4229 nimirum
897 4169 1155 4234 sermones-iactis
1178 4169 1235 4236 illis

77 4265 312 4351 comprobantur
327 4266 431 4352 quibus
448 4278 599 4354 aegrotum
621 4268 836 4355 repraesentari
852 4269 975 4349 salutem
995 4282 1120 4356 oportet.
1167 4269 1234 4356 Quo

76 4367 220 4432 videlieet
236 4369 387 4453 aptissimo
407 4371 530 4454 quodam
548 4382 692 4436 concentu
709 4373 863 4457 temperati
878 4372 1019 4438 eiusmodi
1038 4386 1164 4439 mentem
1184 4377 1234 4440 bc·

76 4469 220 4552 beamus,
245 4491 319 4554 qnae
336 4473 597 4558 praestantissimis
615 4474 798 4542 sermonibus
816 4485 1031 4543 consentaneos
1047 4497 1145 4546 mores
1163 4497 1233 4566 prae
