3176 4930
276 239 278 244 ’
337 259 500 354 ‘raanan
517 259 981 315 alumnumalumnum.
1195 251 1257 314 atu

98 379 254 464 imperium
274 398 418 444 exercere
436 381 601 444 mandatum
619 391 676 445 est.
723 377 777 444 llla
799 381 933 445 diversae
955 391 1125 446 naturarum
1147 381 1257 464 effigies

97 483 266 566 formasque
283 483 386 546 sortita
406 492 491 560 sont,
517 493 658 566 quotquot
675 483 721 546 dei
738 482 820 546 iussu
839 483 932 546 solida
950 490 980 546 et
1001 485 1188 568 aspectabilis
1206 505 1258 548 ua·

96 595 162 648 tora
187 585 339 670 produxit.
384 583 462 648 lluic
488 586 533 646 dei
557 585 648 648 indita
674 585 832 648 similitudo
854 597 900 648 est
924 585 959 649 ad
984 583 1105 668 primam
1127 586 1204 650 illam
1228 597 1258 650 et

96 688 277 772 unigenitam
297 687 388 772 patris
407 687 563 770 imaginem
583 687 701 772 penitus
721 707 876 772 expressa.
922 692 1003 750 Fecit
1021 693 1094 750 earm
1116 693 1185 751 dem
1206 693 1256 751 lto-
1269 701 1327 748 oea.
1342 703 1362 758 t,
1376 701 1409 746 at.

95 794 213 864 amem,
238 795 278 852 ud
292 796 440 870 imaginem
455 795 503 852 dcr'
512 793 591 874 secr't
606 793 696 852 illum.
745 787 830 854 Unde
846 799 876 852 et
891 790 1076 853 simulacrum
1098 811 1200 868 sunm,
1226 801 1258 854 ut

95 915 183 977 quarn
208 893 336 955 maxime
360 893 472 956 firmum
497 913 532 954 ae
549 891 653 955 stabile
673 901 772 969 esset,
797 913 897 954 eurem
919 891 1066 972 adhibuit,
1091 911 1167 956 neve
1189 911 1255 956 cor·

94 995 232 1078 ruptione
250 995 357 1058 tentari
376 993 460 1057 tuelle
476 1005 593 1080 posset,
618 993 739 1079 perinde
758 1005 843 1078 atque
861 995 963 1058 edictis
981 1015 997 1056 a
1015 1014 1047 1057 se
1065 994 1169 1058 statuis
1185 1015 1255 1058 cou-

94 1097 195 1160 sulere
210 1097 338 1160 artilioes
354 1097 462 1161 solent.
509 1093 567 1178 Qui
585 1117 643 1159 nou
658 1097 745 1160 modo
759 1097 981 1160 simulacrorum
996 1117 1114 1160 suornm
1130 1097 1256 1180 puleltri·

93 1198 187 1260 tudini
213 1219 248 1260 ac
268 1199 366 1262 decori
389 1198 524 1276 student,
550 1209 581 1262 ut
600 1198 710 1263 eximia
734 1201 833 1284 specie
857 1219 891 1262 ec
916 1199 1068 1283 magnilica
1094 1198 1171 1274 siut,
1202 1199 1254 1261 sed

93 1300 185 1363 etiam
202 1298 467 1381 immortalitatem,
492 1299 586 1385 qooad
607 1311 748 1387 possunt,
772 1302 875 1364 iisdem
898 1299 970 1386 ipsis
990 1300 1121 1364 tribuere
1145 1319 1255 1364 conan-

92 1414 163 1480 tur,
195 1411 334 1487 utquam
358 1402 562 1486 longissimum
584 1401 614 1465 io
640 1413 753 1487 tempos
776 1405 890 1486 integra
915 1403 1091 1488 minimeque
1114 1403 1254 1468 dissoluta

93 1517 301 1591 permaneant.
344 1503 376 1568 ld
396 1508 471 1589 quod
490 1503 623 1570 Phidiam
640 1504 718 1568 inter
734 1517 850 1570 ceteros
868 1507 973 1570 iecisse
988 1515 1162 1569 memorent.
1197 1503 1255 1568 llio

91 1609 256 1670 enimcum
275 1605 420 1692 Olympici
441 1604 522 1672 lovis
544 1606 730 1673 simulacrum
752 1609 887 1673 finxisset
906 1629 946 1671 ex
964 1607 1074 1686 ebore,
1098 1607 1194 1671 oleum
1217 1609 1253 1671 etl

92 1711 184 1796 pedes
201 1719 269 1772 ante
287 1720 414 1773 statuam
431 1709 518 1774 iussit
532 1709 653 1788 effundi,
678 1731 735 1794 quo
752 1710 916 1774 immortale
932 1711 1010 1773 illam
1029 1722 1168 1794 quantum
1185 1731 1253 1795 pos·

91 1824 140 1876 set
155 1813 297 1877 efficeret.
342 1809 418 1876 Cum
434 1812 524 1896 igitur
544 1813 573 1876 iu
598 1813 635 1875 iis
655 1812 811 1897 operibus,
836 1833 910 1898 quae
929 1812 1062 1876 munibus
1081 1812 1253 1876 elaborare-

91 1917 171 1993 riot‚
203 1915 332 1978 artifices
360 1913 417 1977 ista
445 1915 621 1993 moliantur,
652 1935 752 1978 uouoe
778 1916 1049 2000 praestantissimus
1077 1915 1125 1979 ille
1153 1913 1252 1998 opllex

90 2019 185 2093 deus,
210 2017 258 2100 qui
276 2018 323 2082 uel
338 2037 380 2080 ex
395 2015 485 2080 uilrilo
502 2037 659 2102 procreare
679 2027 777 2102 potest
795 2018 910 2096 omnia,
935 2039 1017 2082 suurn
1041 2017 1120 2081 illam
1138 2017 1253 2080 ratione

90 2117 255 2205 praeditam
271 2119 412 2202 effigiem,
436 2119 575 2184 videlicet
590 2119 754 2198 hominem,
780 2120 870 2184 multo
889 2121 981 2203 magis
998 2119 1205 2204 sempiternom
1224 2129 1255 2181 et

89 2221 287 2286 immortalem
316 2223 434 2306 penitus
459 2221 688 2305 necessarioque
714 2221 887 2286 lubricavit‘l
930 2224 979 2285 Ao
1007 2223 1104 2306 potins
1128 2220 1254 2304 ignomi-

90 2325 179 2388 niose
203 2324 277 2387 adeo
302 2325 471 2389 dissolutam
499 2323 646 2409 corrumpi
672 2333 701 2388 et
724 2325 846 2389 interire
870 2323 1022 2408 permisit?
1065 2325 1164 2407 Atqtm
1187 2343 1251 2385 eam

89 2427 209 2510 quidem
236 2425 358 2510 effigiem
382 2447 468 2509 quam
492 2425 626 2489 inanibus
644 2428 792 2512 perpolire
812 2425 874 2490 sois
898 2426 1039 2510 singulari
1058 2426 1180 2510 quadam
1204 2444 1252 2488 ra-

91 2529 175 2592 tione
190 2527 328 2612 dignatus
345 2537 409 2606 est,
434 2549 517 2612 qoam
536 2529 571 2590 ad
589 2527 746 2614 imaginem
767 2549 849 2593 suam
873 2549 908 2591 ao
930 2527 1149 2592 similitudinem
1171 2525 1251 2590 velot

90 2631 194 2694 mundi
216 2631 338 2694 alterum
357 2631 494 2694 mundum
515 2631 681 2716 expressit,
705 2631 789 2694 euius
806 2631 931 2715 denique
946 2650 1050 2694 caussa
1066 2629 1190 2720 muudus
1206 2638 1252 2691 est

88 2733 200 2796 laotos.
248 2731 315 2796 [liei
334 2733 410 2796 istud
432 2733 551 2795 omuino
572 2753 630 2796 non
646 2743 755 2818 potest.
800 2730 943 2797 Proxime
961 2732 1037 2796 enim
1055 2731 1090 2794 ad
1107 2731 1250 2796 insaniem

90 2837 252 2899 accederet
273 2835 320 2918 qui
344 2834 371 2898 id
394 2855 469 2899 naua
491 2835 629 2920 opinione
651 2835 769 2898 indatus
792 2836 915 2900 auderet
935 2855 1083 2900 asserere.
1294 2877 1355 2944 cop.

177 2935 238 3002 Sed
257 2959 332 3022 quac
350 2937 492 3000 haetenus
508 2937 657 3022 proposita
673 2947 753 3015 suunt,
778 2960 796 3002 o
811 2938 998 3024 Aglaophon,
1023 2939 1118 3002 miuus
1135 2949 1248 3002 attento
1266 2947 1376 2999 xxvu.

89 3039 217 3106 lorsitan
235 3039 335 3104 animo
351 3040 574 3102 considerantes
591 3040 720 3104 obiicere
738 3041 795 3103 ista
815 3039 967 3124 poteritis,
991 3041 1016 3104 si
1034 3040 1198 3106 immortale
1214 3040 1251 3104 alr
1282 3014 1370 3084 (m

88 3143 207 3227 origiue
231 3163 284 3206 sua
302 3140 409 3204 animal
430 3141 499 3204 illud
516 3141 667 3219 extiterit,
692 3141 741 3226 qui
766 3145 882 3206 tandem
905 3143 1028 3206 mortale
1053 3163 1121 3206 esse
1144 3144 1249 3228 potuit,

88 3267 156 3308 cum
177 3244 312 3329 quicquid
327 3255 375 3306 est
389 3243 570 3322 immortale,
595 3244 650 3307 hoe
669 3245 744 3329 quod
762 3257 806 3309 est
831 3245 924 3330 ipsum
947 3256 1088 3330 perpetuo
1111 3265 1178 3308 esse
1201 3245 1251 3308 de·

88 3347 178 3424 beat,
202 3369 258 3410 neo
282 3348 310 3409 iu
332 3347 468 3410 viliorem
491 3346 701 3431 mortalemque
720 3358 852 3412 naturam
872 3348 1078 3430 degenerando
1100 3351 1252 3412 trauseat?

89 3449 159 3514 Hoe
176 3448 255 3512 eoim
275 3449 337 3512 lieri
355 3449 472 3532 nequit,
496 3449 604 3532 alioqui
627 3449 791 3514 immortale
809 3471 868 3513 non
892 3449 991 3514 luerit.
1038 3447 1098 3514 Sed
1121 3471 1177 3534 ego
1200 3449 1251 3513 tibi

89 3573 229 3616 causeam
248 3551 291 3614 rei
306 3551 390 3616 tutos
405 3550 547 3636 aperiam.
595 3547 671 3614 Cum
691 3553 768 3616 enim
784 3552 820 3616 ad
838 3551 906 3616 boui
923 3553 1066 3616 delectum
1090 3552 1203 3615 arbitrii
1217 3551 1252 3614 li·

88 3655 208 3718 bertate
233 3663 314 3718 esset
336 3655 516 3730 instructus,
547 3674 582 3716 ae
603 3653 698 3735 legem
722 3654 801 3717 illam
822 3654 1005 3740 accepisset,
1036 3655 1161 3739 pessima
1186 3673 1250 3716 eom

89 3755 308 3844 superveniens
332 3755 519 3820 labetactauit
541 3755 663 3820 londin.
718 3753 869 3840 Siquidem
894 3757 966 3820 deus
991 3757 1180 3842 corruptione
1202 3775 1251 3820 ea·

88 3871 207 3924 rentem
226 3859 371 3922 hominem
389 3860 513 3936 creavit,
538 3868 568 3920 et
584 3858 620 3920 ad
636 3860 818 3922 aeternitatis
835 3881 906 3923 suae
922 3860 1061 3944 produxit
1079 3859 1247 3942 imaginem.

88 3969 168 4026 marc
184 3967 257 4022 enim
278 3969 392 4022 mortem
411 3983 467 4022 uon
485 3963 576 4043 jerat,
602 3983 653 4024 nec
678 3964 834 4024 delectatur
857 3968 886 4024 in
906 3966 1065 4043 perditione
1083 3967 1403 4034 otoeuu‘unesap.1,1a.

87 4070 201 4128 marlida
218 4087 283 4126 vero
300 4065 409 4126 dt'adoli
421 4086 497 4126 mars
518 4069 639 4126 introvit
654 4069 684 4126 in
701 4069 850 4138 mundaum,
876 4074 908 4127 ul
928 4086 980 4148 per
997 4062 1186 4130 Salomonem
1204 4085 1251 4128 sa·

89 4168 203 4254 pientia
224 4175 360 4229 testator.
408 4163 467 4229 Sed
486 4168 630 4230 landenam
647 4187 727 4230 mors
749 4165 884 4229 extiterit
902 4167 1092 4252 repetendum
1113 4186 1251 4231 neccssa-

89 4271 137 4334 rio
159 4269 246 4333 nobis
264 4280 326 4348 est,
351 4270 376 4332 si
398 4270 469 4332 deos
487 4269 565 4333 illam
585 4291 643 4332 uon
666 4269 780 4332 lecerit.
826 4265 904 4332 Nam
924 4269 948 4332 si
966 4269 1001 4332 ab
1022 4269 1131 4334 invidia
1154 4273 1251 4356 prole-

89 4385 167 4438 ctam
187 4371 316 4452 dixeris,
342 4372 487 4456 quomodo
506 4371 620 4434 taudem
642 4371 750 4436 invidia
769 4371 865 4435 divina
887 4371 1035 4436 voluntate
1055 4373 1119 4458 plus
1139 4371 1252 4438 valuit?
1329 4447 1332 4456 Ι

125 4509 187 4563 car.
204 4507 314 4561 xxvu
334 4535 366 4548 -
402 4509 424 4561 1.
445 4510 519 4572 roton
537 4503 657 4576 εἰληφώς.
