3148 4938
318 233 380 296 550
749 237 872 292 ειαυτι
889 239 1061 292 κειειιιιιιιι

319 386 384 439 τος,
405 362 594 444 παραδοῦναι
612 354 666 423 τίν
681 365 817 424 τοιοῦτον
833 364 874 445 τῷ
891 362 1005 445 σατανηῖ
1023 359 1065 432 είς
1079 355 1206 442 ὄλεθρον
1219 363 1274 438 τῆς
1291 353 1418 439 σαρπῦς,
1435 357 1482 419 ἵνα
1571 389 1572 424 ι

319 461 352 529 τῦ
369 469 488 546 πνεῦμα
501 467 590 549 σαθὴ
609 462 640 526 έν
655 467 692 548 τῇ
713 456 809 548 ἡμέρμ
825 466 880 526 τοῦ
898 463 1015 544 κυρίου.
1050 457 1200 543 ’Όλεθρος
1216 459 1249 524 δέ
1265 459 1318 523 έπί
1335 453 1483 542 σαρκιίςᾶ
1571 449 1572 496 3

320 563 508 630 παντάπασίν
526 565 604 628 έστιν
620 560 800 645 ἀφανισμός.
847 567 922 638 Πῦς
936 554 991 638 οὖν
1007 559 1224 644 ἀφανιζομένης
1247 567 1302 641 τῆς
1319 556 1436 644 σαρκῦς
1456 561 1484 623 έν

319 669 393 754 χειρί
410 674 465 732 τοῦ
481 664 641 748 διαβόλου,
662 664 714 729 καί
731 666 899 747 σωζομένου
919 669 974 728 τοῦ
996 662 1178 746 πνεύματος,
1200 665 1242 728 έτι
1261 663 1341 728 ἔσται
1361 657 1486 726 ιίνοίστιι-
1571 692 1572 718 2

319 791 365 846 σις
379 767 540 852 στομάτοιν,
561 765 582 848 ἡ
601 765 727 852 σαρκόςς
755 768 816 831 Χαί
832 765 889 833 οῦκ
907 761 987 832 οίῦεν
1003 762 1021 831 0‘
1037 765 1159 852 α”πειρος
1175 763 1250 831 κατοί
1265 761 1366 828 πάντα
1387 762 1435 829 ὅτι
1452 761 1485 826 τιί

321 875 391 956 έργα
415 878 469 953 τῆς
492 867 606 954 σαρκὸς
630 873 769 954 πορνεία,
796 873 924 950 μοιχεία,
947 867 1096 954 ἀσέλγεια,
1127 869 1177 934 καί
1198 865 1235 931 τοί
1248 865 1369 942 τούτοις
1384 863 1486 948 ῦμοιο,

206 979 218 1000 “
320 975 371 1039 καί
394 969 432 1038 οῦ
455 975 523 1058 περί
548 971 642 1055 αὐτῆς
664 979 718 1054 τῆς
741 968 851 1055 σαρκὸς
875 971 964 1055 λέγει,
994 966 1066 1034 ἄλλα
1086 976 1149 1034 τῦν
1171 971 1266 1053 έργυν
1286 974 1341 1051 τὴς
1366 967 1486 1054 σαρκός.
1571 967 1572 972 ’

311 1075 383 1140 Ὅτε
399 1075 453 1157 μέν
469 1072 619 1159 ίργοίσεται
633 1077 784 1158 πορνείαν,
804 1069 824 1154 ἡ
841 1070 914 1158 σῦρξ
931 1070 1090 1156 ἐργάζεται,
1106 1071 1159 1138 έιέν
1175 1072 1207 1136 d}
1221 1069 1368 1153 κτήσηται
1380 1068 1485 1155 έγιιριὶ·

320 1203 411 1258 τειαν,
435 1173 532 1242 οιίκέτι
549 1175 570 1262 ἡ
584 1175 657 1260 σοίρξ
675 1173 773 1260 4σιίρξ
791 1177 879 1252 έστιν,
902 1172 975 1239 αἰλλοί
989 1171 1011 1256 ἡ
1028 1173 1100 1259 σαίρξ
1115 1175 1324 1256 μεταβέβληται
1339 1177 1385 1249 είς
1398 1181 1485 1238 πνεῦ·

321 1303 372 1362 μα.
401 1276 454 1356 Ὡς
469 1281 519 1344 καί
536 1276 554 1345 o‘
568 1277 734 1352 ἀπόστολος
751 1277 826 1361 λέγει
846 1275 908 1354 ὅτι,
929 1271 964 1340 ‘O
977 1273 1114 1360 οίπαργὴς
1128 1273 1267 1354 συζεύξας
1278 1275 1315 1340 τῦ
1330 1273 1488 1359 ἀμφότερα

322 1379 420 1466 είπεν,
448 1378 525 1445 Ἀντί
542 1379 651 1446 τούτου
667 1383 835 1460 καταλείψει
854 1377 1017 1463 ῦνθραπος
1034 1376 1086 1443 τόν
1110 1379 1223 1463 πατέρα
1245 1375 1338 1444 αὐτοῦ
1360 1379 1411 1444 καί
1436 1375 1489 1460 τὴν

323 1485 434 1568 μητέρα
450 1482 554 1562 αὐτοῦ,
577 1485 625 1547 καί
643 1481 856 1563 κολληθήσεται
869 1487 905 1570 τῇ
921 1482 1040 1566 γυναικί
1057 1480 1162 1558 αὐτοῦ,
1185 1482 1237 1545 καί
1251 1482 1369 1545 ἔσονται
1385 1483 1417 1545 οί
1432 1479 1488 1544 ῦῦο

321 1587 366 1661 τίς
385 1581 482 1668 σείρκα
500 1589 586 1667 μίαν·
619 1580 660 1660 τίς
684 1580 702 1649 ὅ
726 1582 909 1666 κολλοίμενος
933 1591 969 1672 τὴ
992 1581 1090 1671 πόρνη
1107 1586 1143 1646 έν
1166 1581 1251 1665 σιῦμεί
1267 1583 1343 1662 έστι,
1375 1578 1491 1647 ικιιίιί

324 1684 509 1768 κολλώμενος
533 1693 574 1775 τρῦ
596 1689 691 1774 κυρίῳ
710 1689 745 1750 ἓν
766 1683 883 1766 πνεῦμοί
906 1687 992 1750 έστιν.
1041 1681 1137 1768 ο’Ἆρα
1156 1675 1212 1750 οὖν
1235 1681 1254 1749 ὁ
1275 1682 1332 1767 τὴν
1349 1689 1492 1770 πορνείαν

324 1786 517 1874 έργαζόμενος
539 1785 612 1872 σαίρξ
628 1789 790 1873 γεγένηται·
821 1782 858 1851 οῦ
875 1784 968 1868 μόνον
984 1783 1061 1867 αῦτὴ
1081 1782 1203 1872 ἡσιίρξ,
1226 1782 1298 1850 οίλλοί
1314 1787 1366 1852 καί
1383 1785 1491 1864 πάντα,

323 1892 375 1956 καί
388 1889 472 1973 ψυχὴ
495 1891 545 1954 καί
560 1887 597 1954 τοί
616 1887 702 1967 ἄλλα,
725 1885 798 1972 σοίρξ
818 1892 934 1973 γίνεται.
980 1889 1149 1969 Κολληθείς
1170 1886 1226 1974 γὰρ
1248 1893 1284 1978 τῇ
1301 1885 1404 1976 πόρνη
1419 1887 1492 1970 σιίρξ

324 1994 454 2078 ἐγένετο,
484 1993 536 2056 καί
554 1989 597 2056 οίν
614 1989 755 2074 σαρκικῦς
772 1989 845 2074 σοίρξ
866 1988 942 2066 ὅλοις
960 1989 1098 2056 καλεῖται.
1141 1987 1175 2054 ‘0
1192 1991 1226 2054 δέ
1243 1988 1430 2072 κολλώμενος
1450 1997 1491 2078 τῷ

324 2097 419 2181 κυρίῳ
432 2097 469 2158 ἓν
487 2090 603 2175 πνεῦμά
619 2094 689 2170 έστι,
712 2093 844 2158 τουτέστι
858 2099 943 2174 σῶμα
956 2094 1008 2158 καί
1028 2090 1122 2175 ψυγὴ,
1144 2092 1195 2158 καί
1211 2089 1308 2158 πάντα
1323 2095 1354 2156 εί
1367 2099 1397 2158 τί
1413 2096 1492 2158 έστιν

325 2197 415 2283 ἐντῷ
433 2192 606 2283 οίνθροίπφ,
633 2198 669 2259 έν
689 2200 806 2276 πνεῦμα
829 2197 860 2260 έν
885 2199 928 2282 τῷ
945 2198 1048 2282 κυρίρι.
1094 2197 1154 2258 Χαί
1177 2195 1245 2278 περί
1268 2191 1379 2260 τούτου
1404 2219 1491 2278 νομο-

198 2335 249 2382 μις.
262 2325 308 2370 τοι.
328 2304 427 2364 θετοῦν
443 2294 460 2362 ὁ
477 2295 570 2373 αὐτὸς
585 2292 750 2371 οίπόστολιίς
767 2317 856 2378 φησι,
887 2292 922 2359 ‘0
940 2294 1013 2373 θεὸς
1030 2298 1117 2363 ἔθετο
1141 2298 1171 2362 έν
1194 2293 1306 2379 σοιίματι
1332 2295 1434 2362 πόνου
1456 2295 1492 2360 τὲ

325 2400 413 2483 μέλη,
436 2401 560 2464 ἕκαστον
575 2396 682 2473 καθείς
698 2398 841 2481 ἠθέλησε·
864 2399 914 2462 καί
933 2396 991 2482 ὅρα
1006 2404 1072 2474 παῖς
1090 2395 1231 2484 ὁμολογεῖ
1243 2397 1295 2463 τῦν
1310 2396 1389 2466 θεῦτ
1404 2425 1493 2481 ποιη-

325 2499 380 2584 τὴν
398 2509 452 2566 τοῦ
470 2499 609 2583 σώματος
624 2502 678 2565 καὶ
696 2501 787 2581 θέτην
809 2505 870 2564 τῶν
891 2501 925 2564 έν
943 2496 1016 2582 ἡμῖν
1031 2507 1140 2582 μελῦυ,
1169 2502 1219 2565 καί
1236 2498 1346 2576 καθείς
1360 2499 1492 2582 ἠθέλησε

326 2610 361 2692 τῇ
380 2605 442 2690 ίῦίρι
463 2607 555 2689 σοφίρι
571 2603 622 2666 καί
634 2599 808 2686 οίγαθιίτητι.
855 2598 958 2666 7Είτα
974 2599 1077 2680 πάλιν,
1100 2600 1166 2666 οίντί
1182 2609 1236 2668 τοῦ
1252 2607 1493 2688 παραδείγματος

300 2709 382 2769 ’τοῦ
397 2701 543 2788 ἡμετέρου
562 2702 715 2786 σοι’ματος,
745 2711 800 2769 τοῦ
820 2709 968 2790 Χριστοῦ,
998 2700 1050 2778 Ὡς
1071 2706 1124 2768 καί
1146 2701 1233 2785 ἡμεῖς
1254 2711 1342 2786 σοῖμα
1359 2711 1493 2789 Χριστοῦ

328 2807 430 2886 έσμεν,
451 2807 502 2871 καί
517 2807 588 2888 μέλη
605 2808 639 2870 έκ
655 2805 774 2888 μέλους,
797 2808 849 2870 καί
867 2803 887 2888 ἡ
902 2808 1040 2887 ἐκκλησία
1061 2813 1116 2870 τοῦ
1131 2813 1222 2886 θεοῦ,
1244 2806 1309 2890 ἥτις
1329 2809 1394 2872 έττί
1409 2815 1494 2888 στῦμα

330 2913 468 2990 Χριστοῦ.
514 2909 557 2971 Et
577 2914 663 2988 σῶμα
686 2911 789 2972 τοίνυν
811 2905 930 2989 θεοῦὴ
956 2910 1094 2990 ἐκκλησία
1119 2910 1317 2990 κεκολλημένη
1340 2915 1385 2997 τῷ
1404 2909 1493 2974 πνεῦ-

328 3035 413 3091 ματι,
437 3009 566 3074 τουτέστι
585 3015 626 3099 τῷ
643 3013 753 3097 κυρίῳ,
776 3011 809 3074 έν
826 3008 942 3090 πνεῦμά
959 3011 1048 3090 ἔστιν,
1070 3006 1088 3074 ὅ
1105 3007 1155 3074 α’π’
1173 3007 1267 3092 αὐτῆς
1277 3014 1382 3076 τοίνυν
1400 3008 1494 3094 ἆμαρ-

325 3110 421 3178 τιίναν
438 3110 606 3195 πνεύματος
621 3108 768 3189 έκττεσοίν,
800 3109 872 3196 σαίρξ
892 3111 1043 3196 γεγένηται
1063 3110 1154 3190 ὅλοις,
1184 3119 1268 3201 ψυχῇ
1290 3115 1342 3178 καί
1364 3111 1495 3195 σόμαιι,

327 3214 379 3278 καί
395 3217 425 3278 εί
444 3219 494 3278 8τί
511 3217 588 3279 ἐστιν
603 3216 634 3278 έν
650 3209 739 3301 αὐτῷ.
778 3212 865 3278 Ἐπεὶ
881 3219 947 3290 ποῦς
968 3212 1093 3280 έῦιίνατο
1109 3216 1198 3298 μέρος
1213 3218 1433 3300 παραδοθῆναι
1457 3223 1495 3302 τῷ

327 3320 439 3403 σατανρῖ
448 3365 457 3394 ,
478 3318 529 3380 καί
544 3317 635 3399 μέρος
650 3311 692 3395 μὴ
709 3318 922 3398 παραδοθῆναι
928 3343 937 3392 ;
972 3315 1018 3380 Οῦ
1034 3314 1090 3402 γιίρ
1110 3311 1173 3381 είπε
1186 3319 1407 3399 παραδοθῆναι
1436 3317 1496 3400 Τὴν

325 3415 423 3502 σιίρκα
436 3423 478 3505 τῷ
494 3423 623 3503 οατανιγί,
650 3413 722 3480 ἄλλοί
739 3420 928 3500 παραδοῦναι
954 3416 1014 3482 Τὸν
1028 3424 1171 3484 τοιοῦτον.
1213 3414 1248 3482 ‘0
1264 3418 1298 3483 δέ
1315 3420 1414 3503 λέγειν
1438 3419 1497 3486 Τῦν

324 3526 462 3587 τοιοῦτον
481 3516 622 3606 ὅλοσχερὴ
639 3513 805 3602 έινθροοπον
819 3515 874 3584 σῦν
892 3525 975 3608 ψυχὴ
991 3522 1044 3585 καί
1060 3522 1150 3585 παντί
1166 3525 1208 3608 τῷ
1224 3517 1380 3606 οίνθρτίπφ
1397 3549 1497 3607 παρα-

326 3623 463 3686 δέδωκεν.
487 3623 531 3685 El
545 3622 578 3685 δέ
593 3618 663 3686 ὅλον
680 3621 901 3705 παραδέδυκεν,
916 3619 985 3686 ὅλον
1001 3620 1098 3707 σείρκα
1113 3619 1302 3704 ιίπεφὴνατο·
1325 3620 1359 3688 τιί
1373 3633 1497 3707 πνεῦμα

325 3726 358 3790 δέ
375 3723 484 3808 έῦὴλου
497 3721 644 3802 σοέζεσθαι
662 3724 704 3796 είς
718 3719 772 3804 τὴν
788 3717 904 3806 ἡμέραν
920 3727 1035 3809 κυρίου.
1070 3723 1138 3790 Ἵνα
1152 3720 1193 3806 μὴ
1210 3721 1273 3790 τίπιί
1291 3725 1391 3791 αἰτίαν
1409 3729 1496 3810 ybas

324 3852 373 3891 ται
386 3823 406 3908 ἡ
420 3828 558 3909 ἐκκλησία
572 3831 626 3890 τοῦ
642 3821 815 3906 σφάλματος
828 3830 882 3888 τοῦ
898 3827 1062 3905 σφαλέντος
1078 3825 1261 3912 ἇνθροέπου,
1282 3828 1335 3892 καί
1350 3835 1496 3916 μολυνθῇ

325 3927 378 4010 ὅλη
397 3925 417 4012 ἡ
432 3921 570 4012 έκκλησίοι
585 3932 626 4014 τῷ
640 3923 856 4010 παραπτώματι
871 3933 925 3993 τοῦ
940 3925 1022 4007 ένιίς,
1044 3930 1134 4014 λέγει,
1167 3927 1327 4012 Παροίῦοττ
1345 3927 1400 3993 τῦν
1418 3953 1496 4010 σφι.

324 4031 426 4110 λίντα,
447 4033 498 4096 ἵνα
519 4025 551 4095 τῦ
572 4034 704 4111 πνεῦμα,
726 4029 875 4094 τουτέστιν
897 4028 951 4112 ίίλη
975 4026 994 4112 ἡ
1011 4031 1164 4113 ἐκκλησία,
1185 4036 1285 4118 σωθῇ.

360 4245 385 4302 4.
401 4253 505 4304 Alterum
521 4248 585 4320 οείρΕ
602 4257 682 4304 σακία
695 4255 733 4303 ειλ
743 4255 826 4304 Ριλου.
845 4255 888 4305 σο·
957 4253 980 4306 7.
1000 4255 1098 4315 „Deest
1114 4252 1228 4320 aliqui&
1253 4257 1279 4305 λιι
1295 4267 1374 4318 ποορ.
1387 4263 1493 4306 nm·

325 4319 371 4370 ίοτι.
386 4326 455 4382 repet
922 4325 956 4372 νίλ
972 4325 1092 4374 petavius.
1126 4325 1210 4385 ίλτμείτ
1225 4325 1297 4372 ιιισσο
1317 4319 1382 4388 φησὶ
1400 4337 1434 4372 ατ
1453 4339 1493 4372 ιι-

360 4386 385 4436 5.
403 4384 448 4437 καλ
465 4402 510 4437 οιιι.
526 4391 552 4438 in
566 4391 602 4438 ed.
620 4391 701 4440 Ριιου.
722 4391 801 4440 Coton.
817 4393 888 4451 ετμελ
920 4393 1059 4452 purioribus.
1096 4391 1225 4441 σοτκοτλιιι
1247 4393 1331 4451 verm,
1355 4393 1435 4439 ειῦικτ
1452 4405 1491 4440 ττ·

360 4449 385 4504 6.
402 4441 453 4518 ἆρα
468 4456 520 4504 αοιί.
533 4456 631 4519 matu.
922 4463 1017 4522 οιιεοίε,
1036 4455 1128 4510 deinde
1141 4473 1189 4524 μισ
1204 4455 1320 4524 amplo
1334 4455 1414 4508 noetn‘
1429 4473 1492 4506 οοε-
