3168 4926
369 263 504 317 raanan
522 263 584 318 nto.
601 265 632 317 ιι.
648 262 730 318 non.
745 265 765 316 1.
782 257 883 316 naun.
897 264 1015 316 xcvtu.
1228 252 1270 324 25,

114 383 235 447 rationis
251 405 338 448 usum
356 384 520 448 amiserint.
565 381 643 448 Nam
663 395 693 448 et
716 381 823 447 Petrus
841 393 928 448 estre
947 403 980 446 se
997 394 1097 469 raptus
1114 383 1268 469 aliquando

114 489 236 565 dieitur,
262 509 321 550 nun
343 486 419 571 quod
444 487 570 550 habitum
591 487 666 550 ultro
686 487 818 570 «citroque
841 507 1007 550 sermonem
1029 486 1192 569 ignorarit,
1217 487 1268 550 sed

116 593 186 675 quod
205 601 326 676 praeter
342 589 542 674 quintilianum
560 610 643 652 nsum
661 589 799 652 ttonttulla
816 589 878 651 lieri
897 588 974 651 inter
993 589 1125 652 bonitines
1139 589 1269 652 animad-

115 704 255 756 verteret.
304 697 381 754 Vadit
407 697 479 754 erola
508 695 622 754 bboeum
653 696 820 764 demessum,
853 704 883 752 et
904 696 996 752 omneis
1020 696 1212 774 quadrupedia
1233 713 1268 753 ne
1281 703 1328 746 tec
1342 703 1375 752 tt.
1389 701 1421 746 tl·

116 800 274 876 reptilium
293 799 368 858 coeli
382 797 512 856 uolucres
529 801 558 858 ab
577 817 608 856 eo
629 798 778 856 contineri.
825 791 919 877 Quam
939 813 1027 878 porro
1044 813 1118 876 quae
1133 793 1269 858 diceren-

115 907 160 960 tur
176 899 277 962 animo
293 896 477 984 perceperit,
503 918 557 961 neo
574 919 590 962 a
608 907 685 960 statu
705 896 828 960 rationis
845 895 958 960 alienus
976 896 1081 974 luerit,
1105 916 1143 960 ex
1163 917 1199 960 eo
1219 919 1268 981 pu-

113 1012 155 1064 tes
171 1001 343 1064 discernere
361 1001 456 1084 qnod,
481 1020 545 1062 utam
563 985 710 1064 niudisset:
734 1003 845 1079 Surge,
870 1003 965 1060 coctile
984 1009 1015 1059 et
1032 1003 1184 1073 munduca,
1210 1021 1267 1062 nou

112 1103 189 1166 illico
210 1103 296 1166 velut
316 1104 422 1166 mentis
447 1101 564 1165 minime
585 1123 705 1186 compos
729 1101 918 1185 obsequitur,
942 1101 993 1163 sed
1014 1099 1054 1162 ita
1079 1099 1197 1166 domina
1221 1121 1268 1165 re·

113 1207 255 1290 spondet:
272 1208 374 1278 Adsit,
386 1209 510 1268 domnae:
529 1209 604 1268 nidil
617 1223 737 1286 amquam
752 1205 895 1266 commone
909 1207 956 1266 oel
967 1207 1136 1266 emmundnm
1151 1208 1271 1266 nbuom‘t

111 1313 139 1368 o'n
162 1331 195 1370 os
222 1331 322 1370 meum.
369 1306 456 1390 Quod
482 1317 578 1370 autem
603 1307 637 1368 ad
661 1303 804 1370 Davidem
826 1307 947 1386 attinet,
979 1307 1026 1390 qui
1052 1305 1143 1385 dixit,
1174 1311 1269 1368 emon
1318 1336 1321 1342 ¹

111 1413 191 1470 tom
210 1415 348 1484 mendae,
374 1430 439 1473 cum
463 1408 586 1488 adiecit,
610 1412 675 1489 Ego
693 1413 770 1482 dabri,
796 1409 929 1494 privatim
954 1419 985 1472 et
1003 1430 1042 1474 ex
1066 1429 1118 1472 soa
1141 1429 1267 1493 persona

111 1512 227 1576 locutus
246 1523 311 1590 est,
335 1521 367 1575 ut
383 1511 499 1574 mentiri
517 1509 651 1574 homines
667 1511 840 1590 affirmaret,
864 1511 1006 1575 mendacii
1025 1513 1087 1596 ipse
1112 1522 1192 1576 esset
1214 1531 1268 1574 eu·

112 1636 192 1700 pers.
228 1611 289 1678 Sed
307 1613 442 1678 nimirum
460 1613 506 1677 dei
522 1613 730 1696 benignitatem
750 1613 941 1677 vehementer
954 1614 1115 1678 admiratus
1131 1625 1188 1690 est,
1208 1625 1267 1676 tom

111 1717 187 1802 quod
205 1699 444 1782 numinis'alllatn
460 1717 672 1801 quamplurima
687 1715 755 1780 olim
772 1726 897 1779 ventura
911 1718 1119 1800 praedixisset,
1144 1735 1269 1800 cumque

112 1819 262 1884 universis
288 1819 452 1883 bominibus
479 1818 679 1882 necessariam
704 1839 772 1882 esse
795 1819 841 1880 dei
864 1819 1092 1882 misericordiam
1117 1829 1266 1896 cerneret,

111 1921 167 1985 soli
196 1922 313 1986 domino
338 1921 492 1985 veritatem
518 1921 666 1998 attribuit,
697 1942 730 1984 ec
755 1921 895 1984 mortales
919 1941 1022 1984 omnes
1044 1921 1267 2006 reprehensioni

112 2025 260 2088 obnoxios
276 2043 343 2086 esse
360 2023 576 2107 pronuntiavit,
600 2035 633 2087 ut
649 2045 751 2087 verum
769 2023 797 2086 in
816 2023 964 2108 prophetis
982 2023 1108 2087 locutum
1125 2043 1192 2088 esse
1210 2023 1268 2109 spi-

113 2128 201 2190 ritum
225 2126 414 2204 ostenderet,
439 2146 563 2208 cumque
582 2126 618 2189 iis
640 2125 782 2189 altissima
805 2125 922 2189 divinae
946 2125 1123 2208 cognitionis
1148 2147 1269 2190 accura-

112 2243 216 2312 taeque
234 2229 378 2292 scientiae
397 2249 506 2291 arcana
527 2228 770 2292 communicasse.
816 2227 982 2292 Abraamus
1004 2228 1103 2290 itidem
1128 2239 1213 2292 extra
1235 2249 1268 2297 se

113 2332 204 2395 luisse
226 2343 329 2416 raptus
355 2329 510 2407 scribitur,
535 2351 593 2392 nno
614 2340 645 2392 nt
663 2330 751 2392 antimi
767 2329 911 2413 impotens
929 2339 1027 2406 esset,
1052 2330 1103 2392 sed
1127 2331 1269 2395 duntaxat

114 2433 217 2496 timore
235 2434 400 2519 perculsus.
445 2431 528 2496 Vidit
544 2431 620 2495 enim
638 2432 692 2494 snb
712 2431 782 2496 solis
798 2453 934 2496 occasum
952 2432 1095 2495 clibanum
1112 2453 1179 2496 *cum
1197 2433 1269 2495 lam·

94 2532 248 2620 'podibus
291 2533 464 2618 Eodemque
489 2535 575 2597 modo
592 2534 751 2619 prophetae
773 2535 882 2612 ceteri,
906 2555 970 2597 cnm
989 2533 1103 2596 obiecta
1126 2533 1269 2598 sibivisa
1310 2540 1313 2548 ’
1413 2545 1416 2562 ·

113 2647 289 2715 cernerent,
314 2638 342 2700 in
365 2639 467 2700 eodem
487 2636 593 2699 mentis
610 2635 713 2719 vigore
734 2637 935 2721 perstiterunt.
982 2632 1033 2700 Sic
1048 2635 1126 2700 enim
1142 2633 1268 2722 Moyses

114 2740 246 2803 dicebatz
275 2744 384 2802 Terrore
394 2743 545 2822 perculsus
560 2761 621 2800 enm
639 2760 674 2801 oe
689 2741 832 2800 cohorrui.
879 2737 1046 2802 Abraamtts
1063 2759 1136 2803 vcro
1154 2760 1230 2822 quae
1250 2751 1420 2810 auserunt.

112 2843 230 2906 domiuo
246 2855 315 2905 sunt
332 2841 408 2905 dicta
426 2839 574 2927 percepit:
598 2845 677 2904 Scito
695 2863 899 2922 praenoscens,
924 2845 999 2922 qnod
1015 2847 1199 2924 peregrinum
1218 2845 1267 2923 fu·
1280 2857 1419 2914 cauete.

112 2959 207 3008 man
222 2950 263 3006 sit
281 2965 374 3007 amuco
393 2955 469 3006 munt
485 2947 515 3006 io
537 2956 614 3006 terro
631 2947 724 3006 otnero
743 2949 826 3006 onnia
843 2947 1068 3025 qoudrrbgeotob.
1115 2941 1174 3008 lam
1197 2943 1266 3008 illud

111 3047 351 3112 animadvertere
368 3055 396 3108 te
411 3057 492 3131 puto,
517 3067 591 3130 quae
607 3067 623 3108 a
639 3046 788 3132 prophetis
805 3047 1031 3131 pronuntiantur
1047 3046 1143 3108 omnia
1157 3057 1266 3110 etcum

112 3153 216 3214 eadem
233 3148 322 3212 animi
342 3149 508 3232 praesentis
527 3161 639 3212 etcum
659 3159 739 3212 certa
756 3169 791 3214 ac
810 3149 943 3234 prodenti
963 3146 1076 3212 ratione
1095 3149 1233 3233 prolerri.

196 3249 286 3334 Quod
308 3249 333 3314 si
355 3249 424 3314 illud
449 3250 606 3329 obiiciant,
630 3252 841 3334 posterioribus
861 3251 945 3314 donis
968 3253 1067 3335 priora
1091 3273 1150 3314 non
1173 3251 1265 3315 luisse
1285 3251 1418 3320 ctt>·V¹¹¹·

113 3355 238 3433 similia,
263 3353 434 3437 quibusnam
455 3353 484 3416 id
507 3353 687 3436 argumentis
708 3354 852 3417 efficient?
896 3349 987 3417 Certe
1010 3354 1087 3417 enim
1108 3353 1267 3440 prophetae

114 3477 232 3535 omnes,
257 3468 288 3519 et
304 3455 427 3540 apostoli
445 3476 503 3519 non
521 3455 653 3520 dissimili
669 3477 684 3518 a
699 3477 732 3519 se
747 3457 872 3520 invicem
891 3457 1004 3520 ratione
1018 3456 1168 3522 vaticinati
1185 3466 1264 3520 sunt.

113 3557 252 3646 inprimis
276 3579 340 3620 cnm
368 3559 546 3622 ascettdente
571 3559 600 3622 in
624 3559 735 3624 coelum
756 3559 873 3622 domino
897 3560 970 3622 duos
993 3560 1059 3623 illos
1081 3562 1111 3623 io
1133 3557 1266 3624 vestibus

113 3663 185 3726 albis
204 3661 384 3746 aspicerent,
408 3681 467 3724 non
485 3671 617 3724 amentes
633 3661 791 3744 furiosique
807 3662 956 3740 viderunt,
980 3663 1032 3725 sed
1046 3662 1162 3743 integro
1174 3661 1265 3724 animi

112 3763 221 3827 iudicio
237 3762 341 3846 suique
357 3773 507 3847 compotes
522 3763 692 3827 audieruut:
718 3769 782 3826 Vel
796 3768 927 3841 Gale'loer',
952 3769 1114 3846 quatientis
1128 3767 1265 3843 captonn-
1278 3782 1326 3826 sec
1341 3781 1405 3839 t,1t.

114 3879 153 3928 tes
170 3873 202 3928 o'n
226 3867 357 3926 coelom?
399 3870 453 3926 Hic
470 3870 565 3940 Iesos,
590 3871 643 3948 qui
661 3880 819 3948 assumptus
837 3881 914 3930 esto
938 3870 1015 3930 oodr's
1030 3872 1059 3928 in
1075 3869 1199 3940 coelum,
1223 3871 1266 3928 sic

112 3973 220 4040 mmet,
245 3977 300 4028 ete.
348 3964 426 4051 Quin
446 3978 476 4030 et
492 3965 600 4032 Petrus
621 3968 740 4046 videns,
765 3970 805 4032 uti
823 3971 1009 4048 dictumest,
1034 3981 1063 4031 et
1080 3966 1202 4032 audiens
1221 3979 1265 4031 et·

114 4091 168 4154 qne
186 4070 233 4132 bis
250 4067 349 4132 verbis
368 4071 568 4152 respondeam
598 4074 694 4146 Absit,
720 4075 843 4146 domme,
868 4071 991 4136 eandem
1010 4071 1155 4136 retinebat
1176 4073 1265 4136 animi
1278 4089 1371 4146 sant,
1384 4089 1416 4135 ιι.

115 4173 323 4238 coustantium.
368 4171 489 4255 Agabus
511 4173 645 4238 similiter
658 4173 753 4238 alllstu
776 4174 945 4259 prophetico
964 4173 1124 4240 instructus
1141 4176 1265 4240 admira-

115 4273 164 4338 bili
190 4275 317 4360 quodam
342 4274 441 4338 habitu
465 4287 607 4360 gestuque
632 4277 707 4360 qnod
731 4276 855 4340 littorum
881 4287 945 4340 erat
967 4277 1140 4343 adumbrare
1163 4279 1265 4342 volens

115 4431 264 4550 Qumuaupm
280 4431 340 4481 illud
365 4427 411 4482 nal
423 4397 488 4494 ⁸ttple
507 4433 582 4494 ροιιὶι
598 4433 743 4494 interpretari
767 4429 822 4496 vel,
850 4429 941 4492 etiam,
967 4437 993 4484 ut
1009 4435 1100 4497 ottootu
1116 4437 1207 4483 mmm
1223 4435 1265 4484 vix

115 4511 173 4562 epau
