3148 4938
373 247 510 301 ennenn
527 249 591 300 ιιι.
604 249 636 300 ιι.
652 249 737 301 τοι.
749 249 781 300 ιι.
799 247 900 303 nene.
912 247 1009 300 nxrx.
1214 233 1274 302 eoo

111 377 166 430 ιιι
180 363 265 430 initio
280 386 320 430 ex
337 375 438 452 petre,
469 378 529 431 torn
553 367 582 432 in
606 378 687 432 terre
709 367 775 434 sine
797 367 864 432 tane
886 367 944 432 otio
967 378 998 431 et
1020 369 1133 434 moenio
1155 369 1219 434 sole
1241 389 1275 434 se

111 489 181 533 esse
204 469 240 532 tie
263 480 357 532 matre
378 470 521 552 genitum.

197 571 296 655 Atque
312 582 344 634 nt
358 591 448 634 voees
465 569 531 635 itt-se
552 572 799 657 interpretemur,
830 576 1101 647 Antoninorum,
1136 573 1191 638 ιιι
1213 585 1272 652 est,
1298 577 1390 698 Kasp}

107 677 248 736 Ειιιιιιε
260 675 444 756 scorpione
458 695 517 750 roe,
543 674 679 758 quioquid
702 673 826 738 niterent
844 674 956 759 gignit,
981 675 1076 738 simite
1096 675 1195 760 ntiqne
1218 676 1274 741 sibi

105 776 215 860 gignit.
248 773 332 858 Ergo
346 786 376 838 et
391 775 537 840 hominen
558 776 645 840 homo
662 788 798 860 generet,
823 789 853 841 et
872 778 946 841 deos
961 778 1059 841 deum.
1096 774 1151 840 itte
1169 795 1272 859 onrne,

108 876 159 941 irio
174 877 279 963 spiritu
299 889 434 960 generet.
481 874 587 961 antis
607 893 698 964 porro
717 891 763 944 est
781 898 928 963 generans
946 879 1050 959 homo,
1086 879 1151 944 tetis
1176 891 1223 943 est
1243 891 1275 944 et

106 981 239 1064 genitus.
280 979 376 1046 iionoo
396 981 444 1066 qni
462 992 585 1065 generet
605 1003 669 1045 onnr
688 973 895 1046 effectionibus
911 982 950 1046 sit
967 983 1127 1060 obnoxios,
1152 983 1275 1066 perinde
1294 1039 1297 1046 .

107 1094 142 1146 et
156 1083 245 1146 titium
262 1082 374 1167 gignite
399 1085 472 1148 deus
488 1095 585 1146 entem
603 1085 683 1148 ononi
706 1085 1004 1163 eiieotioneoerens,
1035 1083 1101 1147 sine
1118 1085 1220 1148 eodem
1243 1095 1275 1150 et

106 1185 276 1268 genitenta
300 1205 333 1249 se
351 1185 440 1250 titinnr
460 1185 614 1272 produxit,
639 1187 803 1271 etquidem
822 1203 912 1265 vere,
937 1205 995 1250 ιιι
1010 1185 1110 1272 speeie
1125 1187 1207 1266 sote,
1232 1205 1273 1252 ex

106 1287 287 1372 semetipso,
319 1309 378 1352 non
403 1299 490 1352 entre
514 1309 566 1369 se,
596 1290 716 1372 gennit,
749 1289 871 1374 spiritns
893 1289 1010 1373 ntique,
1042 1289 1106 1352 sine
1131 1287 1207 1368 ιΙΙι,
1232 1289 1274 1353 nti

106 1387 191 1466 dixi,
213 1389 386 1468 eii‘eotione,
411 1412 446 1455 ιι
464 1389 529 1454 sine
550 1392 652 1455 eedem
672 1391 806 1476 spiritum
824 1411 990 1475 generens,
1016 1391 1089 1455 dens
1108 1390 1274 1456 eii'eotionis

105 1511 219 1577 expers
236 1513 341 1555 veroin
357 1493 443 1556 tienne
460 1492 524 1556 sine
542 1493 699 1558 attentione
715 1495 893 1578 protinoens.
938 1491 1058 1558 Etenim
1076 1493 1124 1557 itte
1141 1495 1205 1580 ipse
1224 1494 1273 1578 qni

104 1594 222 1658 oreevit
241 1595 360 1673 omnia,
384 1595 411 1658 id
428 1599 558 1679 quodne
576 1607 607 1658 tn
624 1596 741 1679 quidem
761 1596 886 1660 iniioinri
903 1597 1012 1674 entire,
1043 1619 1062 1658 o
1079 1597 1156 1676 Ari,
1181 1595 1270 1675 idem,

105 1697 242 1781 inquam,
267 1697 356 1760 fliium
377 1697 490 1781 gennit.
537 1694 639 1780 Quare
656 1698 682 1761 si
698 1689 777 1762 istut
795 1697 938 1775 obiicias,
969 1699 993 1761 si
1013 1698 1134 1782 gennit,
1157 1699 1272 1784 passio·

105 1819 179 1862 nen
197 1800 323 1884 reliquom
340 1799 490 1884 gignendo
515 1809 658 1884 expertus
678 1809 740 1878 est,
775 1799 826 1863 tibi
849 1801 904 1864 hoo
922 1800 1053 1864 vieissinr
1077 1818 1270 1885 opponentne,

104 1901 135 1963 si
153 1902 322 1984 generando
341 1900 448 1986 etiqniti
469 1921 572 1985 pessos
594 1913 657 1981 est,
690 1903 779 1966 etiarn
803 1903 833 1966 in
856 1903 986 1966 creneio
1004 1899 1161 1968 loboravit.
1206 1901 1274 1967 iles

102 2002 172 2088 ipse
195 2025 284 2088 porro
307 2005 351 2066 sio
370 2025 404 2067 se
424 2003 512 2068 habet
538 2013 569 2067 ut
585 2025 787 2090 qnneentnqne
808 2005 937 2069 voluerit
960 2006 992 2068 in
1013 2005 1114 2090 seipso
1138 2007 1271 2090 periente

104 2104 277 2184 eontineot,
308 2129 343 2170 no
362 2125 458 2191 nenne
482 2107 511 2170 in
534 2107 624 2171 rebus
647 2107 838 2192 procreandis
855 2107 1042 2172 offeo=tionem
1065 2108 1152 2171 utinm
1176 2108 1272 2172 sosoi·

102 2208 186 2293 piet,
211 2227 306 2292 neqne
328 2221 448 2294 propter
466 2209 609 2294 integram
631 2231 666 2274 eo
681 2212 868 2296 purissimos
893 2211 943 2274 iiiii
962 2211 1185 2294 generationem
1210 2211 1269 2295 poti

101 2310 259 2394 qnieqneot
277 2311 406 2375 nivinnn
424 2331 532 2375 nornen
553 2312 686 2397 nffioiqne
705 2313 902 2398 enspioernnr.
949 2311 986 2378 Si
1001 2313 1118 2396 tpnirtem
1134 2310 1271 2376 inmoto·

103 2411 173 2477 bitis
192 2423 236 2476 est
254 2422 355 2498 poter,
380 2413 568 2478 immutabilis
585 2415 679 2492 titios,
704 2415 891 2478 immutabitis
908 2415 1029 2498 spiritns
1049 2424 1185 2492 senotns,
1211 2433 1270 2479 nne

103 2516 254 2594 essentie,
280 2537 338 2578 nnn
355 2513 504 2579 divinitas.
552 2516 672 2580 Atenim
690 2518 787 2596 dines,
812 2515 869 2582 Vei
889 2517 1057 2595 volentate,
1082 2517 1130 2580 vet
1150 2527 1270 2600 praeter

101 2617 287 2682 rninntntenr
305 2619 419 2700 gennit.
450 2617 518 2702 Ego
535 2639 607 2683 vero
626 2637 813 2703 nequequam
827 2639 883 2686 ero
899 2621 938 2682 toi
954 2619 1071 2697 similis,
1096 2618 1184 2680 itono
1199 2639 1272 2681 oon-

104 2719 338 2798 tentiosissirne,
371 2732 402 2784 ιι
423 2721 459 2784 de
483 2722 540 2784 deo
566 2721 721 2805 quiequam
749 2721 892 2784 einserorii
917 2722 1056 2805 eogitern.
1102 2717 1181 2784 Nem
1204 2719 1271 2784 sive

104 2832 228 2907 praeter
250 2823 432 2886 volontatem
452 2822 571 2907 gennit,
603 2823 714 2888 invitos
737 2824 856 2908 gennit,
888 2825 952 2888 sive
976 2824 1127 2886 voinetete
1153 2823 1268 2906 gennit,

103 2924 180 2988 isaeo
198 2925 261 3010 ipso
277 2927 414 2990 ιιιιιιιι
429 2925 517 2988 fitium
531 2925 705 2990 nnteeeesit.
751 2925 838 2992 Unrte
854 2927 902 2990 rei
920 2926 1069 2990 nrininnnn
1084 2925 1189 2989 snitern
1207 2945 1270 2988 nro-

103 3035 235 3090 mentnnr
257 3038 377 3112 propter
391 3027 461 3091 ittet
479 3027 639 3092 voinntetis
660 3029 809 3092 deoretnrn
835 3040 903 3093 ento
922 3029 1009 3092 etium
1032 3028 1168 3114 interoipi
1188 3038 1271 3113 pote·

102 3129 157 3192 rit.
192 3130 233 3194 At
253 3129 284 3192 in
304 3133 360 3192 deo
378 3150 473 3213 neque
491 3140 606 3215 tempus
622 3129 658 3194 ιι
675 3130 846 3216 rapiendum
862 3130 1029 3209 eonsilium,
1054 3152 1149 3216 neque
1165 3131 1271 3194 voion-

99 3241 149 3294 tae
167 3232 202 3294 ιι
218 3232 429 3316 cogitationen
446 3233 618 3316 requiritur.
666 3230 816 3315 Quooiron
836 3255 933 3319 nequo
953 3236 1056 3299 veiens
1079 3253 1174 3319 neque
1196 3253 1270 3298 vero

101 3332 209 3398 nolens
225 3333 339 3418 gennit,
363 3335 417 3398 sed
432 3335 462 3398 in
480 3346 598 3415 nature,
615 3356 690 3420 qnne
705 3336 830 3400 oonsilio
846 3337 924 3400 ornni
942 3337 1080 3422 superior
1095 3349 1152 3400 est.
1185 3335 1268 3400 Heeo

102 3435 183 3498 enirn
200 3447 247 3500 est
265 3447 367 3500 netnrn
385 3437 550 3502 divinitatis
569 3449 600 3501 ιι
616 3457 712 3522 neqne
728 3438 854 3502 oonsilio
869 3451 973 3522 egent,
999 3460 1054 3503 neo
1069 3439 1180 3524 nisque
1196 3459 1268 3502 oon·

101 3537 172 3602 silio
194 3539 348 3623 quiequam
372 3541 525 3619 nroiietnr,
559 3540 611 3604 sed
633 3560 674 3603 ex
696 3539 796 3625 seipse
824 3539 910 3604 simni
933 3541 1040 3605 hebent
1062 3541 1179 3621 omnio,
1211 3561 1268 3604 neo

99 3641 164 3704 nite
186 3661 218 3704 re
241 3641 403 3706 deioietnr.

193 3740 255 3807 inor
277 3764 350 3808 vero
376 3744 455 3808 iden
475 3744 528 3808 iile
543 3744 653 3823 Aries,
684 3744 732 3828 qni
755 3744 786 3807 in
812 3744 962 3830 eeptondis
985 3743 1107 3820 vooiins
1128 3743 1170 3808 ito
1188 3751 1268 3808 totns
1313 3758 1375 3826 cip.

99 3855 171 3925 eet,
196 3845 293 3910 nennio
319 3858 350 3910 nt
368 3847 526 3930 diiigenter
549 3847 638 3912 obest
656 3867 692 3911 eo
708 3847 885 3932 perlustret,
917 3857 1005 3931 atqne
1027 3846 1159 3932 improbe
1179 3867 1269 3930 quee-
1285 3827 1396 3882 mu·

99 3949 171 4011 dem
194 3949 387 4034 ondoqnnqne
410 3950 556 4033 vestiget,
590 3969 648 4012 non
673 3961 705 4012 ot
724 3949 833 4012 divinis
854 3949 949 4014 literis
972 3959 1173 4014 censentnnen
1193 3950 1264 4029 sint,

23 4099 43 4110 ..
98 4051 157 4116 sed
176 4071 228 4135 pro
246 4071 282 4116 eo
298 4064 388 4136 atqne
403 4053 499 4138 ipennr
515 4051 604 4116 enini
620 4053 742 4119 morbus
758 4049 917 4138 inpulerit,
933 4074 991 4137 qno
1006 4054 1044 4116 ιι
1058 4053 1164 4116 inanes
1178 4073 1267 4137 qnae·

100 4155 223 4219 stiones
238 4163 271 4218 et
286 4155 443 4220 verborum
459 4154 666 4218 contentiones
682 4154 808 4240 rapitur,-
831 4175 907 4239 qnee
923 4155 993 4218 oniti
1009 4155 1095 4219 niteri
1111 4154 1177 4220 nsni
1193 4155 1267 4237 sint,

98 4279 191 4346 qoem
212 4268 244 4320 nt
266 4268 323 4320 torn
344 4258 439 4343 ipsum
464 4277 549 4342 quom
573 4268 738 4322 sectatores
759 4277 831 4320 snos
854 4257 882 4320 in
908 4257 1068 4343 perniciem
1093 4258 1263 4323 ooniioiant.

99 4360 218 4424 renem
245 4361 336 4446 igiter
362 4361 496 4425 instituio
519 4360 597 4423 iitnm
623 4359 935 4426 dominisententiam
963 4359 1084 4448 arripit,
1120 4383 1177 4448 qne
1199 4383 1266 4428 eunt

94 4481 163 4534 tien
180 4479 269 4543 eadee,
288 4492 372 4551 neqn‘e
385 4479 462 4533 tienne
476 4478 606 4533 nffeotioni
619 4479 756 4534 obnoxiu
771 4495 828 4534 esee
843 4484 894 4536 ortt.
