3154 4930
366 249 503 305 ansano
520 251 583 304 ure.
597 253 629 304 n.
647 251 728 306 root.
742 251 773 304 n.
789 251 890 304 nana.
904 252 996 306 axvi.
1199 243 1260 308 465

103 370 195 456 igitur
209 370 344 452 amabat,
369 393 423 436 oar
439 373 469 436 in
484 393 622 452 earnem,
646 372 673 438 si
694 393 729 436 ea
751 373 826 437 mala
846 383 909 453 ost,
934 373 1050 458 regredi
1067 373 1180 440 voluit?
1208 397 1262 439 nur

105 495 164 538 non
183 485 329 540 mortuum
344 473 425 538 illum
439 475 532 540 semel
548 475 775 560 exsolutnmque
792 497 916 562 corpore
931 477 972 540 ita
989 475 1031 540 uti
1046 489 1112 542 erat
1126 475 1262 562 reliquit?
1353 465 1356 471 ¹

103 575 171 642 Nec
189 577 328 662 estquod
345 576 401 641 sibi
418 577 571 662 quisquam
591 578 766 663 persuadeat
781 575 931 642 Lazarum
953 577 1076 643 subinde
1095 599 1161 644 esse
1184 601 1262 646 mor·

105 691 197 746 tuom.
243 677 309 744 lloc
327 679 403 744 onim
421 679 604 766 evangelium
620 689 721 765 aperte
736 678 882 758 declarat,
907 677 1081 745 accubuisse
1098 690 1200 765 postea
1216 679 1261 746 le·

103 803 187 862 som,
210 793 241 846 et
259 803 325 846 com
341 803 378 860 en
397 777 547 847 Lazarum
567 782 702 847 similiter
717 781 903 864 accubuisse.
950 779 1035 866 Quin
1053 791 1083 846 et
1097 783 1167 850 illud
1185 784 1263 848 inter

105 883 298 950 Traditinnes
324 885 506 970 reperimus,
533 885 651 972 triginta
672 897 731 950 tum
749 905 842 950 annos
862 895 962 953 natum
984 885 1076 950 luisse
1096 883 1259 966 Lazarum,

103 1009 169 1052 cum
189 987 352 1052 amortuis
371 988 520 1052 excitatus
538 998 595 1052 est.
627 989 740 1072 *Atque
758 987 833 1053 idem
853 987 907 1052 ille
929 998 1030 1074 postea
1053 987 1174 1073 triginta
1196 989 1262 1053 aliis

104 1090 191 1156 annis
212 1091 306 1154 vixita
330 1101 419 1175 atque
441 1091 483 1154 ita
504 1101 637 1154 mortuus
661 1091 697 1153 atl
721 1091 867 1154 domiuum
889 1091 993 1170 rediit,
1016 1102 1048 1155 et
1069 1112 1133 1154 euna
1156 1091 1263 1156 illustri

103 1192 232 1256 nominis
253 1194 329 1256 lama
353 1203 477 1258 vocatus
500 1203 563 1273 est,
591 1203 624 1258 ut
643 1203 675 1256 et
694 1195 785 1257 ceteri
806 1214 909 1260 omnes
930 1195 965 1256 ad
990 1191 1108 1256 ultimae
1127 1214 1263 1258 resurre-

103 1294 212 1360 ctionis
231 1317 324 1380 usque
344 1306 471 1382 tempus,
495 1295 623 1380 mando,
648 1305 680 1359 ut
696 1295 841 1380 pollicitus
858 1307 914 1376 est,
939 1295 1107 1380 unigenitus
1124 1296 1170 1360 dei
1187 1295 1264 1360 lilius

102 1419 213 1485 corpus
226 1397 355 1478 animae,
380 1398 554 1484 corporique
571 1397 700 1462 restituit
716 1399 860 1479 animam,
884 1408 915 1462 et
932 1404 1082 1481 mutuique
1093 1411 1260 1482 prootgcs·
1272 1405 1415 1466 ΗΜΛ
1451 1429 1456 1440 ·

100 1506 158 1576 sa't,
182 1506 241 1563 sice
262 1502 382 1576 manna,
406 1506 465 1564 sice
486 1505 605 1576 radam,
630 1500 783 1587 rependet.

190 1601 309 1668 Etenim
334 1603 392 1668 nisi
414 1625 569 1690 corporum
588 1605 685 1668 futura
704 1613 785 1666 esset
803 1603 957 1688 aliquando
974 1605 1171 1685 resurrectio,
1194 1605 1261 1692 quid
1296 1609 1358 1676 0⁸1>-

102 1705 155 1768 ille
172 1705 227 1771 sihi
244 1706 335 1770 vellet
352 1707 475 1770 dentiam
490 1709 621 1778 cantior?
663 1701 731 1770 Neo
747 1716 793 1769 est
810 1707 885 1790 quod
905 1706 992 1792 aliqui
1010 1707 1123 1772 insanis
1137 1706 1195 1771 illis
1209 1730 1261 1772 vo·
1274 1677 1416 1797 {ffliq

103 1808 191 1873 eihns
209 1807 394 1896 obstrepant,
419 1811 522 1874 dentes
539 1807 624 1872 nohis
640 1808 674 1872 ad
693 1808 887 1878 mandendum
904 1829 971 1872 esse
989 1807 1159 1896 lahrieatos.
1204 1808 1264 1874 Ee-

102 1909 174 1995 quid
190 1932 262 1976 vera
278 1912 336 1975 cibi
352 1921 419 1997 post
434 1921 616 1976 mortuoram
635 1910 883 1978 resurrectionem
901 1912 1107 1976 comedemus?
1151 1909 1263 1976 Verum

103 2035 173 2078 cnm
193 2023 260 2099 post
279 2013 528 2080 resurrectionem
546 2011 630 2078 lesus
651 2014 781 2078 secundo
797 2013 892 2078 cihnm
910 2014 1146 2093 manducaverit,
1170 2034 1206 2078 ac
1226 2015 1263 2079 de

101 2127 201 2178 assota
219 2119 299 2198 pa'aoe
318 2130 348 2179 et
363 2120 431 2200 foco
449 2120 541 2180 mellei
558 2120 725 2196 comederit,
751 2137 806 2181 nec
822 2137 880 2180 ιιοιι
897 2126 1007 2181 etcum
1023 2119 1169 2198 scopate
1192 2140 1263 2199 qao·-
1275 2117 1330 2213 {¹2¹ss
1338 2117 1416 2216 ¹²¹2&ss

101 2223 242 2300 drogaiato
263 2222 360 2283 melas
379 2222 470 2283 otham
492 2223 658 2300 sumpserat,
683 2239 782 2284 noune
802 2219 897 2284 cibum
920 2219 970 2283 illo
993 2237 1108 2304 quoque
1132 2229 1264 2304 tempore
1350 2203 1358 2225 ’

102 2323 236 2386 laturum
258 2321 444 2408 potabimus?
488 2321 671 2408 Quamquam
689 2323 725 2386 de
739 2320 804 2386 cihn
823 2320 1012 2407 perspicuum
1027 2321 1096 2384 inde
1119 2331 1167 2386 est
1187 2324 1263 2407 quod

1 2471 2 2474 ,
101 2423 261 2505 scribitur,
285 2431 390 2488 Beatam
409 2429 462 2508 qai
478 2425 657 2494 manducabit
675 2445 777 2506 panem
792 2429 822 2487 a'a
844 2443 934 2505 regno
950 2428 1102 2486 cosdroem
1149 2421 1212 2488 lmo
1234 2435 1264 2490 et
1276 2443 1373 2500 nacta,
1384 2447 1418 2491 ra.

101 2527 201 2614 ipsios
227 2527 335 2592 domini
361 2527 437 2592 haud
464 2527 590 2594 ohscnra
612 2526 786 2614 promissio,
815 2527 953 2590 Sedetana
973 2531 1012 2590 ud
1032 2548 1153 2589 mearam
1169 2533 1265 2608 potra'a
1277 2545 1417 2604 lassate

103 2633 179 2704 mci,
209 2635 380 2694 comedentur
404 2633 587 2696 athrianos.
635 2627 696 2695 Sed
723 2630 800 2715 quod
826 2629 862 2692 ad
887 2628 981 2694 eiham
1004 2628 1084 2694 illum
1108 2641 1282 2716 potumque·

104 2732 256 2819 pertinet,
281 2733 426 2799 solnsille
450 2735 550 2813 novit,
574 2726 808 2822 quandoquidem
827 2753 965 2814 paneam
984 2735 1082 2798 oculus
1105 2737 1190 2809 antiit,
1214 2749 1417 2807 accrescas.

102 2839 191 2898 ouras
205 2839 329 2910 endroit,
353 2859 404 2899 aec
419 2841 448 2900 in
465 2859 516 2899 oor
533 2836 654 2898 marnas
674 2839 876 2910 meardenae,
902 2857 973 2918 quae
993 2841 1179 2917 praeparauit
1196 2839 1265 2900 deas

102 2938 292 3018 dah'geata'has
306 2959 347 3000 se.
395 2935 455 3004 Sed
479 2939 551 3002 haec
573 2937 670 3002 ohiter
689 2935 744 3000 loci
762 2937 847 3002 huius
866 2937 1024 3004 occasione
1046 2940 1263 3026 proposuimus,

103 3061 175 3104 cnm
193 3039 356 3104 animarum
373 3041 529 3106 discrimen
545 3040 781 3126 explicaremus,
805 3039 892 3124 idque
909 3060 948 3104 ex
963 3041 1006 3104 rel
1024 3043 1148 3106 veritate
1164 3053 1194 3105 et
1211 3062 1266 3106 ex.-

104 3142 207 3227 emplo
220 3142 270 3208 illo
287 3143 375 3226 longe
393 3143 544 3228 aptissimo
564 3141 840 3226 comprobaremus,
864 3141 999 3207 nimirum
1017 3143 1102 3206 aliam
1123 3164 1191 3208 esse
1213 3143 1266 3210 ho-

103 3244 216 3324 minis,
240 3245 326 3309 aliam
343 3245 463 3330 pecudis
475 3245 618 3325 animam,
642 3265 698 3308 uec
715 3252 746 3308 ut
760 3245 880 3330 pecudis
895 3244 1020 3308 animam
1036 3256 1190 3324 servaret,
1213 3246 1265 3310 sed

104 3346 239 3410 hominis
265 3346 424 3426 ductant,
455 3347 612 3413 advenisse
639 3343 807 3425 Christum,
839 3347 975 3431 qnoniam
998 3349 1126 3433 pecudes
1148 3348 1266 3413 minime

103 3447 288 3522 iudicantur.
327 3449 406 3518 Nam
424 3450 557 3516 homines
572 3448 688 3533 quidem
704 3449 832 3534 stregai
848 3449 998 3514 coelorum
1013 3450 1204 3516 hereditatem
1220 3469 1268 3514 as·

105 3563 286 3636 sequuntur,
310 3563 341 3618 et
354 3552 385 3616 in
403 3552 542 3617 indicium
558 3561 712 3617 vocantur.
759 3553 845 3614 licat
859 3557 948 3626 emm,
973 3550 1083 3637 inquit,
1107 3558 1176 3616 ι’ἰὶιι
1191 3556 1265 3615 iadi-
1290 3549 1377 3652 {¹24²}-

105 3659 184 3718 dum
206 3667 368 3730 ammaum,
394 3668 423 3718 et
442 3660 468 3717 a'a'
485 3657 515 3718 a'n
536 3658 622 3717 uitam
642 3667 795 3718 octauam.

197 3752 274 3838 Quid
296 3757 429 3822 adhaec
447 3756 498 3821 isti
520 3754 724 3844 quaestionum
744 3757 954 3844 indagatores?
997 3753 1119 3822 Scilicet
1140 3779 1205 3822 cnm
1228 3776 1265 3820 eo
1284 3767 1410 3837 eapr.

106 3859 313 3944 pervenerint,
337 3879 433 3945 neque
448 3859 606 3926 verhorum
625 3859 803 3924 sentemiam
821 3858 951 3924 assecuti
968 3860 1088 3940 luerint,
1112 3859 1266 3943 indignan-

108 3972 177 4041 tur,
201 3981 236 4026 ae
253 3961 448 4048 repugnantia
461 3963 602 4048 quaedam
618 3961 730 4048 fingere
744 3961 799 4026 sihi
817 3963 929 4028 malunt
946 3983 1030 4046 quam
1049 3963 1174 4027 fractum
1188 3959 1267 4025 utili·

107 4073 261 4148 tatemqne
286 4065 451 4150 requirere.
496 4061 667 4130 Matthaeus
693 4062 772 4128 euim
802 4064 875 4128 dnos
900 4085 918 4128 a
944 4065 1087 4135 daemone
1114 4073 1267 4148 correptos
1280 4077 1419 4138 Mantuae

110 4166 206 4234 luisse
229 4177 390 4248 memorat,
420 4162 519 4232 Lucas
544 4169 631 4232 unios
656 4165 799 4232 deomant
822 4165 1001 4232 mentionem
1027 4166 1108 4232 iacit.
1154 4163 1216 4232 Sed
1238 4176 1420 4240 ethaeam,

109 4358 193 4408 Pano.
212 4381 245 4394 -
280 4357 328 4406 Pro
343 4351 493 4422 maecenas
509 4359 535 4408 tn
549 4357 601 4408 na
615 4356 675 4408 lttae·
708 4357 809 4406 habeam
823 4352 868 4438 apt
881 4351 922 4409 sd.
956 4355 1071 4420 apennia
1091 4355 1172 4420 acac
1193 4357 1270 4410 emble

110 4426 161 4488 atta.
178 4429 213 4476 cat
230 4421 334 4490 ῑφθασα
351 4421 405 4490 acia.
709 4423 754 4478 acl
770 4416 818 4478 cu'a
832 4424 907 4490 mltis.

144 4493 171 4545 2
188 4481 258 4561 aql·ra
281 4505 335 4544 mec
351 4496 462 4546 comestio
482 4497 535 4557 eat,
554 4503 609 4545 caat
623 4493 677 4544 nat

165 4571 256 4630 empna
269 4571 406 4621 flammat.
420 4571 449 4620 tt.
462 4575 482 4620 ι
1025 4581 1065 4647 30
