3148 4938
366 223 503 278 eunanu
520 225 584 277 urs.
595 223 629 277 n.
644 223 728 278 rou.
741 223 774 277 11.
792 223 892 276 nasa.
907 223 1004 276 nxtx.
1205 211 1268 277 sut

105 339 253 409 oeolesias
276 341 393 408 illorum
411 363 518 410 eaussa
533 345 685 410 derivatae
708 354 794 423 suut,
818 363 874 408 neo
890 363 948 408 oon
967 354 998 406 et
1014 343 1193 409 infinitorum
1216 343 1269 407 ho-

104 446 217 510 minum
237 445 348 510 milium
374 466 449 532 quae
466 447 496 510 in
515 447 686 512 hodiernum
705 465 796 530 nsque
813 443 888 508 diem
903 443 996 510 variis
1015 447 1164 510 aerumnis
1182 457 1268 510 entra

106 548 198 612 urbes
215 567 251 612 ao
268 559 346 614 teeta
363 549 587 627 eoollietaotur,
611 560 761 634 postremo
778 559 809 610 et
829 547 907 611 beati
923 569 1039 632 quoque
1056 544 1222 613 Constantii
1238 547 1267 612 ia

105 671 240 714 errorem
262 651 299 714 ab
315 650 373 716 illis
389 649 519 729 inducti,
544 649 593 735 qui
611 662 711 714 reetse
731 649 797 714 lidei
815 650 946 733 regulam
965 648 1129 734 ignoravit,
1152 652 1269 716 eadem·

106 773 164 838 que
180 753 347 837 ignorantia
363 755 399 818 ad
418 753 533 817 illorum
549 773 583 818 se
600 763 700 837 utpote
720 752 908 816 sacerdotum
924 753 1130 818 austeritatem
1153 773 1269 816 oeeom·

106 855 256 933 modarit,
289 855 366 938 qnod
384 854 478 942 ipsum
504 875 589 920 error
610 853 727 918 illorum
748 873 784 918 ae
806 854 934 918 eaeeitos
957 856 1173 940 depravataque
1197 855 1269 920 fides
1389 893 1394 904 -

106 967 140 1022 et
162 978 203 1022 es
224 956 332 1022 dioboli
355 957 489 1043 proleeto
512 955 636 1022 oonsilio
657 956 775 1020 lateret.

193 1059 333 1126 Accessit
350 1071 380 1124 et
399 1059 455 1124 elio
478 1079 603 1138 eaussa,
636 1079 711 1142 quoe
737 1057 803 1122 huie
825 1069 994 1145 serpentum
1021 1060 1424 1147 officinaeplori·⁰⁸1³·¹¹¹¹¹·

107 1181 186 1225 mum
203 1159 312 1226 adieeit
329 1161 455 1241 virium,
481 1160 630 1226 Eusebius
647 1159 779 1239 seilieet,
803 1159 853 1245 qui
868 1161 972 1227 eallide
990 1183 1023 1227 se
1038 1164 1192 1228 insinuans
1208 1159 1269 1226 Va·

106 1263 197 1328 lentis
211 1283 300 1328 eures
317 1263 356 1349 pii
374 1285 409 1328 ae
425 1262 557 1350 religiosi
574 1263 761 1350 imperatoris
776 1283 812 1326 ae
827 1263 918 1328 divini
932 1264 1060 1328 numinis
1078 1264 1270 1329 amantissimi

107 1366 252 1452 eomupit.
298 1363 357 1448 Qui
375 1367 451 1451 qnod
476 1364 512 1430 al)
529 1365 580 1430 ille
600 1365 744 1450 baptismo
761 1365 800 1429 sit
822 1365 972 1447 initiatus,
1004 1388 1039 1432 ea
1061 1389 1167 1432 esosso
1189 1368 1270 1431 vile·

106 1467 178 1532 lieet
194 1470 247 1532 luit
266 1487 320 1532 our
337 1468 411 1532 moe
428 1467 518 1532 laotio
538 1466 652 1532 stabilis
672 1487 707 1531 ae
727 1467 809 1531 lirma
826 1470 1017 1533 eonsisteret.
1063 1469 1142 1534 Nam
1162 1470 1270 1554 alioqui

10 1641 11 1648 p
104 1569 274 1636 motatum
295 1569 343 1634 vel
366 1591 384 1634 a
402 1570 582 1635 mulierculis
602 1591 636 1634 ae
656 1569 802 1654 puerulis,
834 1591 871 1634 ne
890 1572 1005 1636 adultos
1029 1592 1269 1652 enumeramus,

10 1653 12 1670 ’
106 1672 159 1756 qui
178 1683 278 1738 reetae
297 1673 363 1736 lidei
381 1695 417 1738 se
436 1672 589 1758 religionis
611 1669 804 1736 exactissima
828 1672 954 1736 seientia
980 1674 1104 1759 praediti
1125 1685 1210 1755 sunt,
1235 1675 1270 1739 eb

10 1849 11 1860 ,
105 1775 164 1854 iis,
187 1773 324 1860 inquam,
357 1776 405 1860 qui
425 1776 473 1840 sel
492 1774 663 1840 tenensi-o
687 1773 821 1840 veritatis
846 1775 950 1839 notitia
976 1777 1087 1860 per-lusi
1103 1787 1189 1856 sunt,
1213 1779 1272 1863 pri·

109 1877 170 1942 sois
186 1877 368 1964 temporibus
390 1877 532 1942 eonlutoti
550 1875 698 1962 fugatique
716 1887 834 1955 essent,
868 1887 1004 1962 tanquam
1022 1889 1052 1944 et
1074 1879 1103 1943 io
1122 1879 1270 1944 dominam

106 1979 333 2061 contumeliosi,
357 1990 389 2044 et
404 1980 489 2045 alteri
506 1979 622 2064 quidam
642 1978 720 2044 illius
737 1977 965 2058 interleetores,
990 2003 1024 2045 ao
1042 1981 1151 2045 domiui
1177 1981 1271 2046 nostri

10 2157 13 2172 μ
104 2077 180 2146 lesu
197 2078 311 2146 Christi
329 2085 479 2168 perleetae
491 2083 652 2147 divinitatis
671 2101 848 2161 eversorem
879 2082 908 2144 il
926 2084 1003 2166 quod
1022 2083 1209 2169 imperatoris
1229 2086 1271 2148 la·

10 2175 13 2284 ἰ
105 2203 183 2250 vore
198 2204 234 2248 ae
250 2185 413 2268 patreeiuio
430 2195 637 2270 susceperunt,
664 2193 812 2248 uteorum
827 2184 955 2249 omniurn
973 2185 1113 2250 malorum
1132 2197 1271 2251 auotores

10 2289 12 2358 Ῐ
104 2295 212 2350 essem
228 2305 305 2370 quae
317 2296 348 2350 et
362 2287 504 2352 haetenus
519 2286 684 2350 extiterunt
700 2295 730 2350 et
746 2285 891 2371 hodieque
906 2307 959 2374 per
975 2286 1041 2352 illos
1051 2288 1269 2366 Alexandriae,

103 2385 324 2467 Nioometliae,
357 2389 387 2452 in
413 2387 631 2476 Mesopotamia
662 2408 698 2453 ae
727 2385 897 2452 Palaestina
927 2389 1132 2469 eorteitentur,
1165 2390 1272 2475 ubique

107 2501 271 2576 praesente
292 2510 328 2554 ae
349 2501 524 2586 protegente
541 2490 684 2578 prinoipe.

198 2591 398 2676 Quamobrem
416 2615 455 2659 en
483 2593 537 2658 hee
564 2615 621 2658 una
639 2613 731 2672 vose,
763 2613 838 2678 quae
863 2594 893 2658 in
919 2593 1083 2680 proverbiis
1100 2593 1269 2661 Salomonis
1286 2609 1427 2678 csttV.

108 2693 239 2780 legitur,
264 2701 402 2760 Dominus
413 2701 521 2760 ereooit
534 2719 578 2758 me
595 2701 707 2758 mitium
721 2702 830 2760 neuram
843 2717 959 2760 suorum
978 2703 1007 2760 in
1026 2719 1112 2780 opere
1128 2719 1198 2772 auu,
1223 2717 1272 2762 ee·
1285 2707 1384 2764 Peos-⁸,
1395 2708 1427 2752 ²¹·

104 2811 177 2864 tera
192 2799 228 2862 alr
245 2799 304 2864 illis
324 2799 549 2884 excogitantur,
581 2819 659 2883 quae
673 2810 830 2883 uteunque
847 2799 881 2863 ad
904 2797 1020 2864 illorum
1035 2799 1201 2864 orationem
1225 2820 1274 2866 ae·

10 2893 14 2906 ’
106 2901 293 2966 commodari
317 2912 458 2988 possunt,
491 2912 520 2966 et
547 2901 670 2966 eundem
694 2899 803 2966 habere
831 2901 890 2968 vim
919 2921 954 2965 ae
982 2913 1183 2968 eonsentonea
1206 2920 1274 2966 ease

10 2993 14 3024 ”
104 3003 267 3083 videntur,
290 3025 356 3068 eum
377 3017 474 3068 tamea
495 3025 590 3089 oeque
609 3023 709 3069 sermo
730 3003 812 3090 ipse,
837 3023 892 3068 nee
907 3003 1020 3089 reliqua
1038 3005 1129 3069 verba
1145 3005 1182 3069 de
1200 3003 1274 3068 divi·

12 3095 16 3102 ’
106 3106 206 3172 nitate
226 3105 277 3171 lilii
300 3106 347 3170 dei
370 3107 549 3171 mentionem
577 3107 663 3171 ullam
686 3106 828 3172 eiusmodi
854 3105 974 3171 laeiant.
1021 3106 1143 3172 Addunt
1166 3118 1196 3174 et
1217 3107 1273 3170 alia

106 3193 255 3294 quaedam
274 3208 441 3274 dissimilia
459 3208 541 3287 loea,
567 3209 648 3273 velut
662 3210 739 3293 quod
753 3209 789 3274 ab
808 3210 942 3295 apostolo
958 3209 1098 3296 seriptum
1118 3219 1181 3273 est:
1212 3215 1274 3272 Ao·
1289 3221 1413 3278 atussa

10 3313 14 3340 ²
105 3316 201 3392 cipite
216 3314 378 3393 penlpiioem
396 3315 581 3396 consessionis
595 3323 722 3387 uestrae,
738 3315 857 3392 fidelem
870 3317 900 3374 ei
914 3317 966 3394 qui
976 3315 1050 3395 feeit
1063 3317 1172 3394 t'prsum:
1203 3311 1273 3375 ilem

10 3423 13 3430 '
107 3434 155 3478 ex
175 3409 293 3478 loannis
314 3413 490 3499 evangeliea
523 3419 577 3476 Hie
592 3426 635 3476 est
650 3418 684 3476 de
700 3436 756 3496 quo
773 3419 839 3476 deiri
853 3416 946 3488 uode's,
973 3419 1030 3494 Qui
1040 3428 1109 3498 post
1126 3438 1169 3477 me
1185 3419 1271 3491 muel,
1282 3427 1359 3472 tosta.
1366 3425 1425 3480 12¹¹·

105 3527 180 3578 unte
200 3539 243 3578 me
259 3520 357 3600 fitetur
370 3529 431 3580 est:
456 3526 487 3581 et
501 3517 531 3580 in
550 3516 634 3580 Aetia
651 3516 868 3599 apostolorum:
893 3520 998 3580 Notum
1019 3521 1096 3580 uobis
1111 3522 1160 3592 sit,
1186 3521 1275 3579 omem
1288 3528 1415 3586 tenta

10 3621 12 3634 “
105 3621 212 3682 domur
237 3623 348 3696 lsrael,
377 3623 454 3702 quod
474 3622 674 3690 kenelmum,
698 3640 779 3700 poem
796 3641 845 3680 uos
865 3623 1070 3700 ereeistarestis,
1093 3623 1275 3682 etdemrieurn

106 3731 146 3784 et
159 3723 303 3784 t’ltrr‘suem
317 3727 410 3786 lesem
427 3725 497 3784 aleus
505 3724 599 3804 feeit.-
629 3741 667 3785 ae
679 3720 712 3784 -si
736 3741 793 3806 qua
811 3731 881 3786 sunt
903 3720 1023 3806 generis
1043 3721 1176 3786 eiusdem
1196 3721 1274 3800 alla,

109 3841 195 3908 quoe
211 3825 307 3890 omnio
330 3825 365 3890 ad
388 3825 554 3890 santionem
579 3834 609 3888 et
633 3823 871 3890 observationem
893 3835 924 3888 et
946 3823 1160 3911 propulsandos
1176 3825 1277 3888 hostes

10 3933 12 3960 ¹
106 3925 146 3990 in
165 3937 300 4011 promptu
319 3947 386 3992 esse
403 3926 523 3992 delent.
568 3924 681 3992 Hostes
701 3927 779 3992 enim
795 3947 902 3993 revera
924 3927 1172 4012 insidiatoresque
1193 3937 1274 3992 sunt.

105 4027 164 4094 Ae
181 4028 283 4092 neseio
299 4049 335 4093 aa
351 4030 387 4092 ad
404 4030 485 4113 ipsos
503 4049 665 4113 eorumque
680 4029 794 4094 similes
816 4030 979 4114 scripturae
1000 4030 1083 4094 loeus
1100 4029 1149 4094 ille
1167 4051 1277 4096 enare·

147 4179 174 4232 2
193 4184 300 4232 sertam
317 4179 464 4248 leopponsts.
714 4185 741 4234 ln
754 4185 819 4233 libris
840 4186 902 4234 enim
917 4189 950 4234 est
966 4177 1030 4238 ὅπου
1045 4181 1094 4250 γὰρ
1110 4181 1148 4244 εἰς
1162 4199 1213 4250 παρ
1256 4177 1277 4223 '-

146 4247 173 4300 s
191 4245 289 4304 remini
304 4266 330 4303 τι
345 4253 396 4302 ead
415 4253 512 4316 Rdedlp.
714 4267 787 4317 ρησιν
814 4249 991 4320 (παρατήρησι
1022 4255 1073 4304 eod
1101 4201 1278 4320 ltlusdlpfele

146 4313 173 4368 4.
191 4321 257 4369 Ltbrl
274 4321 359 4369 natent
375 4317 507 4380 δίξασὲαι.
714 4317 813 4388 ἐχθρῶν
833 4311 936 4386 ἄμυναν.
972 4320 1073 4382 „Locus
1092 4319 1207 4372 delectos
1229 4319 1278 4371 ali-

145 4383 174 4436 5.
191 4380 268 4452 ipsis
285 4388 338 4438 ced.
352 4387 451 4451 nutum
714 4397 776 4456 quot
795 4387 895 4440 verbiu‘
917 4391 944 4440 ln
962 4391 1077 4454 mulas,
1092 4392 1217 4443 moneas
1233 4390 1279 4442 Pe-

145 4449 172 4505 6.
192 4455 257 4506 lluee
273 4469 326 4506 mea
343 4460 377 4506 est
392 4457 463 4507 nutus
476 4458 521 4508 leel
542 4455 680 4508 mntndnllu.
713 4459 800 4509 tautae
