3168 4942
343 263 481 318 rnunuu
498 264 562 320 ura
576 265 609 317 ιι.
629 265 756 318 nonu.
773 262 874 318 unua.
888 266 985 318 uxrx.
1192 251 1254 322 eeu

93 384 231 471 quomam
255 381 380 469 apostoli
402 395 506 448 eontra
523 381 647 451 ludaeos
668 386 868 474 disputantes,
900 408 964 451 eum
988 408 1160 472 persuasum
1184 389 1256 474 ipsis

92 497 176 552 esset
190 487 340 573 apostolos
356 487 394 550 ab
412 485 485 570 legis
505 488 560 551 deo
576 488 772 554 defossionem
791 490 975 574 praedioare,
1000 509 1116 555 necnon
1133 501 1164 554 et
1178 493 1255 576 quod

93 589 215 676 spiritus
232 599 353 653 sanetus
374 588 561 674 praevideret
582 589 726 656 eiusmodi
746 591 885 656 haereses
904 595 1035 671 loturos,
1069 613 1181 678 quana
1205 616 1255 678 pa·

93 705 179 758 terna
200 692 352 758 voluntate
372 687 525 755 Christum
550 693 719 757 abalienare
746 716 781 758 ae
803 715 944 779 separare
967 695 1139 775 studerent,
1174 718 1252 776 oum,
1376 709 1378 714 '

91 797 229 880 inquam,
255 803 409 882 propterea
431 795 467 858 ad
485 815 571 858 nnarn
589 796 771 860 divinitatem
792 797 890 860 omitia
915 810 1094 862 resonarent
1116 799 1253 884 apostoli,

92 897 329 983 quandoquidem
347 919 399 982 pro
417 918 453 960 eo
472 919 507 960 ne
523 899 599 983 patri
615 899 711 962 visurn
729 911 775 962 est
790 900 826 962 de
843 899 891 964 blii
909 901 1060 964 voluntate
1074 923 1110 964 ao
1128 923 1256 966 eonsen-

93 1002 186 1064 tiente
203 999 308 1084 spiritu
327 1009 430 1064 saneto
449 1001 547 1064 omnia
564 1001 679 1065 condita
696 1013 781 1081 sunt,
806 1002 966 1082 haeretiei,
991 1003 1120 1087 inquam,
1145 1005 1193 1068 isti
1211 1005 1256 1070 his

91 1101 230 1186 loquendi
248 1103 341 1166 modia
363 1103 533 1166 inleriorem
552 1105 695 1188 quandam
714 1103 911 1168 conditionem
937 1115 989 1168 aut
1014 1105 1255 1187 imbecillitatem,

92 1216 146 1268 aut
168 1203 259 1268 divini
281 1205 364 1268 verbi
390 1204 427 1267 ab
451 1205 583 1270 essentia
606 1207 697 1291 patria
723 1205 932 1270 alienationem
956 1207 1116 1292 significari
1140 1221 1253 1295 putant.

91 1305 209 1372 Verum
225 1307 312 1392 longe
330 1306 417 1370 aliter
434 1327 466 1370 se
484 1329 533 1372 ras
554 1307 652 1371 habet.
697 1307 739 1372 Et
757 1319 787 1371 ut
803 1309 872 1372 illud
888 1309 1054 1394 intelligas,
1080 1333 1134 1396 aga
1153 1333 1257 1376 exent-

92 1409 187 1496 plaria
205 1409 268 1494 ipse
291 1419 451 1488 mutuare,
476 1411 543 1494 quid
561 1411 682 1495 angelus
699 1408 816 1475 Mariae
832 1411 955 1496 eiusque
973 1412 1063 1478 soniis
1085 1415 1256 1479 mulieribus

91 1513 221 1576 dixerit:
247 1515 322 1591 Quid
341 1517 479 1594 qnaeritis
500 1518 634 1576 maenum
657 1533 719 1575 eon
742 1519 883 1576 mortuos?
921 1512 1062 1579 Videant
1081 1518 1396 1586 vivenailleuoeans.

91 1638 161 1679 euru
184 1636 237 1680 aua
255 1612 407 1678 divinitate
426 1624 456 1677 et
473 1635 562 1678 earne
582 1616 761 1679 surrexerit.
807 1613 915 1700 Neque
931 1637 1004 1680 vero
1024 1618 1103 1682 inter
1125 1630 1257 1683 mortuos

91 1717 219 1802 amplius
237 1717 363 1780 iaoebat.
410 1712 475 1780 Cur
490 1727 587 1780 autern
605 1718 645 1781 ita
663 1717 780 1782 loeutus
796 1730 858 1797 est,
883 1723 1035 1794 Sarranis,
1060 1743 1117 1783 non
1131 1735 1177 1783 est
1188 1725 1256 1784 lr'el
1268 1735 1410 1794 rhenanae.

90 1819 434 1884 nouantemitadisit:
470 1817 623 1884 Excitavit
641 1840 706 1883 eum
725 1821 814 1900 deus,
845 1832 876 1884 et
897 1843 955 1885 non
978 1832 1025 1886 est
1048 1822 1113 1886 hiel
1146 1824 1203 1886 nisi
1225 1833 1257 1886 ut

42 1929 65 1958 ”
91 1931 268 2008 potestatem
287 1921 365 1986 illius
380 1921 563 2000 ostenderet,
588 1922 727 2006 qnoniam
746 1931 776 1985 et
790 1921 876 1986 rivus
890 1925 1043 1988 surrexit?
1072 1923 1256 2009 Quinetiam

90 2025 261 2110 prinsquam
290 2023 353 2110 ipse
380 2034 530 2109 pateretur
554 2023 712 2109 discipulos
740 2045 811 2088 suos
841 2027 885 2089 sie
914 2027 1057 2092 allocutus
1080 2038 1142 2091 eat:
1178 2033 1254 2092 Eone
1271 2033 1358 2132 libuli

90 2133 271 2190 ascendimus
293 2129 506 2206 Hierosolyma,
542 2139 571 2188 et
593 2131 723 2190 trudetur
739 2129 828 2209 filius
849 2131 970 2190 domina's
997 2141 1030 2192 ut
1051 2135 1252 2212 erueuflgatnr,
1305 2119 1313 2141 ⁹
1353 2117 1358 2130 ⁸

90 2242 123 2292 et
150 2235 235 2292 terasia
257 2233 302 2292 dis
329 2240 472 2309 resurget.
523 2227 595 2292 Non
619 2229 711 2307 dixit,
743 2227 895 2294 Excitabit
918 2231 1030 2315 ipsum,
1062 2233 1115 2296 sed
1139 2246 1254 2318 aperte,

91 2333 172 2417 quod
193 2333 229 2396 ad
245 2353 309 2394 earu
326 2351 388 2394 raro
405 2331 526 2410 attinet,
556 2351 629 2394 suae
647 2332 704 2394 ιίιιι
723 2333 879 2417 potestatis
895 2333 1027 2418 aperuit,
1050 2335 1182 2414 disens„
1201 2339 1255 2398 Po·
1269 2341 1362 2436 ¹33an

91 2445 222 2496 tesmlern
244 2435 332 2496 babeo
353 2437 474 2494 moinum
497 2455 584 2495 ansam
602 2455 723 2514 ponere,
755 2446 914 2496 stennone
935 2440 1034 2516 ipsam
1082 2433 1142 2519 Qui
1164 2436 1255 2522 igilur
1308 2425 1315 2448 ’

91 2545 270 2622 potestatem
296 2534 439 2613 hahebat,
473 2536 662 2622 semetipsum
690 2535 824 2599 exaitare
850 2559 908 2600 non
935 2539 1050 2623 potuitl
1093 2539 1256 2623 Apostolus

89 2661 168 2704 vero
185 2639 255 2703 nihil
271 2639 381 2722 absque
405 2640 497 2723 patris
518 2639 668 2701 voluntate
690 2639 721 2702 in
740 2638 979 2702 administranda.
991 2639 1138 2703 bominum
1162 2642 1258 2708 salute

91 2753 210 2827 gestum
235 2741 439 2806 demonstrare
463 2741 601 2825 eupiaus,
633 2741 673 2804 ita
696 2740 832 2825 scripsit:
869 2747 946 2804 Dnu
966 2747 1117 2804 salonitanis
1136 2747 1217 2806 allum
1239 2759 1316 2806 aaa
1330 2757 1352 2814 a,
1365 2759 1397 2804 rt.

93 2849 227 2907 mortum.
274 2841 352 2908 Nam
378 2854 408 2906 et
426 2841 484 2906 alio
501 2844 566 2906 loeo
584 2843 660 2906 idern
679 2843 848 2927 apostolus,
884 2848 1021 2919 Tametsi,
1047 2845 1156 2930 inquit,
1180 2861 1413 2919 anor-acorum.

93 2961 163 3010 tuus
185 2957 229 3009 eat
248 2969 286 3010 en
307 2948 514 3020 andemllt'tote,
548 2951 617 3006 oluit
642 2967 680 3006 aa
701 2949 815 3006 obrute.
863 2941 928 3030 Ego
948 2964 1023 3010 uero
1048 2948 1185 3031 quidnam
1207 2949 1256 3013 isti

94 3049 232 3114 homines
255 3057 313 3112 tam
334 3059 470 3114 aeeurata
488 3069 639 3112 sacrarum
656 3049 807 3111 literarum
824 3046 950 3112 seientia
967 3048 1090 3134 praediti
1106 3050 1137 3113 in
1160 3051 1259 3116 animo

92 3151 241 3231 habeant,
266 3151 393 3217 libenter
409 3153 607 3235 interrogem,
639 3150 707 3236 qnid
730 3150 759 3213 iu
784 3149 872 3214 uniuo
896 3151 942 3212 dei
966 3151 1025 3216 blio
1049 3150 1258 3218 imbecillitatis

94 3255 203 3332 inerit,
229 3275 282 3340 per
300 3275 385 3341 quem
403 3256 518 3318 eoelum
538 3275 701 3339 expansum
718 3263 809 3316 estet
825 3253 1015 3338 productum,
1039 3273 1093 3338 per
1112 3275 1198 3338 qnam
1214 3255 1260 3320 sol

92 3357 251 3441 splendore
268 3359 403 3443 perinsus
421 3367 482 3435 eat,
508 3377 661 3444 perquem
681 3355 809 3418 illuxere
826 3354 936 3434 sidera,
960 3375 1013 3440 per
1031 3377 1148 3440 queme
1167 3357 1258 3424 nihilo

93 3469 166 3526 suut
183 3461 280 3524 omnia
295 3461 449 3546 producta.
475 3457 571 3542 Quam
585 3457 675 3542 igitur
691 3457 920 3521 imbeeillitatarn
938 3458 965 3521 ei
979 3457 1129 3522 tribuunt?
1145 3457 1260 3524 Eamne

94 3584 182 3648 qnam
197 3562 227 3626 in
247 3575 349 3628 nostra
366 3582 474 3640 earne,
499 3560 549 3626 nbi
563 3561 642 3624 illam
659 3559 771 3638 induit,
796 3557 843 3622 dei
857 3559 980 3622 verbum
997 3560 1027 3624 in
1044 3581 1112 3624 sese
1130 3571 1261 3626 transtu-

93 3665 147 3744 tn,
172 3687 230 3749 qno
245 3664 444 3730 infirmitatem
462 3675 592 3728 nostram
613 3663 676 3748 ipse
693 3664 843 3748 portaret?
888 3659 1139 3744 Quemadmodum
1158 3663 1194 3728 de
1209 3662 1260 3727 illu

95 3767 241 3854 propheta
260 3767 385 3832 eeeinlla
409 3769 595 3848 Infinnr'tates
609 3777 724 3828 nostrus
737 3769 876 3846 suseapa't,
901 3776 932 3826 et
943 3765 1055 3826 mardos
1071 3768 1147 3826 tult't.
1195 3761 1255 3848 lgi-
1268 3777 1331 3826 hat
1346 3779 1412 3836 tna

96 3881 146 3934 tur
161 3879 293 3934 mortuns
308 3879 355 3933 est
374 3880 494 3954 propter
509 3868 707 3932 infirmitatem
727 3877 856 3932 nostram
873 3866 903 3930 in
919 3867 1067 3931 imbecilla
1083 3887 1185 3946 earne,
1209 3867 1259 3932 ille
1348 3907 1350 3912 -

93 3973 161 4058 ipse
177 3972 224 4057 qui
241 3972 303 4038 vita
318 3982 365 4038 est
381 3981 412 4036 et
424 3971 561 4036 immunia
577 3992 594 4035 a
611 3970 750 4055 passione
764 3969 853 4033 dauaa
879 3967 955 4032 vivit
965 3980 1063 4033 autem
1080 3991 1120 4035 ex
1135 3968 1257 4034 virtute.

98 4079 187 4136 Vinus
207 4085 251 4136 eal
271 4080 344 4138 anans
370 4095 462 4137 sermo
483 4077 543 4148 dei,
578 4085 608 4135 et
628 4075 750 4155 efflans,
786 4083 815 4132 et
831 4073 1037 4151 penebubt'ltbr
1062 4077 1141 4134 omni
1156 4075 1255 4152 gladio
1268 4085 1413 4144 natam

94 4181 227 4258 aneps'ta'.
276 4173 379 4259 Quare
398 4186 530 4240 mortuns
549 4187 651 4239 estex
672 4171 860 4252 infirmitate,
892 4172 1077 4238 uiritantem
1099 4194 1138 4236 ex
1155 4173 1261 4237 divini·

98 4281 168 4344 tatis
190 4299 262 4344 suae
281 4277 409 4356 virtute,
433 4289 463 4342 et
479 4278 509 4342 iu
528 4297 618 4342 earne
634 4286 736 4340 nostra
752 4275 844 4353 viril,
867 4273 899 4338 iu
916 4295 974 4358 qna
993 4276 1161 4362 passionem
1181 4275 1261 4342 illam

91 4435 222 4498 mentone
236 4434 281 4482 boo
295 4419 364 4493 albu
380 4426 434 4484 ἀλλ’
447 4429 489 4484 ἵνα
503 4429 607 4492 belluas
622 4458 637 4468 -
648 4457 662 4468 -
731 4427 755 4480 ll.
773 4431 881 4479 fortusse
898 4425 967 4494 παρὰ
983 4426 1080 4481 τούτου.

95 4495 203 4566 ἀνίστη.
233 4497 278 4552 καὶ
294 4503 345 4550 ent.
731 4489 1162 4566 adnumerationem.

150 4585 242 4640 verpus
254 4580 388 4625 Ηιιιοκοι
406 4577 436 4624 11.
449 4581 470 4624 Ι.
1016 4589 1056 4650 44
