3154 4930
324 223 386 286 528
571 198 582 213 ⁸
750 231 872 284 οιαοτι
889 229 1060 284 εειεαιιειι

325 350 381 437 γάρ
399 357 440 439 τῷ
454 357 570 438 σταυρῷ
587 347 804 435 ἐθριάμβευσεν
813 348 923 434 Ἀρχάς
938 351 989 415 καί
1000 348 1166 426 Ἐξυυσίας,
1189 348 1221 413 έν
1238 355 1279 437 τῷ
1295 345 1423 435 θανάτῳ
1436 373 1481 412 κα·

325 455 436 536 τέιιρινε
450 450 504 534 τήν
521 449 681 538 άμαρτίαν,
704 453 737 516 έν
752 458 792 539 κρῖ
810 460 939 534 ταφήναι
956 454 1056 532 ἔθαψε
1071 447 1126 532 τήν
1146 446 1290 532 άνομίιιν,
1313 451 1348 516 έν
1365 455 1408 537 ¹5⁵
1422 445 1482 533 γεό-
1564 497 1565 586 ρ

322 564 436 620 σασθαι
452 553 588 620 θανάτου
607 554 765 619 κατέκλασε
785 550 818 618 τό
835 547 957 640 κέντρον
972 560 1025 619 τοῦ
1044 551 1198 631 θανάτου,
1221 554 1253 618 ίν
1275 559 1318 642 τῷ
1333 558 1485 616 κατελθεῖν

259 725 265 733 ,
325 657 367 734 είς
382 655 434 722 τόν
457 652 536 745 ᾅδην
560 655 715 722 έσκύλενσε
734 653 786 721 τόν
809 651 903 745 ᾅδην,
933 657 1016 720 έλνσε
1035 652 1106 730 τοῦς
1128 655 1354 736 πεπεδημένους
1382 657 1416 720 έν
1438 651 1485 718 άν-

326 764 424 847 δρείιγ,
447 762 532 841 έλαβε
548 757 582 824 τό
597 758 743 845 τρόπαιον
761 763 816 822 τοῦ
833 765 964 842 σταυροῦ
985 754 1060 822 κατά
1078 765 1132 822 τοῦ
1150 755 1300 839 διαβόλου.
1347 759 1409 820 Καὶ
1433 755 1486 840 δρα

325 869 390 938 πῶς
409 857 429 944 ή
448 859 521 938 δόξα
545 859 620 942 αῦτη
639 859 699 926 άπό
720 861 879 935 Μυῦσέως
902 857 968 945 άγρι
988 865 1042 925 τοῦ
1059 863 1173 943 κυρίου.
1219 856 1313 948 Πόσῳ
1328 884 1361 944 γε
1378 865 1487 940 μᾶλλον
1564 863 1565 944 ί

324 961 345 1045 ή
363 961 499 1046 διαθήκη
522 971 575 1046 τῆς
596 970 673 1045 ζωῆς
693 964 775 1030 ἔσται
790 965 822 1028 έν
838 960 929 1051 δόξη,
951 966 1041 1027 λίθου
1057 959 1348 1043 ἀποκεκυλισμένον,
1370 967 1488 1046 πετρῶν
1564 955 1565 1032 ί

324 1067 531 1151 ῥηγνυμένων,
554 1062 717 1148 μνημάτων
739 1061 957 1148 άνοιχθέντων,
983 1061 1117 1150 Ιάγγέλων
1138 1061 1418 1148 έξαστραπκόντων,
1439 1089 1487 1147 γυ·

221 1189 232 1239 .“
327 1175 440 1234 ναικοδν
462 1167 741 1254 εὐαγγελιζομένων,
771 1166 890 1253 είρήνης
913 1169 1084 1249 διδομένης,
1114 1164 1281 1248 πνεύματος
1302 1165 1369 1250 παρ’
1397 1161 1489 1229 αὐτοῦ

323 1279 387 1346 τοῖς
405 1269 583 1347 ἀποστόλοις
600 1270 767 1352 διδομένου,
790 1267 927 1355 οὐρανῶν
942 1271 1089 1350 βασιλείας
1105 1269 1385 1354 καταγγελλομένης,
1404 1265 1489 1351 εὐαγ»

324 1378 423 1459 γελίου
447 1375 631 1452 φωτίσαντος
648 1369 703 1455 τήν
721 1373 914 1454 οἰκουμένην,
944 1369 963 1436 ό
980 1367 1112 1454 καταβάς
1129 1367 1235 1450 αὐτός,
1265 1367 1353 1436 καλό
1370 1365 1491 1452 άναβός

325 1473 425 1540 ἐπάνω
443 1473 563 1539 πάντων
586 1481 646 1539 νῦν
666 1474 819 1560 οὐρανῶν,
848 1477 899 1540 καλ
915 1471 1112 1556 καθεζόμενος
1132 1475 1164 1538 ἒν
1183 1476 1265 1561 δεξιᾷ
1281 1479 1338 1538 τοῦ
1360 1470 1488 1555 πατρόςς
1564 1535 1565 1550 ,

328 1573 393 1640 Οὐκ
411 1569 449 1659 ήν
464 1575 666 1653 θανατοποιύς
686 1573 707 1659 ή
722 1574 871 1660 διαθήκη,
894 1572 967 1643 α’λλά
984 1573 1059 1641 κατά
1079 1582 1132 1640 τοῦ
1149 1572 1286 1640 θανάτου
1304 1571 1325 1657 ή
1343 1573 1489 1657 διαθήκη.

324 1676 374 1742 Ἐν
395 1677 468 1768 δόξη
491 1679 523 1744 δέ
543 1675 564 1762 ή
584 1686 637 1744 τοῦ
658 1676 811 1758 θανάτου,
834 1681 884 1744 ’ίνα
905 1675 926 1762 ή
942 1675 1166 1764 ῦπερβάλλουσα
1182 1675 1255 1754 δόξα
1270 1675 1348 1742 κατά
1364 1684 1422 1743 τοῦ
1436 1687 1490 1741 θα-

325 1779 417 1848 νάτου
439 1781 565 1866 γένηται.

245 1961 251 1974 .
291 1915 309 1971 o·
415 1879 492 1948 Είτα
508 1881 597 1948 πάλιν
612 1885 685 1969 λέγει
707 1880 833 1959 όαύτός
850 1881 977 1967 Μάνης,
1011 1879 1056 1946 Οὐ
1072 1880 1195 1947 δῦναται
1213 1879 1280 1957 ένός
1296 1885 1489 1946 διδασκαλίου

327 1982 402 2050 εἶναι
421 1984 533 2051 παλαιά
557 1987 607 2050 καί
626 1983 715 2067 καινή
740 1983 883 2068 διαθήκη.
925 1982 960 2048 ‘H
981 1985 1034 2067 μέν
1049 1982 1106 2070 γάρ
1126 1989 1302 2050 παλαιοῦται
1322 1980 1442 2069 ήμέραν
1463 1985 1491 2060 έξ

325 2084 453 2172 ήμέρας,
476 2085 546 2170 ήδέ
561 2085 773 2165 άνακαινίζεται
795 2083 908 2172 ήμέραν
936 2083 1031 2151 1καθ’
1056 2083 1181 2170 ἡμέραν·
1210 2092 1273 2150 πᾶν
1293 2083 1350 2172 γάρ
1373 2085 1411 2150 τό
1435 2111 1488 2149 ιτιι-

324 2187 502 2272 λαιοόμενον
518 2190 568 2255 καί
585 2187 737 2275 γηράσκον
754 2187 841 2275 έγγύς
859 2187 1031 2271 ἀφανισμοῦ
1048 2192 1170 2274 γίνεται·
1193 2185 1266 2252 ἄλλά
1285 2190 1380 2269 ἐκείνη
1400 2185 1491 2252 ἄλλον

324 2298 418 2372 θεοῦ,
440 2295 492 2358 καί
508 2289 595 2358 άλλου
613 2290 810 2372 διδασκάλου,
831 2293 883 2358 καλ
902 2289 976 2374 αῦτη
996 2292 1098 2377 έτέρον
1112 2296 1192 2355 θεοῦ
1213 2290 1263 2354 καί
1281 2289 1382 2374 έιέρον
1406 2293 1492 2354 διδα-

326 2392 446 2459 σκάλου.
484 2396 545 2458 Καὶ
562 2395 589 2459 εί
603 2395 658 2476 μέν
672 2390 729 2476 είχε
746 2397 840 2472 δεῖξαι
858 2392 914 2458 δύο
932 2391 1085 2476 διαθήκας
1100 2390 1243 2471 παλαιάς,
1266 2387 1400 2475 ήδύνατο
1423 2388 1492 2475 παρ’

249 2566 255 2577 ,
327 2493 411 2584 αὐτῷ
428 2494 561 2562 πιθανόν
586 2493 662 2561 εἶναι
683 2493 718 2561 τό
733 2495 907 2582 λεγόμενον,
939 2492 981 2571 οἷς
999 2493 1056 2560 δύο
1073 2492 1168 2560 όντων
1188 2501 1250 2559 νῦν
1269 2492 1335 2559 τότε
1349 2495 1493 2576 δισθεμέ

208 2634 213 2643 -
328 2619 397 2662 ναν.
428 2595 579 2675 Ὡςαότως
594 2599 627 2663 δέ
645 2600 673 2662 εί
684 2596 739 2663 δύο
755 2596 861 2674 καινάς
875 2595 1024 2680 διαθήκας
1041 2593 1095 2680 είγε
1111 2601 1219 2676 δεῖξαι,
1242 2589 1280 2680 ἦν
1296 2593 1409 2677 είςτήν
1428 2599 1493 2663 διά-

216 2749 221 2760 .
325 2725 409 2764 νοιαν
424 2704 527 2782 λαβεῖν
542 2700 576 2767 τό
593 2702 816 2787 προειρημένον.
848 2702 891 2764 Εἰ
904 2701 936 2765 δὲ
954 2697 975 2782 ή
990 2701 1045 2783 μέν
1059 2697 1169 2764 παλαιά
1186 2697 1268 2779 ένός,
1290 2696 1375 2780 καλή
1397 2697 1491 2781 καινή

324 2807 380 2866 τοῦ
397 2799 505 2880 άλλου,
534 2809 587 2867 τοῦ
606 2804 638 2870 δέ
654 2810 748 2868 καλοῦ
760 2809 838 2869 θεοῦ
860 2804 913 2867 ἐί
926 2804 1004 2867 ἔστιν
1026 2798 1047 2884 ή
1067 2799 1156 2885 καινή
1173 2799 1321 2884 διαθήκη,
1345 2809 1489 2887 πονηροῦ

325 2903 358 2966 δέ
376 2899 537 2986 ήτιαλαιά,
561 2900 620 2990 άρο
638 2906 665 2968 εί
679 2901 721 2987 μή
747 2901 881 2970 Βείιλενδ
900 2901 1016 2989 άγαθός
1035 2902 1108 2981 θεός
1123 2903 1175 2969 τόν
1193 2901 1325 2991 πονηρόν
1342 2906 1489 2987 διαθέμε-

324 3029 395 3083 νον,
426 3001 483 3071 οὐκ
507 3003 573 3094 ήδει
591 3005 638 3072 ὅτι
658 3004 712 3092 χρή
734 3009 895 3072 διαθέσθαι
921 3004 1087 3090 διαθήκην,
1119 3007 1171 3072 καλ
1186 3008 1266 3071 ἔσται
1283 3011 1393 3088 μᾶλλον
1418 3003 1490 3091 παρ’

326 3104 420 3173 αὐτοῦ
435 3106 597 3192 λαμβάνων
614 3107 668 3191 τήν
690 3107 844 3195 πρόφασιν
861 3117 914 3193 τῆς
931 3112 1136 3188 διδασκαλίας,
1168 3110 1219 3174 καλ
1242 3105 1364 3194 ἄπειρος
1387 3107 1439 3175 οἶν
1461 3112 1492 3176 έν

235 3221 241 3231 “
325 3217 387 3286 τοῖς
411 3208 588 3295 πράγμασιν.
633 3213 677 3276 Et
692 3209 748 3296 γάρ
767 3210 808 3294 μή
830 3210 973 3297 ἑόρακεν,
1006 3209 1063 3277 οὐκ
1082 3207 1121 3276 άν
1145 3208 1323 3294 έμιμήσατο,
1352 3211 1408 3275 καλ
1432 3214 1492 3278 ἔδει

326 3317 435 3394 μᾶλλον
451 3311 504 3394 τήν
518 3311 646 3380 παλαιάν
662 3313 815 3398 διαθήκην
837 3311 912 3378 είναι
929 3321 983 3379 τοῦ
1001 3310 1139 3400 άγαθοῦ,
1167 3316 1217 3378 ἵνα
1239 3309 1297 3379 κάν
1317 3310 1336 3379 ό
1355 3311 1493 3398 πονηρός

326 3410 452 3496 μιμηλός
470 3411 601 3504 άκοόση,
624 3413 700 3500 ήπερ
725 3413 743 3481 ό
765 3415 806 3480 τόν
822 3415 967 3499 άληθινός
983 3415 1065 3492 θεός.
1109 3416 1199 3501 Λέγει
1219 3413 1275 3502 γάρ
1292 3413 1437 3500 όκῦριος
1460 3418 1492 3480 έν

203 3545 254 3590 ηις.
267 3535 313 3581 ιιι
326 3523 368 3604 τῷ
389 3513 561 3603 εὐαγγελίῳ,
584 3515 625 3582 Ὃ
648 3516 700 3584 έάν
718 3520 813 3607 βλέπη
838 3516 938 3594 όυίός
960 3518 1039 3584 *τόν
1059 3519 1171 3603 πατέρα
1190 3525 1349 3597 ποιοῦντα,
1380 3516 1491 3582 ὀὕτω

324 3620 375 3683 καὶ
389 3617 480 3695 αὐτός
495 3615 606 3702 ὁμοίως
620 3629 706 3686 ποιεῖ.
752 3623 814 3685 Καί
830 3619 936 3704 ἵναμή
958 3625 1044 3711 θείξη
1062 3628 1102 3711 τῷ
1117 3618 1366 3703 συμβουλεύοντι,
1387 3621 1435 3695 είς
1456 3617 1490 3683 τό

325 3719 366 3803 μή
385 3729 556 3804 καυχᾶσθαι
578 3721 632 3788 τόν
648 3721 804 3805 διάβολον,
827 3725 878 3788 καὶ
891 3724 984 3810 λέγειν
1002 3721 1053 3790 διά
1074 3731 1127 3806 τῆς
1144 3725 1326 3804 συμβουλίας
1343 3718 1442 3786 αὐτοῦ
1464 3747 1490 3784 τι

323 3821 377 3886 τόν
400 3831 519 3909 αωτήρα
543 3825 754 3907 πεποιηκέναι,
786 3823 828 3900 δίς
846 3845 922 3908 φησι
942 3823 1019 3912 τιρός
1041 3822 1149 3904 αὐτόν,
1180 3825 1260 3890 Elui
1282 3827 1334 3890 ἵνα
1356 3825 1389 3888 οί
1405 3827 1492 3889 λίθοι

324 3921 410 4007 άρτοι
427 3926 576 4012 γένωνται.
617 3923 653 3989 ‘0
676 3926 709 3991 δέ
733 3924 789 3992 οὐκ
815 3925 963 4010 άνέγειαι,
993 3931 1041 3992 ἵνα
1066 3924 1108 4011 μή
1132 3925 1242 4010 μαθοόν
1266 3923 1489 4008 ’ὐποληφθείη

325 4025 407 4110 παρά
431 4036 485 4093 τοῦ
509 4025 651 4111 διαβόλου
674 4028 912 4113 λαμβάνωντήν
938 4032 1131 4113 συμβουλίαν.
1176 4029 1236 4094 Καί
1261 4025 1337 4116 όρᾷς
1365 4027 1409 4093 ότι
1433 4024 1490 4102 τάς

361 4181 595 4236 en.1,xxv.-
638 4185 660 4236 ί.
679 4182 706 4248 ἐξ
722 4181 822 4252 ήμίρας
838 4187 890 4236 cod·
923 4189 949 4236 ιἰι
966 4201 1041 4250 mara.
1057 4191 1196 4236 οιιιιοιαλιιοι
1219 4187 1313 4235 invenio
1333 4198 1364 4234 ιτ
1377 4184 1429 4234 ιιι
1447 4186 1489 4232 ἀοι

325 4247 423 4313 amm.
922 4256 1059 4316 nescioquo
1082 4254 1195 4319 (εἰρίυλί,
1212 4252 1304 4316 νεολαία)
1328 4247 1401 4306 οἶδεν.
1438 4253 1488 4300 διδ

359 4349 384 4400 2.
405 4355 516 4404 Voculam
530 4353 553 4407 εἰ
567 4357 659 4407 uncinis
673 4357 763 4406 notavit
769 4357 888 4406 Ριιαυίιιι.
922 4323 1161 4454 ἴίήὲἑὲἒῗωοβὲἓζ
1174 4322 1331 4453 'imfimo
1341 4318 1365 4372 εἰ
1379 4315 1427 4386 7⁶⁹
1447 4315 1484 4382 μέ·

360 4449 384 4504 3.
404 4455 478 4518 λἰιλρο
494 4450 567 4508 εἶδεν,
594 4459 621 4508 ln
635 4459 741 4521 ιαππμίο
755 4457 890 4508 Memmi
955 4455 980 4511 4.
997 4459 1063 4510 Libri
1076 4459 1161 4508 λαλαιλ
1173 4451 1294 4522 πρόςτδι
1308 4451 1407 4518 πατέρα
1435 4453 1486 4502 &-
