3186 4928
329 244 392 307 390
426 294 429 305 .
753 249 875 306 ειυοτι
892 251 1062 304 nummu
1579 243 1580 284 λ

333 371 371 440 οῦ
393 373 467 458 λέγει
485 377 637 456 μονογενῆ.
683 375 756 446 Πῦς
779 369 835 498 γδρ
852 369 1013 456 μονογενὴς
1034 366 1111 454 όμη
1130 370 1368 496 γεγεννημένρςς
1383 370 1439 437 τδτ
1456 371 1488 436 δέ

333 473 402 542 υίδν
421 481 579 561 μονογενῆ,
600 477 651 540 ἵνα
666 500 707 556 μη
725 470 744 539 ό
759 470 827 549 υἱός
841 476 999 555 νομισθείη
1016 470 1129 559 πατὴρ,
1151 473 1232 537 ’ml'
1218 497 1267 537 ινα
1283 469 1325 556 μή
1341 469 1386 550 τίς
1401 473 1488 559 λόγος

211 601 263 650 τις
275 591 322 642 ⁸1³·
337 579 367 646 ἐν
383 579 490 700 καρδίμ
506 573 673 661 αἰνθροόπου
691 572 861 664 όπειιιασθῇ
876 572 894 642 ό
910 572 984 652 θεός
998 573 1093 660 λόγος.
1138 571 1230 638 Εἰ
1193 599 1249 660 γαρ
1264 573 1352 660 λόγος
1364 577 1487 662 λίγειαι,

334 677 433 746 δια
399 706 454 762 την
471 676 609 760 τοιαύτην
632 685 736 802 χρῆσιν
756 679 926 763 λέγειαι,“
912 703 960 743 ινα
984 675 1025 760 μὴ
1047 681 1154 766 νομίση
1172 702 1217 752 τις
1241 674 1396 762 όλλότριου
1413 676 1489 744 εἶναι

334 789 387 866 τῆς
400 807 454 847 του
440 787 544 846 θεοῦ
557 777 796 866 πατρόςοῦσίας,
817 782 868 845 καί
883 776 982 846 οῦιιέτι
999 777 1086 865 λόγος
1100 776 1315 858 ανοπόστατος,
1337 778 1409 844 ἄλλό
1425 783 1489 846 ἐνυ-

335 884 490 962 πόσιατος,
512 880 607 948 διό
575 909 619 961 το,
642 880 819 968 Μονογενης
833 881 947 969 πλήρης
960 907 1077 968 γαριτος
1089 883 1141 948 καλ
1156 879 1305 963 όληθείας.
1337 880 1433 946 Kal‘
1414 889 1490 971 ορᾷς

335 986 414 1054 πόσα
431 989 492 1054 ἐστι
509 983 585 1069 πρός
602 982 764 1065 όσφόλειαν
779 989 832 1067 τῆς
846 981 987 1070 ἡμετέρας
1001 991 1091 1067 ζωῆςς
1132 981 1172 1048 Τό
1187 991 1271 1070 γοῦν,
1296 984 1375 1050 Θεῦν
1389 983 1490 1061 οῦδείς

335 1088 455 1156 ποτ’ποτε
476 1087 657 1174 ἐόραιιευ,”
643 1113 692 1152 ινα
711 1083 744 1152 τό
763 1083 892 1172 όόρατον
908 1093 962 1152 τοῦ
978 1085 1090 1172 πατρός
1105 1085 1239 1176 σημόνη,
1261 1089 1313 1152 καί
1328 1095 1381 1170 τῆς
1395 1085 1491 1152 αῦτοῦ

334 1191 493 1274 θεότητος,
519 1193 571 1256 ινα
591 1216 644 1273 την
663 1192 742 1254 ίδίαν
761 1191 892 1271 θεότητα
910 1187 961 1254 διό
982 1195 1034 1272 τῆς
1053 1186 1165 1274 σαρκός
1185 1191 1372 1324 φαινομέυην
1391 1192 1491 1272 ἐπιβε-

336 1293 460 1382 βαιόση

423 1392 510 1461 Πόσα
532 1395 564 1458 δέ
581 1393 667 1474 ἄλλα,
687 1397 738 1460 καί
758 1396 893 1460 ἐπέκεινα
910 1393 1038 1473 τοῦτον,
1061 1397 1104 1469 εἰς
1123 1393 1305 1478 παράστασιν
1327 1392 1398 1478 ημῖν
1417 1395 1490 1459 ἂνα-

336 1499 423 1576 λίξειέ
438 1522 491 1575 τις,
513 1498 565 1562 καλ
581 1495 775 1580 παρασιτξσειε
789 1495 866 1583 πρός
878 1494 933 1579 τήν
948 1503 1001 1562 τοῦ
1014 1498 1214 1578 Σαμοοατέοις
1228 1495 1349 1576 ῦνοιανς
1375 1499 1417 1561 Εί
1432 1495 1492 1582 γῦρ

337 1594 375 1684 ἦν
396 1602 428 1667 ἐν
450 1607 492 1690 τῷ
514 1601 617 1684 πατρί,
640 1595 681 1674 τίς
697 1596 716 1664 ό
734 1599 821 1685 λόγος
839 1601 872 1664 ἐν
894 1602 1002 1686 καρδίᾳ
1024 1596 1208 1685 όνθροέιτου,
1230 1605 1294 1677 πός
1310 1601 1494 1684 παραγίγονε

331 1701 389 1793 ,διδ
404 1705 481 1778 ίδίας
496 1706 626 1788 θεωρίας
639 1699 859 1788 φθεγγόμενοςς
882 1703 914 1766 ἐν
929 1707 971 1790 τςῦ
990 1699 1047 1787 γῦρ
1061 1698 1155 1768 αῦτόν
1170 1704 1339 1788 διηγεῖσθαι
1354 1709 1414 1776 τοῖς
1436 1699 1493 1764 αῦ-

224 1799 229 1810 ’
338 1813 393 1872 τοῦ
411 1813 561 1888 μαθηταῖς
576 1801 700 1884 φάσκει,
720 1801 754 1868 ‘0
770 1801 910 1884 ἐυραιιοές
926 1803 976 1887 ἐμέ
992 1802 1104 1889 ίοίραιτε
1119 1801 1170 1868 τόν
1187 1807 1307 1891 πατέρα.
1352 1805 1406 1868 Καὶ
1432 1801 1494 1868 οῦκ

339 1905 435 1987 είπεν,
463 1905 539 1992 Ἐγοό
563 1909 620 1988 εἰμι
638 1902 656 1971 ό
674 1904 787 1992 πατὴρ,
810 1903 881 1972 όλλοί
896 1904 930 1970 τό
950 1903 1018 1988 Ἐμέ
1035 1908 1066 1972 ἐν
1081 1911 1122 1994 τῷ
1137 1908 1226 1992 πατρί
1243 1909 1382 1990 σημαίνει.
1427 1908 1495 1971 Καὶ

340 2007 396 2077 οῦκ
413 2005 509 2088 εἶπεν,
538 2005 613 2093 Ἐγιό
635 2009 693 2090 εἰμι
713 2011 840 2087 ἐκεῖνος,
863 2005 933 2087 ἀλλ’,
961 2005 1036 2093 Ἐγοδ
1055 2000 1150 2091 ἦλθον
1170 2011 1218 2074 ἐτιί
1233 2014 1275 2098 τῷ
1295 2007 1414 2092 όνόματι
1436 2015 1496 2074 τοῦ

340 2109 451 2194 πατρός
467 2137 542 2193 μου,
565 2112 631 2190 καί,
652 2107 783 2188 Ἐκεῖνός
803 2113 879 2176 ἐστιν
895 2107 913 2176 ό
931 2117 1089 2195 μαρτυροῦν
1109 2115 1179 2196 περί
1195 2113 1277 2194 ἐμοῦ.
1321 2113 1380 2176 Καὶ
1399 2109 1498 2177 πόλιν

341 2215 409 2299 περὶ
425 2220 478 2279 τοῦ
492 2211 657 2296 πνεῦματος
671 2220 725 2278 τοῦ
741 2210 828 2300 όγίυυ
844 2210 906 2291 ότι,
925 2210 1030 2278 ’Ἁλλυν
1045 2211 1233 2298 παράκλητον
1247 2211 1318 2296 ῦμῖν
1332 2211 1498 2280 όποστελοῖ.

331 2315 411 2402 Ὅρα
425 2324 490 2392 ποῦς
509 2314 564 2382 ῑτό
579 2313 758 2396 Ἀποστελεῖ,
779 2319 832 2382 καῖ
849 2313 1022 2381 ἰδ”Αλλον
1036 2320 1090 2380 τοῦ
1101 2312 1194 2401 Ἐμοί,
1215 2319 1265 2383 ἰ’να
1280 2319 1360 2406 δείξῃ
1377 2319 1498 2401 ποτέρα

341 2417 554 2499 ἐνυπόστατον,
583 2425 701 2502 πνεῦμα
723 2417 808 2505 ἅγιον
834 2416 1047 2495 ἐνυπόστατον,
1075 2414 1204 2494 Ἐκεῖνός
1227 2443 1263 2501 με
1286 2417 1342 2505 γὰρ
1364 2417 1498 2499 δοξάσει,

342 2524 410 2608 περὶ
427 2529 480 2588 τοῦ
500 2519 586 2606 όγίου
601 2519 767 2604 πνεόματος
784 2523 886 2606 λέγων,
912 2519 981 2586 θὸτι
1000 2524 1054 2584 τοῦ
1071 2521 1143 2602 ἐμοῦ
1156 2519 1288 2602 λήψεται.
1327 2524 1386 2586 Καί
1403 2523 1499 2590 ποῖόν

342 2644 417 2707 φησι
432 2625 477 2704 τό,
499 2621 550 2689 Ἐκ
566 2622 679 2712 πατρός
697 2621 941 2708 ἐκπορευόμενον,
964 2623 1050 2701 4ιιαλ,
1078 2629 1140 2688 Τοῦ
1155 2624 1228 2705 ἐμοῦ
1240 2620 1380 2704 λόμεταις
1406 2621 1498 2690 ’Aua'

341 2729 393 2792 καί
405 2747 489 2808 φησι,
513 2724 577 2793 Δόο
593 2732 751 2814 μαρτυρίαι
764 2723 937 2812 ιίνθροίποιν
950 2722 1162 2807 σταθήσονται,
1183 2727 1244 2805 καί,
1264 2723 1338 2812 Ἐγιῦ
1353 2735 1496 2814 μαρτυρεῖ

343 2829 392 2894 ἐπί
406 2831 546 2911 ἐμαυτοῦ,
568 2832 630 2910 καί,
652 2837 813 2914 Μαρτυρεῖ
823 2830 891 2913 περί
906 2828 980 2909 ἐμοῦ
996 2823 1014 2892 ό
1029 2824 1202 2904 ἀποστείλας
1217 2853 1253 2910 με
1265 2827 1371 2912 πατήρ.
1404 2829 1496 2895 Πόσα

342 2929 374 2994 δέ
395 2927 465 2994 ῦλλα
487 2939 631 3012 τοσαῦτα,
649 2935 710 2998 καί
732 2933 865 2998 ἐπέκεινα
887 2927 1014 3007 τοῦτωυς
1056 2926 1135 2995 Ἰδοῦ
1154 2928 1225 3016 γῦρ,
1248 2933 1337 3013 φησί,
1360 2933 1496 3015 ἐξομολο-

343 3036 451 3117 γοῦμαί
467 3053 515 3100 σοι
532 3033 622 3121 πότερ
640 3034 725 3122 κόριε
741 3034 876 3120 οὐρανοῦ
896 3034 947 3097 ιιαλ
968 3038 1037 3118 γῆς,
1060 3029 1105 3096 ῦτι
1121 3029 1300 3118 ἀπέκρυψας
1322 3038 1415 3099 ταῦτα
1431 3029 1495 3100 dno*

343 3140 447 3215 σοφῶν
461 3137 511 3204 καί
526 3145 671 3218 συνετῶν,
692 3139 742 3203 καί
759 3133 954 3216 όπεκοίλυψας
970 3127 1046 3200 αῦτό
1061 3138 1192 3217 νηπίοις·
1216 3137 1264 3200 ναὶ
1279 3132 1298 3200 ό
1313 3134 1426 3222 πατὴρ,
1449 3135 1495 3202 ότι

343 3235 439 3314 οῦτοις
452 3240 569 3324 γίγουευ
585 3237 706 3306 εῦδοιιία
722 3240 891 3324 ἔμπροσθέν
906 3259 971 3304 σου.
1007 3232 1113 3302 Πάντα
1126 3263 1177 3320 μοι
1191 3235 1347 3324 παρεδόθη
1363 3235 1424 3304 όπῦ
1439 3247 1496 3304 τοῦ

343 3338 456 3424 πατρός
475 3366 551 3422 μου,
572 3343 624 3408 καὶ
640 3339 738 3419 οῦδείς
754 3339 814 3406 οίδε
829 3339 881 3406 τόν
897 3338 964 3406 υίδν
979 3342 1007 3405 εί
1020 3336 1062 3422 μη“
1078 3335 1096 3404 ό
1112 3339 1225 3425 πατήρ,
1247 3342 1297 3406 καί
1314 3338 1366 3406 τόν
1381 3343 1496 3426 πατέρα

346 3439 445 3518 οῦδελς
460 3444 534 3528 ἐγντο
549 3445 576 3508 εί
588 3442 628 3528 μὴ
644 3441 751 3523 όυίδς,
773 3433 863 3532 ταὶρῖ
881 3440 932 3508 ἐόν
948 3439 966 3507 ό
982 3438 1048 3517 υἱός
1064 3437 1254 3532 όποκαλόμη.
1286 3439 1495 3525 Ἀπετιόλυψας

342 3543 398 3631 γῦρ
413 3551 545 3629 νηπίοις,
566 3547 635 3626 καί,
660 3545 765 3611 Πόντα
779 3570 830 3628 μοι
844 3541 1001 3631 παρεδόθη
1017 3541 1078 3610 ῦπδ
1093 3551 1146 3610 τοῦ
1160 3542 1272 3630 πατρός
1285 3570 1362 3626 μου,
1382 3549 1434 3612 ἰ’τα
1447 3549 1493 3612 ἐι-

343 3646 428 3738 ιιόψη
450 3645 503 3731 τὴν
524 3646 638 3714 τοῦτον
662 3649 889 3730 ἐπινενοημίνην
910 3651 1076 3726 ξενολεξίαν.

208 3855 276 3926 Κῑφ·
295 3857 325 3923 C·
425 3849 496 3918 ’Au’
516 3851 574 3938 ὅρα
590 3852 641 3920 τόν
660 3851 707 3919 Asi
725 3853 975 3936 ἆντιπολεμοῦντα
991 3859 1028 3943 τῇ
1049 3859 1109 3919 τῦν
1130 3851 1301 3939 όνθροόπαν
1320 3851 1412 3935 φόσει
1431 3851 1490 3920 διό-

213 3955 220 3966 ”
343 3958 448 4037 βολον,
470 3959 498 4020 τί
515 3957 548 4021 ἐν
564 3954 665 4033 αῦτοῖς
680 3958 874 4038 ἐνειιίσοησεν,
897 3951 993 4040 όίςπερ
1011 3953 1070 4022 όπδ
1093 3959 1265 4039 διαβολιτῆς
1281 3957 1430 4042 ἐνεργείας
1443 3963 1492 4024 τοῦ

342 4057 441 4142 λέγειν.
486 4065 592 4140 Δῆθεν
608 4057 663 4146 γῦρ
684 4056 900 4144 ἀπολογοῦνται
922 4057 1000 4144 πρός
1021 4066 1113 4124 ταῦτα
1136 4062 1168 4125 οί
1186 4065 1239 4184 τρῖς
1258 4065 1320 4124 τοῖν
1342 4057 1492 4124 Ἰουδαίαν

222 4185 273 4235 ρος.
285 4177 331 4224 σοι
344 4161 483 4244 αίρέσετος
496 4157 658 4243 ῦπηρέται,
679 4158 755 4248 ῦπέρ
770 4159 880 4230 τοῦτου
895 4160 1100 4246 αἰσχυνόμενοι
1116 4158 1217 4226 δια
1183 4188 1239 4245 την
1257 4167 1319 4226 τῶν
1338 4159 1476 4226 θείατ’
1448 4185 1489 4226 ευ·

377 4297 435 4349 Gn.
452 4299 543 4351 V1.-
565 4299 584 4350 Ι.
601 4301 674 4352 Immo
690 4299 719 4354 τί
735 4296 901 4354 ’λτεοαεελῦλ
936 4297 988 4367 ἐγιῦ
1005 4303 1145 4352 mutandum
1160 4315 1209 4353 τετε
1222 4303 1317 4351 munit.
1353 4303 1490 4352 ετίαττλτα·

376 4360 471 4418 216¹
473 4369 550 4422 λλλον
538 4368 610 4422 ντοῦ
625 4365 697 4435 Ἔγιῦ
712 4375 810 4420 menes!
825 4383 903 4419 τπιτπ-
935 4372 1066 4434 τλμίορῖαια
1090 4372 1199 4422 vertendo
1224 4375 1262 4418 Διι
1263 4367 1346 4420 ίατεδε
1348 4379 1402 4418 οπο
1429 4385 1489 4438 ηια-

343 4433 424 4495 είολί,ο
448 4447 500 4484 eum
516 4437 570 4485 λε’ῦτλ
590 4439 717 4498 praebeant
732 4433 761 4490 τό
779 4429 851 4491 ἄλλον
840 4431 899 4489 ντδ
934 4435 1043 4486 αιοδοτ
1029 4435 1131 4488 vocibus
1146 4436 1194 4488 ini·
1210 4447 1310 4498 utatur,
1336 4439 1443 4500 Ηῖίίατπ,
1465 4443 1488 4484 εί

343 4495 411 4567 ίγῦ,
428 4503 491 4564 quod
505 4505 639 4554 Patavina
629 4519 654 4556 υι
668 4522 697 4558 το
688 4499 795 4571 ἄλλον,
812 4501 856 4558 κοιλ
868 4500 898 4558 τό
934 4506 1013 4556 Anum
1035 4504 1066 4556 ab
1089 4505 1134 4561 illo
1155 4507 1221 4570 Εςο,
1247 4515 1274 4557 ει
1295 4475 1420 4560 δλιπτιιαι
1442 4507 1487 4556 m
