3168 4942
399 225 537 281 raunan
555 227 807 282 usnemun.
826 227 927 280 naen.
939 227 1036 281 nxnx.
1240 213 1303 282 tut

138 367 209 411 nem
227 345 302 432 patri
317 347 432 412 detulit.
476 351 577 425 Nemo,
602 347 708 433 inquit,
731 355 811 412 nouat
822 353 894 412 daem
912 354 1077 432 astipuler.
1125 345 1213 432 Quod
1229 349 1302 413 doo-
1315 370 1390 416 mue.

138 449 197 513 bos
215 449 308 514 modis
325 450 467 535 explicari
488 463 597 537 potest.
631 439 775 516 ¹Primum
793 451 869 536 quod
885 451 1000 536 quando
1018 461 1141 516 ventura
1160 451 1302 516 sitiutel·
1329 420 1412 478 Μ’

139 551 232 636 ligat,
265 573 331 616 oum
354 573 395 616 ex
417 553 495 618 illius
521 565 592 618 nutu
617 577 651 619 ac
673 555 824 620 voluntate
843 555 916 619 hora
939 553 988 618 illa
1012 575 1047 618 ee
1065 554 1128 618 dies
1152 553 1301 619 adveniat.

139 651 282 720 Secundo
300 655 368 719 ideo
386 677 475 720 nosse
495 657 619 736 dicitur,
644 659 719 742 quod
741 657 800 721 lilio
815 679 870 722 suo
886 657 943 720 iam
962 677 1079 720 omnem
1102 656 1181 720 illam
1202 656 1304 722 iudicii

139 759 321 822 lunationem
347 759 509 824 tradiderit.
555 757 623 824 Nec
644 759 741 824 minus
764 759 832 826 huic
855 759 909 846 ipsi
933 760 979 823 dei
1001 759 1077 838 lilio,
1109 771 1209 844 utpote
1232 759 1300 839 deo,

138 881 196 926 nec
214 861 271 925 ulla
289 881 321 924 re
342 881 358 924 a
377 873 458 948 patre
475 863 613 943 diverso,
638 864 740 927 eadem
765 873 811 927 est
834 863 987 927 tribuenda
1012 862 1154 946 cognitio.
1199 860 1302 944 Quare

138 964 262 1027 etdiem
288 963 364 1027 illam
390 964 489 1042 novit,
520 965 689 1030 cleandem
709 964 859 1051 producit,
892 986 926 1028 ac
950 965 1080 1050 perlicit,
1111 975 1141 1029 et
1162 963 1301 1029 iudicium

137 1067 337 1145 administrat,
362 1087 417 1130 nee
437 1066 547 1152 absque
563 1067 614 1131 illo
630 1089 752 1153 prorsus
769 1067 919 1131 adveniet.
965 1065 1073 1151 Neque
1092 1077 1202 1144 tamen,
1225 1067 1301 1150 quod

137 1169 178 1233 ad
197 1169 380 1235 effectionem
400 1160 544 1254 pertinet,
569 1191 633 1234 eam
660 1191 748 1234 nosse
769 1169 894 1249 dieitur,
926 1169 994 1255 quia
1018 1171 1144 1234 ruendum
1163 1169 1301 1234 iudicium

138 1272 279 1336 institnit.
313 1269 392 1336 Nam
412 1283 441 1336 et
458 1273 538 1358 impii
558 1273 652 1337 adhue
669 1273 848 1358 impietatem
864 1283 1022 1352 exercent,
1045 1284 1075 1336 et
1089 1273 1189 1337 iniusti
1205 1273 1301 1338 aliena

138 1393 196 1462 per
217 1375 275 1438 vim
296 1385 453 1460 usurpantg
487 1385 517 1438 et
532 1387 732 1462 stupratores,
765 1376 890 1440 adulteri
910 1397 944 1441 ac
961 1377 1185 1440 simulacrorum
1209 1375 1303 1440 culto·

136 1497 190 1541 res
207 1477 316 1560 flagitia
335 1499 388 1542 sua
410 1489 597 1564 perpetrant,
630 1489 660 1542 et
679 1478 813 1543 diabolus
833 1478 951 1543 molitur
969 1479 1093 1564 aliquid,
1118 1490 1147 1542 et
1163 1477 1302 1542 lmereses

135 1581 313 1663 insurgunt,
339 1592 369 1643 et
385 1601 518 1644 errorum
537 1581 650 1646 lalsitas
667 1580 878 1666 quamplurima
897 1582 1096 1645 machinatura
1129 1582 1222 1645 donec
1243 1580 1302 1644 sci·

136 1680 210 1745 licet
227 1683 302 1746 diem
322 1683 401 1746 illum
419 1685 495 1747 lilius
512 1683 558 1747 dri
574 1686 724 1769 prolerat,
749 1692 780 1748 et
797 1685 953 1768 unicuique
970 1684 1045 1767 quod
1063 1685 1169 1748 iustum
1189 1692 1236 1747 est
1257 1693 1301 1746 at·

136 1784 259 1849 tribuat.
306 1785 384 1851 Tum
403 1787 517 1850 demum
537 1787 615 1850 illam
636 1807 726 1850 nosse
744 1787 875 1866 dicetur,
900 1787 955 1849 hoc
972 1797 1019 1849 est
1037 1786 1067 1850 vi
1087 1806 1141 1848 sua
1165 1806 1201 1850 ao
1218 1796 1302 1870 pote·

135 1897 216 1952 state
240 1889 351 1953 lacere.
398 1887 480 1973 Ergo
499 1889 568 1953 illnd
593 1890 622 1953 iu
645 1899 728 1975 patre
753 1888 867 1952 duobus
889 1887 983 1952 modis
1003 1888 1156 1974 impletur,
1188 1886 1219 1950 in
1242 1887 1301 1952 lilio

135 2010 213 2054 vero
227 1991 350 2056 seientia
369 2001 400 2054 et
419 1991 589 2075 cognitione
609 2004 713 2070 tenus3
748 2011 803 2054 nee
825 1989 851 2053 is
871 2000 969 2053 tamen
992 1991 1126 2075 ignorat,
1150 1991 1201 2054 sed
1227 2011 1300 2054 non·

135 2094 205 2157 dum
224 2095 339 2158 actione
356 2093 419 2180 ipsa
436 2095 569 2179 perlecit.
615 2091 756 2156 Nondum
775 2093 852 2156 enim
870 2091 1023 2156 iudicavit.
1068 2093 1194 2176 Angelis
1213 2113 1304 2177 porro

135 2195 252 2259 duobus
274 2197 368 2261 modis
392 2197 464 2260 haec
489 2195 619 2281 cognitio
639 2195 821 2274 detrahitur,
855 2196 931 2280 quod
956 2215 1050 2280 neque
1069 2196 1184 2280 quando
1204 2197 1301 2260 futura

135 2297 178 2360 sit
197 2298 377 2384 intelligant,
402 2321 457 2363 nee
474 2300 591 2362 actione
608 2299 670 2383 ipsa
692 2310 890 2382 cognoscant,
915 2299 971 2361 lroe
991 2307 1036 2361 est
1055 2295 1126 2361 nilril
1149 2297 1245 2362 adltuc
1259 2299 1303 2360 el·

136 2399 275 2464 lecerunt.
323 2398 438 2487 Quippe
458 2401 585 2466 nondnrn
611 2403 781 2464 mandatum
804 2401 862 2464 illis
887 2411 984 2465 estut
1008 2411 1115 2464 escant
1144 2409 1174 2463 et
1195 2400 1299 2485 impios
1313 2406 1401 2517 ³1¹&

134 2501 219 2566 velut
237 2503 336 2566 lolium
360 2504 390 2567 in
412 2505 567 2568 fasciculos
588 2503 745 2588 colligant,
778 2515 807 2566 et
825 2503 884 2587 igni
906 2504 941 2567 ed
962 2502 1191 2568 comburendum
1215 2521 1301 2588 prae-

136 2617 255 2691 parent.
303 2605 567 2686 Animadrertitis,
592 2606 717 2692 opinor,
748 2605 955 2683 ocarissimi,
987 2606 1090 2689 deique
1119 2605 1217 2684 servi,
1250 2625 1302 2669 eos

136 2729 242 2772 omnes
263 2709 311 2793 qui
332 2719 437 2794 sponte
459 2729 512 2774 sua
533 2709 681 2794 animique
704 2707 856 2794 proposito
880 2707 936 2772 sibi
963 2707 1121 2796 perniciem
1145 2718 1303 2772 arcessunt

136 2811 248 2874 frustra
266 2810 385 2874 veritati
408 2811 515 2874 bellum
538 2811 665 2890 inlerre,
698 2833 763 2876 cum
781 2811 982 2896 unusquisqne
1002 2831 1108 2896 magno
1132 2831 1187 2875 suo
1210 2809 1298 2890 malo,

134 2913 256 2976 diversa
275 2913 390 2977 ratione
408 2915 579 2977 interiorem
598 2913 743 2998 quandam
762 2913 961 2979 conditionem
982 2935 1018 2978 ec
1043 2925 1152 2979 sortem
1170 2913 1218 2978 dei
1242 2913 1300 2978 lilio

134 3037 193 3102 per
215 3037 357 3080 summam
380 3016 587 3079 contumeliam
611 3025 737 3080 conatur
759 3016 942 3080 adscribere.

223 3116 335 3183 Verum
355 3140 421 3181 oum
445 3119 587 3182 haetenus
607 3120 643 3182 de
662 3117 711 3182 illo
729 3119 894 3206 scripturae
914 3120 980 3182 loco
1006 3117 1079 3183 satis
1103 3117 1192 3182 multa
1216 3117 1301 3182 dixe·
1319 3111 1430 3230 {Egla

134 3219 246 3298 rimus,
271 3232 390 3300 cetera,
424 3243 498 3305 quae
520 3222 556 3284 ab
583 3221 639 3285 illis
661 3221 844 3300 afferuntur,
868 3221 969 3284 divino
989 3222 1055 3284 lreti
1081 3220 1227 3305 praesidio
1250 3241 1301 3285 cu·
1431 3216 1437 3230 '

131 3324 262 3386 inamodi
287 3323 346 3388 sint
372 3324 534 3387 videamus.
581 3321 699 3387 Etenim
726 3324 866 3408 generosi
891 3323 931 3388 illi
955 3345 989 3388 ae
1014 3322 1132 3388 nimium
1158 3325 1298 3402 audaces,

131 3427 253 3489 tametsi
271 3447 329 3489 non
353 3429 453 3491 eadem
472 3448 538 3491 cum
558 3423 762 3506 Manicheam,
786 3437 873 3510 atque
891 3426 957 3490 aliis
976 3448 1059 3511 quam
1080 3427 1212 3512 plurimis
1231 3427 1300 3490 hae·

129 3528 253 3593 resibus
269 3531 417 3609 sentiant,
442 3530 493 3592 sed
510 3549 611 3593 reram
628 3529 658 3592 in
676 3525 799 3593 Christo
813 3547 932 3591 carnem
948 3531 1109 3608 retineant,
1134 3529 1188 3593 hoo
1204 3527 1299 3614 ipsum

131 3643 231 3694 temen
251 3652 310 3695 non
328 3632 415 3718 plene
430 3643 518 3717 atque
540 3633 673 3716 integre,
698 3632 749 3694 sed
767 3651 831 3694 curn
849 3631 965 3695 delectu
990 3632 1087 3715 aliquo
1112 3631 1297 3717 profitentur.

127 3730 212 3797 Nam
230 3733 410 3798 salvatorem
435 3743 567 3798 nostram
592 3755 662 3798 vera
686 3734 802 3818 quidem
820 3753 909 3798 earne
929 3735 1092 3818 praeditum
1114 3734 1205 3798 luisse
1228 3755 1300 3797 eon·

130 3835 253 3899 cederat.
301 3833 361 3900 Sed
380 3857 445 3899 cum
465 3837 493 3899 in
511 3836 668 3920 evangelio
687 3837 808 3900 audiunt
826 3837 950 3901 eundem
969 3859 1007 3899 ecc
1021 3842 1124 3898 r'tr'nere
1135 3839 1296 3922 fatigatum
1309 3845 1455 3902 tuentii·

128 3937 244 4016 fnisse,
269 3959 324 4001 uec
342 3959 401 4002 uon
423 3949 452 4002 et
477 3940 574 4002 famen
599 3939 736 4022 sitimque
761 3939 935 4024 pertulisse,
967 3939 1111 4002 dormisse
1136 3959 1171 4003 ac
1198 3960 1300 4004 surre-

126 4039 235 4118 xisse,
260 4039 454 4104 haecomnia
479 4042 654 4125 colligentes
677 4042 711 4104 ad
732 4040 796 4104 eius
822 4042 1004 4106 divinitatem
1032 4043 1181 4122 referunt,
1213 4063 1298 4127 quam

125 4142 250 4228 quidem
271 4143 453 4227 argumentis
469 4143 613 4208 eiusmodi
639 4144 707 4207 lreti
725 4143 850 4208 alienam
877 4165 894 4208 a
919 4156 1024 4208 tratura
1041 4145 1133 4229 patria
1155 4145 1299 4209 affirmare

122 4261 175 4315 aad
194 4260 268 4312 eriam
286 4269 337 4314 cett.
762 4258 788 4314 4.
806 4261 956 4329 scammum
973 4266 1025 4315 cod.
1041 4265 1142 4328 ttdedtp.

160 4331 185 4382 3.
204 4327 303 4396 δεσμὸς
327 4327 427 4397 despair
451 4332 488 4383 cd.
509 4346 548 4393 pr.
568 4333 696 4384 Cornum
765 4331 823 4383 Cur.
835 4333 954 4384 xtvut.
973 4363 1007 4376 -
1033 4334 1054 4383 1.
1072 4326 1142 4404 αὐτῷ
1162 4335 1296 4386 ceddam

118 4403 274 4452 ediomvcrtit
297 4399 323 4448 in
348 4397 486 4450 fasciculos
506 4416 536 4448 ac
558 4397 700 4451 fasciculos.
736 4405 757 4450 tl
773 4401 809 4452 ed.
830 4403 905 4464 princ.

122 4465 166 4528 alc
186 4462 285 4533 δισμάς
294 4470 394 4518 carceit
404 4468 538 4518 uorem
551 4469 591 4519 tr.
606 4481 631 4530 p.
642 4467 702 4520 812.
