3168 4942
368 243 1002 298 rnnnnnnrn.n.rom11.nnnn.ex1x.
1203 227 1267 294 tto

107 383 184 429 vane
199 363 323 448 quedam
348 363 490 448 gion-ieie,
514 365 579 430 sire
602 365 761 448 anticipato
781 363 871 428 enimi
889 362 1016 441 iudicio,
1047 361 1267 428 niventunen

107 465 281 550 nescioquo
301 466 463 552 sapientie,
487 468 553 532 eive
572 467 670 531 afflatu
688 465 840 530 doemonis
857 465 997 550 opinione
1019 473 1159 550 suscepte
1182 485 1267 529 eve·

106 567 201 632 ritatis
218 567 325 632 itinere
341 567 559 648 aberraverint,
585 569 818 652 pravitatemque
834 589 930 646 suem,
948 567 991 630 sic
1009 577 1144 652 tanquam
1163 568 1267 652 ingen·

107 681 164 733 tem
180 669 375 734 calamitatem
397 672 428 734 in
442 671 542 734 urbem
562 680 706 736 terrarum
723 670 906 736 invexerint
952 669 1020 755 Age
1035 669 1124 754 igitur
1141 691 1195 734 noe
1210 671 1267 733 ite·
1289 690 1290 694 ¹

105 793 169 835 rum
185 772 220 834 de
237 771 282 834 his
299 792 466 836 sermonem
483 772 671 837 instituamus
693 773 748 836 hoo
765 774 850 853 loeo,
875 783 906 836 ut
923 793 999 857 quee
1016 771 1150 836 dominos
1168 772 1266 837 elcen-

106 884 153 938 tue
177 883 223 936 est
249 875 406 959 pervidere
428 875 595 960 possimos,
627 875 868 960 quemadmodum
892 874 1043 960 apostolus
1062 873 1122 938 aits
1153 879 1420 950 decernemus.

103 980 238 1058 ιμἠἲκηι
258 980 313 1046 dei.
324 979 474 1052 tammus,
499 990 532 1040 ut
548 999 751 1058 cognoscentem
770 999 874 1061 quaec
891 982 943 1040 deo
963 981 1068 1040 mnata
1085 989 1155 1039 suut
1170 977 1263 1052 uniri,

104 1099 175 1160 quoe
200 1089 231 1140 et
252 1081 403 1160 loquum.
451 1078 535 1144 Haeo
553 1080 645 1165 igitur
661 1079 770 1145 domini
795 1080 885 1144 verba
908 1091 993 1144 sunt:
1027 1083 1070 1142 Dr
1093 1081 1153 1141 dut
1175 1082 1419 1148 munumentum

103 1181 209 1242 debere
222 1185 252 1243 r'n
269 1185 386 1263 secpsd:
415 1185 486 1246 duee
508 1195 551 1246 eet
570 1194 663 1246 cutem
685 1188 743 1246 ortu
764 1195 896 1258 aeterno,
923 1195 956 1245 ut
976 1192 1151 1263 cognoscunt
1171 1193 1199 1242 te
1219 1202 1266 1244 sc·

104 1287 161 1344 lun
183 1305 280 1346 mm
302 1287 399 1361 derum,
424 1298 452 1348 et
472 1309 554 1368 quern
574 1291 680 1348 mentiti
697 1291 790 1348 Iesum
808 1289 963 1348 Chritum.

189 1383 247 1450 tte
265 1387 365 1450 omnia
381 1388 481 1452 turbat
501 1410 537 1452 nc
555 1388 713 1474 permiscet
726 1387 820 1451 Arina
835 1398 866 1451 et
882 1387 949 1452 Arii
963 1389 1112 1465 fautores,
1136 1386 1185 1472 qui
1209 1386 1266 1450 hoe
1317 1385 1379 1454 cap.

102 1489 190 1553 nobis
213 1488 371 1554 mtieiunn
405 1486 482 1554 Cum
501 1491 620 1554 omnino
640 1492 726 1555 deum
750 1490 941 1570 obscurasse,
972 1500 1059 1574 atque
1078 1491 1152 1554 baec
1173 1488 1267 1554 verbu
1291 1453 1396 1506 ΚΜ

102 1611 266 1676 usurpasse
283 1593 414 1670 dicatur,
438 1597 534 1666 Peter,
553 1597 590 1656 du
607 1596 667 1655 itte
681 1597 767 1655 cutum
781 1594 887 1655 debere
902 1597 932 1656 rie
946 1597 1064 1674 emirati,
1091 1613 1150 1657 urou
1170 1599 1268 1676 puteat

102 1694 131 1758 ei
155 1692 205 1778 qui
230 1694 320 1758 vitam
347 1695 488 1780 praebeat
511 1694 642 1779 aequetis
662 1695 769 1760 videri.
814 1692 893 1758 Nem
913 1696 938 1758 si
961 1715 1001 1758 en
1025 1695 1116 1780 putris
1136 1694 1268 1758 eemntia
1328 1717 1331 1729 ·

101 1798 200 1876 toret,
226 1797 317 1862 vitem
337 1795 402 1882 ipse
420 1796 582 1874 tribueret,
607 1817 666 1862 non
684 1817 701 1861 a
720 1807 803 1882 putre
818 1807 950 1882 peteret,
975 1808 1007 1860 ut
1028 1796 1065 1860 iis
1084 1797 1163 1860 ittam
1183 1795 1267 1860 daret

100 1899 153 1984 qui
169 1919 345 1983 eoquorum
361 1900 427 1984 ipse
440 1898 564 1982 largitor
582 1898 622 1962 eit
640 1899 776 1984 precibus
791 1899 994 1984 impetrarent.
1040 1900 1083 1963 At
1095 1899 1164 1963 iliud
1181 1899 1267 1983 iguo-

98 2021 173 2064 rare
193 2001 328 2066 homiues
345 2001 394 2066 inti
413 1999 552 2064 videntur
574 2001 623 2084 qui
642 2012 769 2064 mentem
792 2001 848 2065 sibi
868 2023 975 2086 magno
995 2021 1050 2066 suo
1066 2004 1144 2066 mato
1161 2004 1268 2088 depre-

97 2114 230 2182 varent3
253 2102 291 2166 ob
306 2103 335 2167 id
351 2123 438 2166 unum
460 2103 516 2166 huc
534 2103 698 2166 accessisse
716 2104 763 2167 dei
782 2101 886 2184 fitium,
911 2104 996 2168 vobis
1014 2115 1045 2168 ut
1062 2105 1215 2190 exemplar
1230 2125 1266 2168 ee

97 2205 187 2270 snitu
208 2216 305 2284 esset,
337 2205 433 2268 medic
461 2205 492 2268 in
515 2205 623 2268 mundo
643 2206 827 2285 consistens,
858 2207 942 2271 velut
959 2207 990 2270 in
1008 2207 1124 2272 theatro
1141 2207 1266 2291 quodam

97 2307 231 2384 athlete,
255 2308 304 2390 qui
325 2307 422 2370 omnia
435 2306 563 2370 disiicint
585 2318 616 2371 et
640 2319 756 2372 evertet
781 2329 857 2393 qnae
880 2311 1025 2374 adversus
1043 2309 1199 2374 veritatem
1221 2308 1267 2374 in·

99 2418 249 2494 snrgunt,
274 2430 408 2494 quaeque
426 2408 587 2474 iuiidelitee
604 2431 639 2473 uc
656 2410 763 2476 dioboli
783 2413 861 2474 treus
877 2423 908 2476 et
926 2412 1071 2476 calumnia
1094 2411 1267 2490 eoueitnvit,

93 2510 164 2575 sive
184 2531 237 2596 per
251 2511 477 2578 simulacrorum
492 2512 620 2591 cultum,
645 2511 710 2575 sive
727 2533 781 2597 per
796 2511 971 2578 ludaeorum
989 2516 1110 2592 iactum,
1133 2513 1199 2578 eive
1215 2533 1268 2596 per

96 2614 325 2693 infidelitatem,
347 2614 413 2678 sive
428 2635 482 2700 per
498 2615 641 2679 humanae
659 2614 806 2698 opinionis
823 2615 1034 2700 arrogantiam,
1059 2637 1118 2700 quo
1132 2615 1267 2681 hominen

95 2717 338 2782 moderationem
360 2716 449 2781 animi
470 2728 499 2779 et
516 2718 708 2782 humilitatem
726 2718 864 2796 doceret,
887 2739 925 2781 ne
942 2718 1008 2803 quie
1025 2737 1090 2783 cunr
1109 2718 1198 2783 home
1214 2717 1266 2794 eit,

94 2841 244 2905 magnum
258 2840 294 2884 se
308 2839 376 2884 esse
394 2819 528 2902 quiddam
545 2820 723 2899 erbitretur,
748 2820 800 2883 sed
815 2821 851 2882 ad
870 2841 1054 2886 communem
1072 2821 1204 2886 omnium
1217 2841 1267 2906 pua

91 2934 219 2986 rentem
243 2922 381 2988 universa
399 2923 522 2986 reserat.
569 2919 716 3005 Quocirca
741 2922 810 2986 iicet
827 2922 889 2988 vite
907 2922 969 3008 ipae
988 2924 1045 3002 sit,
1076 2935 1108 2987 ut
1128 2933 1266 3001 testatur,

91 3029 164 3106 Ego
182 3046 249 3086 saar
262 3030 336 3099 uite,
361 3043 485 3107 eumque
503 3025 641 3088 conterre
659 3045 711 3109 per
729 3043 797 3090 seso
812 3025 924 3109 possit,
957 3027 1030 3090 ioris
1049 3036 1145 3090 tumen
1169 3047 1203 3089 nc
1222 3025 1421 3090 {mutumne

91 3127 205 3191 stitine
223 3127 316 3211 legem
335 3125 507 3212 perturbare
527 3125 634 3206 noluit,
657 3127 709 3190 aed
728 3127 842 3192 ideirco
859 3128 953 3206 veuit,
978 3138 1009 3192 ut
1025 3129 1062 3190 ad
1080 3149 1169 3193 unum
1188 3129 1269 3214 prin·

91 3229 212 3315 cipium
229 3249 374 3314 unamque
390 3229 591 3308 divinitatem,
616 3229 790 3310 veritatem,
814 3228 1015 3310 cnucurdiam,
1039 3229 1184 3315 uniusque
1204 3230 1269 3313 gio·

87 3332 161 3396 riae
186 3331 456 3416 praedicationem,
482 3330 632 3394 hominum
649 3331 773 3396 sulutem
790 3341 977 3416 mentemque
993 3332 1173 3396 traduceret.
1219 3329 1267 3398 Ob

88 3435 251 3500 ideoram
266 3432 415 3519 discipulis
439 3433 513 3517 patri
533 3434 700 3518 supplicare
716 3434 820 3500 voluit.
866 3431 944 3498 Nam
968 3434 1034 3518 quis
1053 3435 1169 3498 demum
1189 3434 1268 3499 tilius
1327 3469 1331 3476 ·

87 3558 105 3600 e
125 3546 226 3620 pauc
240 3555 300 3600 nnn
315 3535 463 3622 postulet?
494 3547 545 3600 aut
561 3537 626 3620 quie
646 3550 729 3622 puter
752 3559 811 3602 nnn
831 3536 893 3600 utto
913 3537 1058 3621 tergitur?
1091 3536 1156 3621 quis
1179 3556 1268 3622 porro
1330 3620 1336 3632 Ι

85 3639 180 3704 tilius
196 3658 219 3700 a
233 3638 326 3724 putris
342 3632 447 3702 natura
465 3639 604 3702 diversus
617 3641 683 3705 esti
716 3637 879 3726 Propterea
897 3639 1001 3703 unicus
1019 3639 1065 3704 dei
1084 3639 1163 3703 iilius
1181 3659 1198 3702 n
1217 3659 1268 3724 pa·

84 3753 135 3806 tre
151 3741 298 3826 genitus,
319 3744 421 3822 plenus
434 3747 551 3820 mauce
565 3754 595 3804 et
606 3747 752 3817 oeru'tutr'a,
778 3743 888 3807 nuilunn
905 3741 1151 3827 complementum
1165 3741 1265 3826 requi·
1276 3749 1422 3808 tuomum.

82 3844 204 3920 rebat,
230 3863 294 3906 curn
312 3843 383 3906 nihii
400 3843 454 3928 ipsi
471 3843 506 3907 de
521 3844 649 3910 veritate
668 3845 805 3923 deesset,
829 3845 881 3910 sed
895 3848 999 3926 plenus
1011 3850 1128 3925 mutue
1142 3867 1177 3908 ur
1192 3850 1267 3908 een-i·

83 3953 160 4010 meis
185 3945 277 4008 foret.
325 3941 386 4010 Sed
406 3945 461 4008 etsi
478 3945 585 4030 plenus
600 3947 657 4025 eit,
689 3959 777 4031 utque
801 3959 831 4010 et
852 3947 996 4031 largietur
1010 3947 1092 4033 ipae,
1117 3958 1148 4011 et
1165 3947 1269 4032 turgini

80 4047 213 4135 possit,
238 4047 427 4112 nihilominus
446 4048 477 4110 in
498 4059 610 4133 patrem
633 4050 795 4114 refundere
810 4050 907 4114 omniu
926 4051 1029 4115 voluit.
1074 4049 1155 4114 Nom
1170 4055 1422 4117 brummout

77 4153 251 4232 glonfcnt
267 4163 396 4231 petrem,
430 4171 465 4216 ac
488 4151 619 4216 vicissim
645 4157 731 4214 Pater
761 4158 874 4216 mecum
887 4155 986 4232 filium
1008 4157 1174 4234 glnrufleut:
1209 4163 1420 4236 egeto-elta

79 4261 163 4318 entire
185 4253 353 4332 corduenos·
366 4265 394 4316 te
410 4275 496 4335 super·
514 4266 608 4329 terra,
628 4254 670 4318 ait
686 4255 761 4340 petri
779 4255 874 4320 iiiios:
899 4266 930 4319 et
948 4264 1032 4340 pater
1049 4256 1124 4334 ctio,
1148 4261 1266 4339 611ηῇ-

78 4361 155 4420 eom·
172 4367 223 4428 te,
245 4367 276 4416 et
287 4360 392 4420 rtemann
406 4359 583 4438 olcmflmho.
631 4354 740 4443 Neque
760 4358 837 4422 enim
855 4358 943 4421 ultum
960 4360 990 4424 in
1008 4358 1163 4426 divinitate
1179 4361 1266 4426 dissi·

113 4451 151 4528 ds
165 4470 299 4542 ἀναφέρω
315 4477 384 4528 codd
400 4489 456 4528 nur.
472 4481 496 4528 rt
510 4479 638 4542 cuprum
