3186 4928
374 239 511 294 eastun
529 241 593 296 ers.
610 243 641 294 n.
658 241 785 296 somni.
801 241 997 296 nnun.1.xv.
1198 230 1260 295 395

112 369 260 446 putamus.
300 357 355 426 Est
370 363 447 426 euim
464 362 617 426 diuinitate
634 363 709 427 idem
727 373 757 426 et
774 362 903 428 essentia
918 383 983 428 cum
999 361 1081 448 patrd
1096 363 1183 444 filios,
1207 385 1263 429 nec

108 461 147 526 ab
165 481 201 526 co
219 463 372 542 diversus,
397 475 447 528 aut
465 485 505 528 ex
523 464 617 530 alicua
635 467 756 550 quadam
773 464 941 550 hypostasi,
966 466 1018 528 sed
1036 486 1106 530 vere
1123 466 1214 552 patris
1232 476 1263 530 et

108 565 239 629 essentia
260 575 290 628 et
307 566 457 652 hypostasi
474 578 504 631 et
521 568 646 632 veritate
661 568 752 646 lilius,
778 567 894 630 tametsi
911 587 1005 652 neque
1021 579 1103 653 putor
1120 569 1159 632 sit
1171 569 1259 648 lilius,

108 687 205 752 neque
223 667 298 732 lilius
317 667 448 732 vicissim
468 679 570 754 pater,
594 671 645 733 sed
669 669 780 734 liliusa
803 680 886 754 patre
911 690 1016 734 revera
1037 669 1165 755 genitus.
1210 669 1262 736 Ex

108 785 166 852 quo
184 769 216 832 bt
230 780 261 834 ut
278 791 336 834 nou
353 769 410 834 duo
426 771 486 834 sint
501 771 553 848 dii,
576 770 684 856 llliiqne
701 771 770 850 duo,
795 794 853 836 non
871 773 990 856 spiritus
1006 772 1099 836 sancti
1115 773 1185 852 duo,
1208 774 1260 837 sed

108 892 167 936 una
185 871 223 935 sit
238 871 265 934 in
283 871 414 936 trinitate
432 873 585 952 divinitas,
610 884 705 959 pater,
730 873 805 938 lilius
822 885 851 938 et
865 874 984 961 spiritus
1001 886 1137 952 sauctus,
1162 874 1261 960 plane·

109 994 167 1059 que
184 974 442 1041 consubstantialis
460 975 582 1040 existat.
627 973 705 1040 Nam
724 977 796 1041 baec
814 978 969 1062 ipsam,
994 977 1257 1050 eonsummatos,

108 1097 168 1140 non
187 1075 422 1141 compactionem
442 1099 476 1140 ae
492 1077 699 1144 conflationem
715 1079 860 1160 declarat3
885 1101 943 1144 uon
959 1080 1036 1144 enim
1052 1079 1194 1144 eiusmodi
1209 1101 1262 1142 ro·

109 1177 243 1244 cabulum
260 1200 350 1242 unum
367 1180 640 1263 quiddamindical,
665 1201 760 1265 neque
776 1182 907 1265 germani
926 1203 942 1245 a
960 1192 1043 1267 patre
1061 1182 1109 1245 lilii
1127 1181 1262 1245 substan-

107 1281 178 1343 tiam
197 1282 344 1360 sesessit,
367 1293 418 1345 aot
434 1283 603 1368 hypostasin
621 1283 745 1347 alienam
771 1283 857 1362 lacit,
883 1297 911 1348 ut
932 1284 988 1347 sibi
1006 1283 1261 1348 consubstantialis

106 1383 185 1446 ralia
208 1393 345 1447 constare
368 1386 471 1468 possit.
517 1383 669 1470 Siquidem
686 1407 772 1449 unum
793 1386 1009 1466 tautummodo,
1033 1407 1091 1449 non
1109 1387 1166 1449 duo
1184 1377 1278 1470 prin·¹

107 1485 202 1570 cipia,
227 1485 343 1551 divinus
358 1506 456 1550 sermo
473 1487 633 1572 praedicat.
678 1494 864 1563 Conuenient,
889 1488 993 1573 inquit,
1016 1491 1211 1560 domesticatu,
1235 1499 1399 1556 etomnn.

106 1592 206 1650 hinnu
223 1591 332 1662 Israel,
357 1601 387 1650 et
401 1594 573 1652 cunaldnent
587 1591 645 1651 suti
657 1596 726 1672 apres
744 1596 934 1671 prenm'pntnm
952 1611 1046 1652 ιιιιιιιιι.
1094 1588 1261 1672 Quare-qni

109 1691 168 1754 duo
184 1690 327 1776 principia
345 1692 493 1778 proponit,
518 1691 635 1755 totidem
651 1694 723 1756 deos
741 1692 880 1757 obtendit.
926 1688 1066 1776 Quisquis
1083 1701 1179 1756 autem
1196 1711 1263 1754 aar·

109 1792 198 1872 bum,
221 1793 343 1877 ciuesque
358 1813 515 1879 personam
533 1795 607 1858 tollit
624 1815 640 1858 e
659 1795 772 1873 medio,
798 1793 944 1860 iudaicam
967 1794 1145 1879 impietatem
1164 1803 1263 1858 osten·

112 1895 166 1958 dit.
211 1893 350 1960 Marcion
371 1916 445 1960 saue
466 1895 607 1982 principia
623 1897 698 1975 duo,
723 1898 769 1962 vel
791 1897 980 1982 lampetius,
1005 1908 1034 1958 et
1056 1896 1171 1982 quidem
1193 1917 1263 1960 con·

107 1997 200 2061 traria
215 1997 360 2078 invicem,
384 1999 521 2079 affirmat,
545 2009 575 2064 at
592 1999 660 2063 novi
681 1997 799 2080 ludaei,
823 1997 1023 2079 Samosatcni,
1047 1999 1176 2084 inquam,
1200 1997 1261 2078 isti,

107 2099 192 2164 verbi
212 2121 369 2186 personam
390 2101 565 2180 detrabuutq
589 2113 620 2166 ut
638 2113 668 2165 et
691 2102 747 2187 ipsi
769 2103 877 2166 domini
897 2103 1121 2181 interfectores,
1144 2122 1180 2164 ac
1202 2101 1260 2180 dei,

106 2213 139 2266 et
160 2202 265 2268 allatae
288 2203 374 2267 uobis
395 2225 411 2266 a
434 2204 552 2268 domino
574 2204 677 2269 salutis
699 2205 877 2269 inliciatores
900 2203 1073 2268 habeantur.

194 2302 317 2370 Maneat
329 2306 419 2390 igitur
435 2328 523 2370 unum
541 2327 608 2371 esse
623 2307 807 2393 principium,
831 2328 849 2371 a
866 2329 924 2392 qno
937 2307 1012 2372 lilius
1027 2305 1164 2385 manarit,
1183 2304 1264 2370 velut

105 2409 206 2493 imago
224 2409 365 2492 quaedam
383 2420 536 2489 accurata,
561 2431 636 2494 qnae
654 2421 765 2496 patrem
784 2430 867 2475 suum
886 2411 997 2474 relerat
1020 2409 1153 2496 proprie,
1177 2406 1262 2490 eique

106 2509 138 2574 in
155 2511 289 2573 omnibns
306 2511 409 2576 similis
428 2513 548 2576 existat.
594 2510 740 2595 Quoniam
760 2513 832 2578 deus
853 2522 901 2577 cst
924 2531 962 2576 ex
984 2511 1057 2589 deo,
1088 2521 1118 2574 et
1139 2531 1157 2572 a
1179 2519 1261 2594 patre

106 2611 202 2690 lilius,
227 2613 299 2677 deus
316 2635 405 2678 verus
420 2615 457 2678 de
475 2615 529 2679 deo
548 2635 637 2696 vcro,
661 2616 758 2680 lamen
777 2615 956 2693 delumine,
982 2635 1038 2676 una
1057 2612 1170 2677 scilicet
1189 2611 1262 2676 divi·

106 2715 202 2792 uitas,
226 2735 341 2800 unaque
360 2715 498 2800 dignitas.
544 2715 591 2782 0b
610 2718 638 2780 id
655 2728 715 2781 tota
739 2716 883 2802 loquitur:
907 2721 1056 2780 Faciamus
1071 2719 1207 2780 domabant
1223 2719 1263 2778 ud
1273 2737 1331 2784 un.
1341 2737 1360 2784 ι.

106 2822 257 2898 mugram
277 2829 448 2882 nostramet
467 2823 686 2882 similitudinem.
734 2818 804 2883 Non
828 2819 872 2884 Ad
894 2819 1050 2904 imaginem
1074 2829 1151 2882 tuam
1174 2818 1261 2899 dixit,
1355 2865 1358 2872 .

106 2941 144 2984 ne
162 2919 336 2984 divisionem
352 2921 521 3001 induceret,
545 2943 640 3007 neque
660 2922 707 2987 Ad
725 2923 881 3006 boaginem
902 2941 1012 3002 meam,
1036 2943 1074 2985 nc
1092 2920 1261 2984 dissimilem

105 3034 136 3086 et
158 3021 344 3106 inaequalem
369 3024 556 3104 ostenderet,
588 3025 640 3089 sed
664 3029 715 3088 Ad
737 3031 885 3106 omagium
908 3037 1043 3088 nornen.
1091 3021 1164 3087 lllud
1189 3043 1261 3088 sero

103 3129 258 3188 Fumtrmm
272 3145 308 3188 eo
325 3126 468 3210 pertinet,
492 3147 529 3190 ue
547 3138 598 3192 aut
613 3126 650 3192 ab
666 3128 702 3192 iis
718 3146 793 3211 quae
810 3126 950 3212 produxit
968 3126 1150 3191 abalienetur
1165 3136 1260 3213 pater,

104 3237 158 3290 aut
173 3247 190 3289 a
207 3228 380 3311 procreandi
397 3229 545 3294 iunctione
563 3228 638 3293 lilius
660 3240 823 3294 extraneus
843 3240 969 3314 putetur.
1016 3229 1063 3291 Ac
1084 3248 1157 3292 vero
1179 3237 1263 3314 pater

105 3349 167 3392 noa
184 3349 248 3392 cnm
266 3329 324 3393 lilio
340 3331 476 3411 molitur,
500 3329 677 3409 iimitem,
703 3353 755 3417 per
771 3351 856 3416 quem
874 3333 950 3396 laeta
966 3331 1168 3410 semonnia,
1193 3351 1262 3416 ope·

102 3431 148 3494 ris
168 3441 199 3494 et
221 3431 284 3516 ipse
306 3455 370 3496 cum
394 3445 476 3517 patre
491 3445 543 3498 est
559 3433 678 3498 artilex.
727 3433 805 3498 Tum
829 3435 896 3519 quia
919 3433 994 3498 lilius
1014 3432 1050 3495 ab
1072 3432 1121 3496 illo
1144 3432 1261 3518 genitus

103 3543 172 3614 est,
194 3553 270 3598 unns
287 3537 493 3620 perdemusque
509 3536 597 3615 deus,
622 3557 660 3601 ex
678 3547 760 3622 patre
779 3538 920 3620 perlecto,
940 3547 976 3600 -et
992 3537 1113 3620 perlecti
1129 3535 1178 3598 lilii
1196 3555 1261 3619 per-

103 3637 203 3700 lectus
229 3647 328 3722 pater,
358 3639 407 3723 qni
434 3640 547 3724 quidem
575 3649 719 3725 paternae
743 3639 932 3726 perfectionis
956 3637 1115 3722 imaginem
1137 3637 1260 3714 obtinet,

100 3739 205 3823 imago
220 3739 340 3804 minime
356 3742 541 3826 aspectabilis
558 3743 622 3821 dei,
646 3763 705 3806 uon
723 3740 859 3826 imaginis
876 3742 1054 3828 exemplum,
1078 3760 1173 3825 nequa
1191 3739 1262 3802 ima·

102 3840 187 3925 ginis
200 3841 314 3926 imago,
338 3863 434 3928 tueque
451 3843 617 3922 dissimilis,
642 3845 693 3908 sed
716 3844 813 3928 imago
837 3845 945 3931 patris,
968 3854 1002 3908 ut
1019 3842 1203 3908 verissimam
1228 3840 1263 3904 il·

102 3945 164 4008 lam
184 3965 201 4008 a
218 3955 302 4029 patre
322 3945 455 4031 principii
474 3966 510 4010 ac
529 3947 670 4034 temporis
687 3958 810 4034 experte
829 3946 1052 4033 generationem
1076 3944 1154 4009 nulla
1174 3943 1205 4008 in
1229 3965 1261 4007 re

101 4044 218 4110 variam
242 4047 469 4133 dissimilemque
492 4059 682 4116 monstraret.

193 4145 390 4231 Quamobrem
408 4151 505 4237 imago
522 4153 614 4238 putris
628 4163 675 4216 est
690 4147 776 4215 lilius.
822 4149 900 4215 Nam
917 4163 948 4216 et
964 4171 1050 4235 reges
1066 4171 1119 4238 pro
1133 4170 1169 4215 eo
1185 4151 1261 4237 quod

100 4249 264 4337 imaginem
280 4252 398 4334 babent,
423 4275 482 4319 non
498 4255 608 4320 ideirco
622 4275 710 4342 reges
726 4256 782 4320 dno
796 4266 876 4337 sunt,
900 4256 951 4320 sed
967 4275 1043 4318 utros
1057 4273 1113 4317 rex
1128 4263 1174 4318 est
1189 4255 1262 4318 dnn-

137 4476 165 4532 2.
184 4471 305 4546 βασιλεὺς
320 4479 356 4527 aa.
374 4489 412 4542 rr.
