<?xml version="1.0" encoding="UTF-8"?>
<!DOCTYPE html PUBLIC "-//W3C//DTD XHTML 1.0 Transitional//EN"
    "http://www.w3.org/TR/xhtml1/DTD/xhtml1-transitional.dtd">
<html xmlns="http://www.w3.org/1999/xhtml" xml:lang="en" lang="en">
 <head>
  <title>
</title>
<meta http-equiv="Content-Type" content="text/html;charset=utf-8" />
  <meta name='ocr-system' content='tesseract 3.04.00' />
  <meta name='ocr-capabilities' content='ocr_page ocr_carea ocr_par ocr_line ocrx_word'/>
</head>
<body>
  <div class='ocr_page' id='page_1' title='image "./corporishaerese02oehlgoog_0119.png"; bbox 0 0 3128 4930; ppageno 0'>
   <div class='ocr_carea' id='block_1_1' title="bbox 333 171 1071 236">
    <p class='ocr_par' dir='ltr' id='par_1_1' title="bbox 333 171 1071 236">
     <span class='ocr_line' id='line_1_1' title="bbox 333 171 1071 236; baseline -0.003 0"><span class='ocrx_word' id='word_1_1' title='bbox 333 171 377 236; x_wconf 77' lang='lat'><strong><em>98</em></strong></span> <span class='ocrx_word' id='word_1_2' title='bbox 761 181 882 234; x_wconf 80' lang='grc' dir='ltr'><strong><em>εινοτι</em></strong></span> <span class='ocrx_word' id='word_1_3' title='bbox 900 181 1071 234; x_wconf 79' lang='grc' dir='ltr'><strong><em>τεινιιιαιι</em></strong></span> 
     </span>
    </p>
   </div>
   <div class='ocr_carea' id='block_1_2' title="bbox 329 295 1496 2941">
    <p class='ocr_par' dir='ltr' id='par_1_2' title="bbox 329 295 1496 2941">
     <span class='ocr_line' id='line_1_2' title="bbox 337 295 1494 386; baseline 0 -20"><span class='ocrx_word' id='word_1_4' title='bbox 337 327 392 376; x_wconf 89' lang='grc' dir='ltr'><strong><em>νας</em></strong></span> <span class='ocrx_word' id='word_1_5' title='bbox 409 295 469 366; x_wconf 89' lang='grc' dir='ltr'><strong><em>άπό</em></strong></span> <span class='ocrx_word' id='word_1_6' title='bbox 492 306 547 366; x_wconf 92' lang='grc' dir='ltr'><strong><em>τοῦ</em></strong></span> <span class='ocrx_word' id='word_1_7' title='bbox 564 301 808 386; x_wconf 74' lang='grc' dir='ltr'><strong><em>τριακονταέτους</em></strong></span> <span class='ocrx_word' id='word_1_8' title='bbox 823 305 948 383; x_wconf 78' lang='grc' dir='ltr'><strong><em>νομίζων</em></strong></span> <span class='ocrx_word' id='word_1_9' title='bbox 968 306 1023 382; x_wconf 87' lang='grc' dir='ltr'><strong><em>τής</em></strong></span> <span class='ocrx_word' id='word_1_10' title='bbox 1041 305 1095 364; x_wconf 81' lang='grc' dir='ltr'><strong><em>τοῦ</em></strong></span> <span class='ocrx_word' id='word_1_11' title='bbox 1117 305 1250 382; x_wconf 79' lang='grc' dir='ltr'><strong><em>σωτῆρος</em></strong></span> <span class='ocrx_word' id='word_1_12' title='bbox 1267 297 1424 386; x_wconf 81' lang='grc' dir='ltr'><strong><em>άναγωγής</em></strong></span> <span class='ocrx_word' id='word_1_13' title='bbox 1444 303 1494 366; x_wconf 84' lang='grc' dir='ltr'><strong><em>καί</em></strong></span> 
     </span>
     <span class='ocr_line' id='line_1_3' title="bbox 337 399 1494 487; baseline 0 -19"><span class='ocrx_word' id='word_1_14' title='bbox 337 400 514 487; x_wconf 82' lang='grc' dir='ltr'><strong><em>άνδριιίσεως</em></strong></span> <span class='ocrx_word' id='word_1_15' title='bbox 526 409 579 484; x_wconf 79' lang='grc' dir='ltr'><strong><em>τῆς</em></strong></span> <span class='ocrx_word' id='word_1_16' title='bbox 595 399 688 468; x_wconf 74' lang='grc' dir='ltr'><strong><em>αὐτοῦ</em></strong></span> <span class='ocrx_word' id='word_1_17' title='bbox 703 400 833 484; x_wconf 87' lang='grc' dir='ltr'><strong><em>ήλικίας,</em></strong></span> <span class='ocrx_word' id='word_1_18' title='bbox 855 399 911 468; x_wconf 82' lang='grc' dir='ltr'><strong><em>οῦκ</em></strong></span> <span class='ocrx_word' id='word_1_19' title='bbox 929 399 1015 477; x_wconf 78' lang='grc' dir='ltr'><strong><em>είδοός</em></strong></span> <span class='ocrx_word' id='word_1_20' title='bbox 1031 400 1077 468; x_wconf 86' lang='grc' dir='ltr'><strong><em>ῦτι</em></strong></span> <span class='ocrx_word' id='word_1_21' title='bbox 1096 399 1134 468; x_wconf 83' lang='grc' dir='ltr'><strong><em>οῦ</em></strong></span> <span class='ocrx_word' id='word_1_22' title='bbox 1150 401 1306 486; x_wconf 88' lang='grc' dir='ltr'><strong><em>τριάκοντα</em></strong></span> <span class='ocrx_word' id='word_1_23' title='bbox 1327 405 1378 485; x_wconf 86' lang='grc' dir='ltr'><strong><em>ἐτη</em></strong></span> <span class='ocrx_word' id='word_1_24' title='bbox 1400 402 1494 486; x_wconf 88' lang='grc' dir='ltr'><strong><em>μόνον</em></strong></span> 
     </span>
     <span class='ocr_line' id='line_1_4' title="bbox 337 502 1494 593; baseline -0.002 -21"><span class='ocrx_word' id='word_1_25' title='bbox 337 508 491 587; x_wconf 84' lang='grc' dir='ltr'><strong><em>ίποίησεν,</em></strong></span> <span class='ocrx_word' id='word_1_26' title='bbox 513 502 572 569; x_wconf 76' lang='grc' dir='ltr'><strong><em>ἄλλ’</em></strong></span> <span class='ocrx_word' id='word_1_27' title='bbox 589 507 676 593; x_wconf 78' lang='grc' dir='ltr'><strong><em>ἐντῷ</em></strong></span> <span class='ocrx_word' id='word_1_28' title='bbox 692 512 855 592; x_wconf 77' lang='grc' dir='ltr'><strong>τριακοστῷ</strong></span> <span class='ocrx_word' id='word_1_29' title='bbox 871 507 1053 588; x_wconf 74' lang='grc' dir='ltr'><strong><em>ἐβαπτίσθη,</em></strong></span> <span class='ocrx_word' id='word_1_30' title='bbox 1075 504 1147 586; x_wconf 86' lang='grc' dir='ltr'><strong><em>μετά</em></strong></span> <span class='ocrx_word' id='word_1_31' title='bbox 1165 502 1197 570; x_wconf 92' lang='grc' dir='ltr'><strong><em>τό</em></strong></span> <span class='ocrx_word' id='word_1_32' title='bbox 1216 513 1366 590; x_wconf 82' lang='grc' dir='ltr'><strong><em>πληρῶσαι</em></strong></span> <span class='ocrx_word' id='word_1_33' title='bbox 1389 509 1494 571; x_wconf 87' lang='grc' dir='ltr'><strong><em>είκοσι-</em></strong></span> 
     </span>
     <span class='ocr_line' id='line_1_5' title="bbox 336 595 1494 697; baseline -0.001 -24"><span class='ocrx_word' id='word_1_34' title='bbox 336 610 419 674; x_wconf 86' lang='grc' dir='ltr'><strong><em>εννία</em></strong></span> <span class='ocrx_word' id='word_1_35' title='bbox 437 610 487 690; x_wconf 86' lang='grc' dir='ltr'><strong><em>ἐτη</em></strong></span> <span class='ocrx_word' id='word_1_36' title='bbox 507 609 558 672; x_wconf 85' lang='grc' dir='ltr'><strong><em>καί</em></strong></span> <span class='ocrx_word' id='word_1_37' title='bbox 578 610 651 672; x_wconf 88' lang='grc' dir='ltr'><strong><em>δέκα</em></strong></span> <span class='ocrx_word' id='word_1_38' title='bbox 671 614 783 690; x_wconf 84' lang='grc' dir='ltr'><strong><em>μῆνας,</em></strong></span> <span class='ocrx_word' id='word_1_39' title='bbox 812 605 854 683; x_wconf 82' lang='grc' dir='ltr'><strong><em>τίς</em></strong></span> <span class='ocrx_word' id='word_1_40' title='bbox 876 595 1035 690; x_wconf 83' lang='grc' dir='ltr'><strong><em>προεῖπον,</em></strong></span> <span class='ocrx_word' id='word_1_41' title='bbox 1065 615 1101 696; x_wconf 78' lang='grc' dir='ltr'><strong><em>νή</em></strong></span> <span class='ocrx_word' id='word_1_42' title='bbox 1125 606 1278 697; x_wconf 78' lang='grc' dir='ltr'><strong><em>δωδεκάτη</em></strong></span> <span class='ocrx_word' id='word_1_43' title='bbox 1294 604 1405 691; x_wconf 81' lang='grc' dir='ltr'><strong><em>Ἀθόρ,</em></strong></span> <span class='ocrx_word' id='word_1_44' title='bbox 1435 605 1494 693; x_wconf 84' lang='grc' dir='ltr'><strong><em>πρό</em></strong></span> 
     </span>
     <span class='ocr_line' id='line_1_6' title="bbox 337 707 1495 795; baseline 0 -19"><span class='ocrx_word' id='word_1_45' title='bbox 337 707 415 776; x_wconf 84' lang='grc' dir='ltr'><strong><em>όκτοό</em></strong></span> <span class='ocrx_word' id='word_1_46' title='bbox 441 711 529 774; x_wconf 86' lang='grc' dir='ltr'><strong><em>είδιῦν</em></strong></span> <span class='ocrx_word' id='word_1_47' title='bbox 550 713 745 793; x_wconf 89' lang='grc' dir='ltr'><strong><em>Νοεμβρίων,</em></strong></span> <span class='ocrx_word' id='word_1_48' title='bbox 775 711 826 774; x_wconf 83' lang='grc' dir='ltr'><strong><em>καί</em></strong></span> <span class='ocrx_word' id='word_1_49' title='bbox 852 707 924 790; x_wconf 84' lang='grc' dir='ltr'><strong><em>μετά</em></strong></span> <span class='ocrx_word' id='word_1_50' title='bbox 951 717 1043 774; x_wconf 89' lang='grc' dir='ltr'><strong><em>ταῦτα</em></strong></span> <span class='ocrx_word' id='word_1_51' title='bbox 1067 709 1198 795; x_wconf 77' lang='grc' dir='ltr'><strong><em>κηρύξας</em></strong></span> <span class='ocrx_word' id='word_1_52' title='bbox 1221 709 1358 776; x_wconf 88' lang='grc' dir='ltr'><strong><em>ἐνιαυτόν</em></strong></span> <span class='ocrx_word' id='word_1_53' title='bbox 1385 715 1495 790; x_wconf 83' lang='grc' dir='ltr'><strong><em>κυρίαν</em></strong></span> 
     </span>
     <span class='ocr_line' id='line_1_7' title="bbox 336 809 1493 896; baseline -0.001 -19"><span class='ocrx_word' id='word_1_54' title='bbox 336 811 440 878; x_wconf 95' lang='grc' dir='ltr'><strong><em>δεκτόν</em></strong></span> <span class='ocrx_word' id='word_1_55' title='bbox 458 813 509 878; x_wconf 86' lang='grc' dir='ltr'><strong><em>καί</em></strong></span> <span class='ocrx_word' id='word_1_56' title='bbox 528 809 599 894; x_wconf 85' lang='grc' dir='ltr'><strong><em>μετά</em></strong></span> <span class='ocrx_word' id='word_1_57' title='bbox 621 811 673 876; x_wconf 90' lang='grc' dir='ltr'><strong><em>τόν</em></strong></span> <span class='ocrx_word' id='word_1_58' title='bbox 690 809 826 877; x_wconf 88' lang='grc' dir='ltr'><strong><em>ἐνιαυτόν</em></strong></span> <span class='ocrx_word' id='word_1_59' title='bbox 847 809 933 876; x_wconf 81' lang='grc' dir='ltr'><strong><em>άλλον</em></strong></span> <span class='ocrx_word' id='word_1_60' title='bbox 952 809 1087 878; x_wconf 89' lang='grc' dir='ltr'><strong><em>ἐνιαυτόν</em></strong></span> <span class='ocrx_word' id='word_1_61' title='bbox 1104 810 1323 896; x_wconf 65' lang='grc' dir='ltr'><strong><em>ἀντιλεγόμενον</em></strong></span> <span class='ocrx_word' id='word_1_62' title='bbox 1339 813 1392 877; x_wconf 84' lang='grc' dir='ltr'><strong><em>καλ</em></strong></span> <span class='ocrx_word' id='word_1_63' title='bbox 1409 813 1493 893; x_wconf 74' lang='grc' dir='ltr'><strong><em>ἐβδο·</em></strong></span> 
     </span>
     <span class='ocr_line' id='line_1_8' title="bbox 335 910 1496 1000; baseline 0 -20"><span class='ocrx_word' id='word_1_64' title='bbox 335 915 611 998; x_wconf 85' lang='grc' dir='ltr'><strong><em>μηκοντατέοσαρας</em></strong></span> <span class='ocrx_word' id='word_1_65' title='bbox 637 910 750 998; x_wconf 89' lang='grc' dir='ltr'><strong><em>ήμέρας</em></strong></span> <span class='ocrx_word' id='word_1_66' title='bbox 775 911 1009 999; x_wconf 85' lang='grc' dir='ltr'><strong><em>άντιλεγομένας,</em></strong></span> <span class='ocrx_word' id='word_1_67' title='bbox 1037 912 1116 990; x_wconf 84' lang='grc' dir='ltr'><strong><em>ἐξότε</em></strong></span> <span class='ocrx_word' id='word_1_68' title='bbox 1142 917 1324 998; x_wconf 74' lang='grc' dir='ltr'><strong><em>ἐβαπτίσθη,</em></strong></span> <span class='ocrx_word' id='word_1_69' title='bbox 1351 911 1411 1000; x_wconf 89' lang='grc' dir='ltr'><strong><em>πρό</em></strong></span> <span class='ocrx_word' id='word_1_70' title='bbox 1433 923 1496 980; x_wconf 84' lang='grc' dir='ltr'><strong><em>τιῦν</em></strong></span> 
     </span>
     <span class='ocr_line' id='line_1_9' title="bbox 334 1012 1494 1103; baseline -0.002 -20"><span class='ocrx_word' id='word_1_71' title='bbox 334 1013 427 1084; x_wconf 83' lang='grc' dir='ltr'><strong><em>αῦτοῦ</em></strong></span> <span class='ocrx_word' id='word_1_72' title='bbox 444 1020 615 1103; x_wconf 74' lang='grc' dir='ltr'><strong><em>γενεθλίων·</em></strong></span> <span class='ocrx_word' id='word_1_73' title='bbox 639 1014 710 1092; x_wconf 82' lang='grc' dir='ltr'><strong><em>άίςτε</em></strong></span> <span class='ocrx_word' id='word_1_74' title='bbox 726 1012 802 1080; x_wconf 81' lang='grc' dir='ltr'><strong><em>εἶναι</em></strong></span> <span class='ocrx_word' id='word_1_75' title='bbox 814 1014 850 1080; x_wconf 88' lang='grc' dir='ltr'><strong><em>τά</em></strong></span> <span class='ocrx_word' id='word_1_76' title='bbox 863 1015 960 1080; x_wconf 89' lang='grc' dir='ltr'><strong><em>πάντα</em></strong></span> <span class='ocrx_word' id='word_1_77' title='bbox 977 1017 1026 1098; x_wconf 85' lang='grc' dir='ltr'><strong><em>ἐτη</em></strong></span> <span class='ocrx_word' id='word_1_78' title='bbox 1042 1023 1095 1098; x_wconf 80' lang='grc' dir='ltr'><strong><em>τῆς</em></strong></span> <span class='ocrx_word' id='word_1_79' title='bbox 1109 1014 1201 1082; x_wconf 87' lang='grc' dir='ltr'><strong><em>ου’τοῦ</em></strong></span> <span class='ocrx_word' id='word_1_80' title='bbox 1215 1015 1361 1101; x_wconf 79' lang='grc' dir='ltr'><strong><em>ἐντόρνου</em></strong></span> <span class='ocrx_word' id='word_1_81' title='bbox 1376 1043 1494 1100; x_wconf 82' lang='grc' dir='ltr'><strong><em>παραυ·</em></strong></span> 
     </span>
     <span class='ocr_line' id='line_1_10' title="bbox 333 1115 1495 1204; baseline 0 -20"><span class='ocrx_word' id='word_1_82' title='bbox 333 1123 401 1194; x_wconf 89' lang='grc' dir='ltr'><strong><em>σίας</em></strong></span> <span class='ocrx_word' id='word_1_83' title='bbox 415 1121 472 1194; x_wconf 72' lang='grc' dir='ltr'><strong><em>ἕως</em></strong></span> <span class='ocrx_word' id='word_1_84' title='bbox 484 1123 538 1184; x_wconf 93' lang='grc' dir='ltr'><strong><em>τοῦ</em></strong></span> <span class='ocrx_word' id='word_1_85' title='bbox 553 1116 676 1194; x_wconf 90' lang='grc' dir='ltr'><strong><em>πάθους</em></strong></span> <span class='ocrx_word' id='word_1_86' title='bbox 690 1115 750 1183; x_wconf 91' lang='grc' dir='ltr'><strong><em>άπό</em></strong></span> <span class='ocrx_word' id='word_1_87' title='bbox 765 1125 818 1201; x_wconf 86' lang='grc' dir='ltr'><strong><em>τῆς</em></strong></span> <span class='ocrx_word' id='word_1_88' title='bbox 831 1117 995 1202; x_wconf 80' lang='grc' dir='ltr'><strong><em>γεννήσεως</em></strong></span> <span class='ocrx_word' id='word_1_89' title='bbox 1005 1117 1217 1204; x_wconf 73' lang='grc' dir='ltr'><strong><em>τριακονταδύο</em></strong></span> <span class='ocrx_word' id='word_1_90' title='bbox 1232 1120 1281 1202; x_wconf 84' lang='grc' dir='ltr'><strong><em>ίτη</em></strong></span> <span class='ocrx_word' id='word_1_91' title='bbox 1298 1121 1348 1183; x_wconf 84' lang='grc' dir='ltr'><strong><em>καί</em></strong></span> <span class='ocrx_word' id='word_1_92' title='bbox 1361 1117 1406 1183; x_wconf 81' lang='grc' dir='ltr'><strong><em>οδ</em></strong></span> <span class='ocrx_word' id='word_1_93' title='bbox 1421 1115 1495 1200; x_wconf 81' lang='grc' dir='ltr'><strong><em>ήρέ-</em></strong></span> 
     </span>
     <span class='ocr_line' id='line_1_11' title="bbox 334 1217 1496 1306; baseline 0.001 -21"><span class='ocrx_word' id='word_1_94' title='bbox 334 1247 403 1306; x_wconf 85' lang='grc' dir='ltr'><strong><em>ρας,</em></strong></span> <span class='ocrx_word' id='word_1_95' title='bbox 426 1218 485 1286; x_wconf 90' lang='grc' dir='ltr'><strong><em>α’πό</em></strong></span> <span class='ocrx_word' id='word_1_96' title='bbox 503 1221 534 1286; x_wconf 88' lang='grc' dir='ltr'><strong><em>δέ</em></strong></span> <span class='ocrx_word' id='word_1_97' title='bbox 553 1217 644 1305; x_wconf 83' lang='grc' dir='ltr'><strong><em>άρχής</em></strong></span> <span class='ocrx_word' id='word_1_98' title='bbox 660 1217 802 1296; x_wconf 75' lang='grc' dir='ltr'><strong><em>ὑπατείας</em></strong></span> <span class='ocrx_word' id='word_1_99' title='bbox 817 1227 985 1286; x_wconf 79' lang='grc' dir='ltr'><strong><em>Σιλουανοῦ</em></strong></span> <span class='ocrx_word' id='word_1_100' title='bbox 1004 1221 1054 1285; x_wconf 79' lang='grc' dir='ltr'><strong><em>καί</em></strong></span> <span class='ocrx_word' id='word_1_101' title='bbox 1072 1220 1196 1306; x_wconf 86' lang='grc' dir='ltr'><strong><em>Νεροάα</em></strong></span> <span class='ocrx_word' id='word_1_102' title='bbox 1217 1219 1273 1286; x_wconf 85' lang='grc' dir='ltr'><strong><em>διίο</em></strong></span> <span class='ocrx_word' id='word_1_103' title='bbox 1294 1224 1344 1302; x_wconf 85' lang='grc' dir='ltr'><strong><em>ἐτη</em></strong></span> <span class='ocrx_word' id='word_1_104' title='bbox 1361 1222 1412 1285; x_wconf 83' lang='grc' dir='ltr'><strong><em>καλ</em></strong></span> <span class='ocrx_word' id='word_1_105' title='bbox 1430 1223 1496 1304; x_wconf 88' lang='grc' dir='ltr'><strong><em>ρλδ’</em></strong></span> 
     </span>
     <span class='ocr_line' id='line_1_12' title="bbox 333 1317 1493 1408; baseline -0.002 -20"><span class='ocrx_word' id='word_1_106' title='bbox 333 1319 455 1407; x_wconf 88' lang='grc' dir='ltr'><strong><em>ήμέρας.</em></strong></span> <span class='ocrx_word' id='word_1_107' title='bbox 489 1324 550 1387; x_wconf 81' lang='grc' dir='ltr'><strong><em>Καὶ</em></strong></span> <span class='ocrx_word' id='word_1_108' title='bbox 565 1321 728 1408; x_wconf 85' lang='grc' dir='ltr'><strong><em>ἐλήλεγιιται</em></strong></span> <span class='ocrx_word' id='word_1_109' title='bbox 743 1323 796 1404; x_wconf 79' lang='grc' dir='ltr'><strong><em>μέν</em></strong></span> <span class='ocrx_word' id='word_1_110' title='bbox 811 1325 941 1390; x_wconf 86' lang='grc' dir='ltr'><strong><em>ἐνταῦθα</em></strong></span> <span class='ocrx_word' id='word_1_111' title='bbox 954 1317 972 1388; x_wconf 89' lang='grc' dir='ltr'><strong><em>ό</em></strong></span> <span class='ocrx_word' id='word_1_112' title='bbox 987 1324 1199 1408; x_wconf 85' lang='grc' dir='ltr'><strong><em>προειρημένος</em></strong></span> <span class='ocrx_word' id='word_1_113' title='bbox 1216 1322 1419 1400; x_wconf 85' lang='grc' dir='ltr'><strong><em>Οῦαλεντῖνος,</em></strong></span> <span class='ocrx_word' id='word_1_114' title='bbox 1439 1324 1493 1387; x_wconf 83' lang='grc' dir='ltr'><strong><em>καί</em></strong></span> 
     </span>
     <span class='ocr_line' id='line_1_13' title="bbox 334 1421 1492 1509; baseline -0.001 -18"><span class='ocrx_word' id='word_1_115' title='bbox 334 1429 365 1491; x_wconf 80' lang='grc' dir='ltr'><strong><em>οἱ</em></strong></span> <span class='ocrx_word' id='word_1_116' title='bbox 375 1427 478 1490; x_wconf 84' lang='grc' dir='ltr'><strong><em>πολλοί</em></strong></span> <span class='ocrx_word' id='word_1_117' title='bbox 489 1429 522 1490; x_wconf 90' lang='grc' dir='ltr'><strong><em>οί</em></strong></span> <span class='ocrx_word' id='word_1_118' title='bbox 532 1422 594 1490; x_wconf 86' lang='grc' dir='ltr'><strong><em>κατ’</em></strong></span> <span class='ocrx_word' id='word_1_119' title='bbox 609 1422 702 1490; x_wconf 86' lang='grc' dir='ltr'><strong><em>αάτόν</em></strong></span> <span class='ocrx_word' id='word_1_120' title='bbox 714 1421 916 1509; x_wconf 85' lang='grc' dir='ltr'><strong><em>άφραίνοντες.</em></strong></span> <span class='ocrx_word' id='word_1_121' title='bbox 945 1422 1146 1508; x_wconf 87' lang='grc' dir='ltr'><strong><em>Ἠλέγχθησαν</em></strong></span> <span class='ocrx_word' id='word_1_122' title='bbox 1158 1426 1209 1491; x_wconf 83' lang='grc' dir='ltr'><strong><em>καὶ</em></strong></span> <span class='ocrx_word' id='word_1_123' title='bbox 1219 1421 1492 1506; x_wconf 86' lang='grc' dir='ltr'><strong><em>οίάποβαλλόμενοι</em></strong></span> 
     </span>
     <span class='ocr_line' id='line_1_14' title="bbox 334 1523 1492 1613; baseline 0 -21"><span class='ocrx_word' id='word_1_124' title='bbox 334 1525 367 1593; x_wconf 92' lang='grc' dir='ltr'><strong><em>τό</em></strong></span> <span class='ocrx_word' id='word_1_125' title='bbox 385 1526 460 1592; x_wconf 86' lang='grc' dir='ltr'><strong><em>κατά</em></strong></span> <span class='ocrx_word' id='word_1_126' title='bbox 474 1525 620 1609; x_wconf 77' lang='grc' dir='ltr'><strong><em>Ἰωάννην</em></strong></span> <span class='ocrx_word' id='word_1_127' title='bbox 637 1523 812 1613; x_wconf 85' lang='grc' dir='ltr'><strong><em>εάαγγέλιον,</em></strong></span> <span class='ocrx_word' id='word_1_128' title='bbox 834 1525 888 1603; x_wconf 82' lang='grc' dir='ltr'><strong><em>οῦς</em></strong></span> <span class='ocrx_word' id='word_1_129' title='bbox 903 1529 1025 1602; x_wconf 77' lang='grc' dir='ltr'><strong><em>δικαίως</em></strong></span> <span class='ocrx_word' id='word_1_130' title='bbox 1039 1525 1179 1612; x_wconf 82' lang='grc' dir='ltr'><strong><em>Ἀλόγους</em></strong></span> <span class='ocrx_word' id='word_1_131' title='bbox 1194 1528 1363 1609; x_wconf 86' lang='grc' dir='ltr'><strong><em>καλέσομαι,</em></strong></span> <span class='ocrx_word' id='word_1_132' title='bbox 1387 1525 1492 1608; x_wconf 83' lang='grc' dir='ltr'><strong><em>ἐπειδή</em></strong></span> 
     </span>
     <span class='ocr_line' id='line_1_15' title="bbox 332 1625 1492 1715; baseline 0 -21"><span class='ocrx_word' id='word_1_133' title='bbox 332 1626 384 1695; x_wconf 90' lang='grc' dir='ltr'><strong><em>τόν</em></strong></span> <span class='ocrx_word' id='word_1_134' title='bbox 399 1628 487 1715; x_wconf 88' lang='grc' dir='ltr'><strong><em>λόγον</em></strong></span> <span class='ocrx_word' id='word_1_135' title='bbox 501 1636 556 1696; x_wconf 91' lang='grc' dir='ltr'><strong><em>τοῦ</em></strong></span> <span class='ocrx_word' id='word_1_136' title='bbox 569 1635 646 1694; x_wconf 89' lang='grc' dir='ltr'><strong><em>θεοῦ</em></strong></span> <span class='ocrx_word' id='word_1_137' title='bbox 665 1626 896 1712; x_wconf 85' lang='grc' dir='ltr'><strong><em>άποβάλλονται,</em></strong></span> <span class='ocrx_word' id='word_1_138' title='bbox 920 1626 972 1694; x_wconf 93' lang='grc' dir='ltr'><strong><em>τόν</em></strong></span> <span class='ocrx_word' id='word_1_139' title='bbox 992 1627 1042 1693; x_wconf 88' lang='grc' dir='ltr'><strong><em>διά</em></strong></span> <span class='ocrx_word' id='word_1_140' title='bbox 1061 1625 1207 1712; x_wconf 79' lang='grc' dir='ltr'><strong><em>Ἰωάννην</em></strong></span> <span class='ocrx_word' id='word_1_141' title='bbox 1223 1630 1412 1713; x_wconf 70' lang='grc' dir='ltr'><strong><em>κηρυχθέντα</em></strong></span> <span class='ocrx_word' id='word_1_142' title='bbox 1433 1655 1492 1694; x_wconf 86' lang='grc' dir='ltr'><strong><em>ιτα·</em></strong></span> 
     </span>
     <span class='ocr_line' id='line_1_16' title="bbox 332 1728 1492 1817; baseline -0.002 -20"><span class='ocrx_word' id='word_1_143' title='bbox 332 1730 435 1817; x_wconf 88' lang='grc' dir='ltr'><strong><em>τρικόν</em></strong></span> <span class='ocrx_word' id='word_1_144' title='bbox 449 1730 523 1798; x_wconf 88' lang='grc' dir='ltr'><strong><em>θεόν</em></strong></span> <span class='ocrx_word' id='word_1_145' title='bbox 537 1731 634 1816; x_wconf 88' lang='grc' dir='ltr'><strong><em>λόγον,</em></strong></span> <span class='ocrx_word' id='word_1_146' title='bbox 649 1728 700 1796; x_wconf 76' lang='grc' dir='ltr'><strong><em>τίετ’</em></strong></span> <span class='ocrx_word' id='word_1_147' title='bbox 714 1728 846 1813; x_wconf 86' lang='grc' dir='ltr'><strong><em>οάρανοῦ</em></strong></span> <span class='ocrx_word' id='word_1_148' title='bbox 861 1730 1081 1815; x_wconf 80' lang='grc' dir='ltr'><strong><em>κατεληλυθότα</em></strong></span> <span class='ocrx_word' id='word_1_149' title='bbox 1094 1733 1144 1798; x_wconf 90' lang='grc' dir='ltr'><strong><em>καλ</em></strong></span> <span class='ocrx_word' id='word_1_150' title='bbox 1159 1735 1305 1815; x_wconf 87' lang='grc' dir='ltr'><strong><em>σωτηρίαν</em></strong></span> <span class='ocrx_word' id='word_1_151' title='bbox 1319 1728 1391 1813; x_wconf 85' lang='grc' dir='ltr'><strong><em>ήμῖν</em></strong></span> <span class='ocrx_word' id='word_1_152' title='bbox 1405 1733 1492 1816; x_wconf 89' lang='grc' dir='ltr'><strong><em>ἐργα-</em></strong></span> 
     </span>
     <span class='ocr_line' id='line_1_17' title="bbox 332 1829 1492 1918; baseline -0.002 -18"><span class='ocrx_word' id='word_1_153' title='bbox 332 1833 460 1916; x_wconf 87' lang='grc' dir='ltr'><strong><em>σάμενον</em></strong></span> <span class='ocrx_word' id='word_1_154' title='bbox 477 1841 530 1916; x_wconf 78' lang='grc' dir='ltr'><strong><em>τῆς</em></strong></span> <span class='ocrx_word' id='word_1_155' title='bbox 544 1835 642 1916; x_wconf 80' lang='grc' dir='ltr'><strong><em>πάσης</em></strong></span> <span class='ocrx_word' id='word_1_156' title='bbox 660 1829 753 1900; x_wconf 82' lang='grc' dir='ltr'><strong><em>αῦτοῦ</em></strong></span> <span class='ocrx_word' id='word_1_157' title='bbox 767 1832 913 1918; x_wconf 85' lang='grc' dir='ltr'><strong><em>ἐνσάρκου</em></strong></span> <span class='ocrx_word' id='word_1_158' title='bbox 928 1839 1106 1916; x_wconf 83' lang='grc' dir='ltr'><strong><em>παρουσίας,</em></strong></span> <span class='ocrx_word' id='word_1_159' title='bbox 1127 1833 1174 1900; x_wconf 77' lang='grc' dir='ltr'><strong><em>ὅτι</em></strong></span> <span class='ocrx_word' id='word_1_160' title='bbox 1188 1830 1249 1898; x_wconf 87' lang='grc' dir='ltr'><strong><em>άπό</em></strong></span> <span class='ocrx_word' id='word_1_161' title='bbox 1265 1857 1296 1898; x_wconf 91' lang='grc' dir='ltr'><strong><em>τε</em></strong></span> <span class='ocrx_word' id='word_1_162' title='bbox 1309 1839 1369 1898; x_wconf 78' lang='grc' dir='ltr'><strong><em>τῶν</em></strong></span> <span class='ocrx_word' id='word_1_163' title='bbox 1391 1841 1400 1878; x_wconf 86' lang='lat'>¹</span> <span class='ocrx_word' id='word_1_164' title='bbox 1413 1829 1492 1898; x_wconf 83' lang='grc' dir='ltr'><strong><em>ῦπα-</em></strong></span> 
     </span>
     <span class='ocr_line' id='line_1_18' title="bbox 331 1931 1493 2020; baseline 0.002 -20"><span class='ocrx_word' id='word_1_165' title='bbox 331 1943 417 2002; x_wconf 85' lang='grc' dir='ltr'><strong><em>τειιῦν</em></strong></span> <span class='ocrx_word' id='word_1_166' title='bbox 429 1939 481 2001; x_wconf 90' lang='grc' dir='ltr'><strong><em>καλ</em></strong></span> <span class='ocrx_word' id='word_1_167' title='bbox 496 1933 557 2003; x_wconf 89' lang='grc' dir='ltr'><strong><em>άπό</em></strong></span> <span class='ocrx_word' id='word_1_168' title='bbox 571 1943 631 2001; x_wconf 84' lang='grc' dir='ltr'><strong><em>των</em></strong></span> <span class='ocrx_word' id='word_1_169' title='bbox 646 1937 719 2001; x_wconf 86' lang='grc' dir='ltr'><strong><em>ἐτιῦν</em></strong></span> <span class='ocrx_word' id='word_1_170' title='bbox 733 1937 785 2002; x_wconf 87' lang='grc' dir='ltr'><strong><em>καί</em></strong></span> <span class='ocrx_word' id='word_1_171' title='bbox 800 1931 860 2001; x_wconf 88' lang='grc' dir='ltr'><strong><em>άπό</em></strong></span> <span class='ocrx_word' id='word_1_172' title='bbox 877 1942 930 2018; x_wconf 79' lang='grc' dir='ltr'><strong><em>τῆς</em></strong></span> <span class='ocrx_word' id='word_1_173' title='bbox 945 1934 1112 2013; x_wconf 83' lang='grc' dir='ltr'><strong><em>συστάσεως</em></strong></span> <span class='ocrx_word' id='word_1_174' title='bbox 1124 1942 1178 2002; x_wconf 86' lang='grc' dir='ltr'><strong><em>τοῦ</em></strong></span> <span class='ocrx_word' id='word_1_175' title='bbox 1192 1933 1352 2020; x_wconf 76' lang='grc' dir='ltr'><strong><em>προφήτου</em></strong></span> <span class='ocrx_word' id='word_1_176' title='bbox 1364 1931 1493 2002; x_wconf 80' lang='grc' dir='ltr'><strong><em>Ἡσαΐου</em></strong></span> 
     </span>
     <span class='ocr_line' id='line_1_19' title="bbox 331 2033 1492 2124; baseline 0 -20"><span class='ocrx_word' id='word_1_177' title='bbox 331 2041 383 2104; x_wconf 81' lang='grc' dir='ltr'><strong><em>καί</em></strong></span> <span class='ocrx_word' id='word_1_178' title='bbox 398 2035 458 2104; x_wconf 85' lang='grc' dir='ltr'><strong><em>άπό</em></strong></span> <span class='ocrx_word' id='word_1_179' title='bbox 473 2044 527 2105; x_wconf 88' lang='grc' dir='ltr'><strong><em>τοῦ</em></strong></span> <span class='ocrx_word' id='word_1_180' title='bbox 542 2035 617 2104; x_wconf 85' lang='grc' dir='ltr'><strong><em>κατά</em></strong></span> <span class='ocrx_word' id='word_1_181' title='bbox 635 2045 760 2103; x_wconf 84' lang='grc' dir='ltr'><strong><em>Λουκῦν</em></strong></span> <span class='ocrx_word' id='word_1_182' title='bbox 777 2035 944 2124; x_wconf 86' lang='grc' dir='ltr'><strong><em>εῦαγγελίου</em></strong></span> <span class='ocrx_word' id='word_1_183' title='bbox 964 2041 1015 2104; x_wconf 89' lang='grc' dir='ltr'><strong><em>καλ</em></strong></span> <span class='ocrx_word' id='word_1_184' title='bbox 1030 2035 1090 2104; x_wconf 86' lang='grc' dir='ltr'><strong><em>άπό</em></strong></span> <span class='ocrx_word' id='word_1_185' title='bbox 1107 2045 1161 2104; x_wconf 90' lang='grc' dir='ltr'><strong><em>τοῦ</em></strong></span> <span class='ocrx_word' id='word_1_186' title='bbox 1178 2035 1253 2102; x_wconf 86' lang='grc' dir='ltr'><strong><em>κατά</em></strong></span> <span class='ocrx_word' id='word_1_187' title='bbox 1269 2033 1416 2120; x_wconf 82' lang='grc' dir='ltr'><strong><em>Ἰωάννην</em></strong></span> <span class='ocrx_word' id='word_1_188' title='bbox 1437 2039 1492 2104; x_wconf 85' lang='grc' dir='ltr'><strong><em>καλ</em></strong></span> 
     </span>
     <span class='ocr_line' id='line_1_20' title="bbox 331 2136 1493 2226; baseline 0 -22"><span class='ocrx_word' id='word_1_189' title='bbox 331 2137 392 2206; x_wconf 87' lang='grc' dir='ltr'><strong><em>άπό</em></strong></span> <span class='ocrx_word' id='word_1_190' title='bbox 411 2147 465 2207; x_wconf 89' lang='grc' dir='ltr'><strong><em>τοῦ</em></strong></span> <span class='ocrx_word' id='word_1_191' title='bbox 480 2139 555 2206; x_wconf 86' lang='grc' dir='ltr'><strong><em>κατά</em></strong></span> <span class='ocrx_word' id='word_1_192' title='bbox 571 2147 738 2206; x_wconf 85' lang='grc' dir='ltr'><strong><em>Ματθαῐον</em></strong></span> <span class='ocrx_word' id='word_1_193' title='bbox 754 2141 805 2204; x_wconf 88' lang='grc' dir='ltr'><strong><em>καλ</em></strong></span> <span class='ocrx_word' id='word_1_194' title='bbox 825 2137 885 2206; x_wconf 87' lang='grc' dir='ltr'><strong><em>άπό</em></strong></span> <span class='ocrx_word' id='word_1_195' title='bbox 905 2147 960 2206; x_wconf 91' lang='grc' dir='ltr'><strong><em>τοῦ</em></strong></span> <span class='ocrx_word' id='word_1_196' title='bbox 979 2139 1055 2206; x_wconf 87' lang='grc' dir='ltr'><strong><em>κατά</em></strong></span> <span class='ocrx_word' id='word_1_197' title='bbox 1070 2139 1217 2226; x_wconf 86' lang='grc' dir='ltr'><strong><em>Μάρκον,</em></strong></span> <span class='ocrx_word' id='word_1_198' title='bbox 1238 2141 1290 2204; x_wconf 89' lang='grc' dir='ltr'><strong><em>καλ</em></strong></span> <span class='ocrx_word' id='word_1_199' title='bbox 1306 2136 1493 2216; x_wconf 80' lang='grc' dir='ltr'><strong><em>άποξαιτλοῦς</em></strong></span> 
     </span>
     <span class='ocr_line' id='line_1_21' title="bbox 331 2239 1492 2328; baseline 0.001 -20"><span class='ocrx_word' id='word_1_200' title='bbox 331 2241 519 2326; x_wconf 75' lang='grc' dir='ltr'><strong><em>πανταχόθεν</em></strong></span> <span class='ocrx_word' id='word_1_201' title='bbox 535 2239 721 2328; x_wconf 83' lang='grc' dir='ltr'><strong><em>ήλέγχθησαν</em></strong></span> <span class='ocrx_word' id='word_1_202' title='bbox 738 2245 770 2307; x_wconf 87' lang='grc' dir='ltr'><strong><em>οί</em></strong></span> <span class='ocrx_word' id='word_1_203' title='bbox 783 2244 1001 2326; x_wconf 73' lang='grc' dir='ltr'><strong><em>πεπλανημένοι</em></strong></span> <span class='ocrx_word' id='word_1_204' title='bbox 1019 2242 1066 2308; x_wconf 86' lang='grc' dir='ltr'><strong><em>ῦτι</em></strong></span> <span class='ocrx_word' id='word_1_205' title='bbox 1081 2241 1118 2308; x_wconf 85' lang='grc' dir='ltr'><strong><em>οῦ</em></strong></span> <span class='ocrx_word' id='word_1_206' title='bbox 1133 2240 1225 2326; x_wconf 86' lang='grc' dir='ltr'><strong><em>μόνον</em></strong></span> <span class='ocrx_word' id='word_1_207' title='bbox 1237 2245 1274 2307; x_wconf 75' lang='grc' dir='ltr'><strong><em>ἓν</em></strong></span> <span class='ocrx_word' id='word_1_208' title='bbox 1291 2240 1398 2325; x_wconf 82' lang='grc' dir='ltr'><strong><em>Πάσχα</em></strong></span> <span class='ocrx_word' id='word_1_209' title='bbox 1416 2241 1492 2325; x_wconf 77' lang='grc' dir='ltr'><strong><em>μετά</em></strong></span> 
     </span>
     <span class='ocr_line' id='line_1_22' title="bbox 331 2341 1491 2430; baseline -0.002 -18"><span class='ocrx_word' id='word_1_210' title='bbox 331 2344 386 2429; x_wconf 84' lang='grc' dir='ltr'><strong><em>τήν</em></strong></span> <span class='ocrx_word' id='word_1_211' title='bbox 404 2344 497 2428; x_wconf 84' lang='grc' dir='ltr'><strong><em>άρχήν</em></strong></span> <span class='ocrx_word' id='word_1_212' title='bbox 518 2353 572 2412; x_wconf 89' lang='grc' dir='ltr'><strong><em>τοῦ</em></strong></span> <span class='ocrx_word' id='word_1_213' title='bbox 590 2344 779 2430; x_wconf 80' lang='grc' dir='ltr'><strong><em>κηρύγματος</em></strong></span> <span class='ocrx_word' id='word_1_214' title='bbox 794 2343 868 2410; x_wconf 86' lang='grc' dir='ltr'><strong><em>κατά</em></strong></span> <span class='ocrx_word' id='word_1_215' title='bbox 885 2349 1025 2430; x_wconf 73' lang='grc' dir='ltr'><strong><em>περίοδον</em></strong></span> <span class='ocrx_word' id='word_1_216' title='bbox 1042 2344 1175 2430; x_wconf 67' lang='grc' dir='ltr'><strong><em>’χρόνον</em></strong></span> <span class='ocrx_word' id='word_1_217' title='bbox 1198 2347 1334 2412; x_wconf 82' lang='grc' dir='ltr'><strong><em>ἐνιαυτοῦ</em></strong></span> <span class='ocrx_word' id='word_1_218' title='bbox 1357 2341 1491 2410; x_wconf 80' lang='grc' dir='ltr'><strong><em>άπετέλε-</em></strong></span> 
     </span>
     <span class='ocr_line' id='line_1_23' title="bbox 331 2443 1491 2534; baseline 0.002 -22"><span class='ocrx_word' id='word_1_219' title='bbox 331 2467 396 2526; x_wconf 88' lang='grc' dir='ltr'><strong><em>σεν,</em></strong></span> <span class='ocrx_word' id='word_1_220' title='bbox 424 2445 494 2513; x_wconf 82' lang='grc' dir='ltr'><strong><em>άλλά</em></strong></span> <span class='ocrx_word' id='word_1_221' title='bbox 519 2446 679 2534; x_wconf 78' lang='grc' dir='ltr'><strong><em>περιόδους</em></strong></span> <span class='ocrx_word' id='word_1_222' title='bbox 701 2453 791 2532; x_wconf 79' lang='grc' dir='ltr'><strong><em>τριοῦν</em></strong></span> <span class='ocrx_word' id='word_1_223' title='bbox 818 2443 992 2512; x_wconf 63' lang='grc' dir='ltr'><strong><em>ιιίπατειιῦν</em></strong></span> <span class='ocrx_word' id='word_1_224' title='bbox 1013 2446 1095 2530; x_wconf 88' lang='grc' dir='ltr'><strong><em>παρά</em></strong></span> <span class='ocrx_word' id='word_1_225' title='bbox 1116 2474 1144 2512; x_wconf 93' lang='grc' dir='ltr'><strong><em>τι</em></strong></span> <span class='ocrx_word' id='word_1_226' title='bbox 1164 2447 1330 2531; x_wconf 83' lang='grc' dir='ltr'><strong><em>ἐπλήρωσε,</em></strong></span> <span class='ocrx_word' id='word_1_227' title='bbox 1358 2445 1433 2528; x_wconf 83' lang='grc' dir='ltr'><strong><em>μετά</em></strong></span> <span class='ocrx_word' id='word_1_228' title='bbox 1454 2446 1491 2514; x_wconf 90' lang='grc' dir='ltr'><strong><em>τό</em></strong></span> 
     </span>
     <span class='ocr_line' id='line_1_24' title="bbox 329 2546 1494 2635; baseline 0.001 -21"><span class='ocrx_word' id='word_1_229' title='bbox 329 2547 476 2615; x_wconf 90' lang='grc' dir='ltr'><strong><em>Ἰωάννου</em></strong></span> <span class='ocrx_word' id='word_1_230' title='bbox 502 2549 662 2632; x_wconf 84' lang='grc' dir='ltr'><strong><em>βάπτισμα.</em></strong></span> <span class='ocrx_word' id='word_1_231' title='bbox 707 2551 767 2614; x_wconf 71' lang='grc' dir='ltr'><strong><em>Καὶ</em></strong></span> <span class='ocrx_word' id='word_1_232' title='bbox 796 2550 927 2626; x_wconf 80' lang='grc' dir='ltr'><strong><em>ἐξέπεσεν</em></strong></span> <span class='ocrx_word' id='word_1_233' title='bbox 952 2546 970 2614; x_wconf 87' lang='grc' dir='ltr'><strong><em>ό</em></strong></span> <span class='ocrx_word' id='word_1_234' title='bbox 995 2557 1053 2615; x_wconf 78' lang='grc' dir='ltr'><strong><em>τῶν</em></strong></span> <span class='ocrx_word' id='word_1_235' title='bbox 1080 2547 1374 2635; x_wconf 86' lang='grc' dir='ltr'><strong><em>άπαρακολουθήτων</em></strong></span> <span class='ocrx_word' id='word_1_236' title='bbox 1401 2548 1494 2634; x_wconf 84' lang='grc' dir='ltr'><strong><em>λόγος</em></strong></span> 
     </span>
     <span class='ocr_line' id='line_1_25' title="bbox 331 2648 1491 2738; baseline 0.002 -22"><span class='ocrx_word' id='word_1_237' title='bbox 331 2651 502 2718; x_wconf 89' lang='grc' dir='ltr'><strong><em>παντάπασι</em></strong></span> <span class='ocrx_word' id='word_1_238' title='bbox 520 2659 579 2733; x_wconf 75' lang='grc' dir='ltr'><strong><em>τῆς</em></strong></span> <span class='ocrx_word' id='word_1_239' title='bbox 596 2650 711 2733; x_wconf 77' lang='grc' dir='ltr'><strong><em>πλάνης</em></strong></span> <span class='ocrx_word' id='word_1_240' title='bbox 727 2653 778 2716; x_wconf 86' lang='grc' dir='ltr'><strong><em>καλ</em></strong></span> <span class='ocrx_word' id='word_1_241' title='bbox 794 2649 898 2727; x_wconf 89' lang='grc' dir='ltr'><strong><em>άνοίας</em></strong></span> <span class='ocrx_word' id='word_1_242' title='bbox 919 2654 969 2718; x_wconf 84' lang='grc' dir='ltr'><strong><em>καί</em></strong></span> <span class='ocrx_word' id='word_1_243' title='bbox 990 2648 1139 2734; x_wconf 88' lang='grc' dir='ltr'><strong><em>α’μαθίας,</em></strong></span> <span class='ocrx_word' id='word_1_244' title='bbox 1161 2649 1199 2718; x_wconf 91' lang='grc' dir='ltr'><strong><em>ου’</em></strong></span> <span class='ocrx_word' id='word_1_245' title='bbox 1222 2650 1315 2734; x_wconf 89' lang='grc' dir='ltr'><strong><em>μόνον</em></strong></span> <span class='ocrx_word' id='word_1_246' title='bbox 1336 2649 1378 2733; x_wconf 85' lang='grc' dir='ltr'><strong><em>μή</em></strong></span> <span class='ocrx_word' id='word_1_247' title='bbox 1400 2679 1491 2738; x_wconf 88' lang='grc' dir='ltr'><strong><em>γινω-</em></strong></span> 
     </span>
     <span class='ocr_line' id='line_1_26' title="bbox 330 2751 1492 2838; baseline 0.001 -20"><span class='ocrx_word' id='word_1_248' title='bbox 330 2752 460 2836; x_wconf 80' lang='grc' dir='ltr'><strong><em>σκοιίσης</em></strong></span> <span class='ocrx_word' id='word_1_249' title='bbox 477 2751 531 2836; x_wconf 85' lang='grc' dir='ltr'><strong><em>τήν</em></strong></span> <span class='ocrx_word' id='word_1_250' title='bbox 548 2755 655 2818; x_wconf 85' lang='grc' dir='ltr'><strong><em>ἐαυτοῦ</em></strong></span> <span class='ocrx_word' id='word_1_251' title='bbox 669 2752 760 2835; x_wconf 79' lang='grc' dir='ltr'><strong><em>ζωήν,</em></strong></span> <span class='ocrx_word' id='word_1_252' title='bbox 782 2751 852 2818; x_wconf 85' lang='grc' dir='ltr'><strong><em>άλλά</em></strong></span> <span class='ocrx_word' id='word_1_253' title='bbox 869 2755 920 2819; x_wconf 85' lang='grc' dir='ltr'><strong><em>ιιαλ</em></strong></span> <span class='ocrx_word' id='word_1_254' title='bbox 937 2758 1058 2836; x_wconf 73' lang='grc' dir='ltr'><strong><em>ψευδοῦς</em></strong></span> <span class='ocrx_word' id='word_1_255' title='bbox 1073 2752 1147 2820; x_wconf 86' lang='grc' dir='ltr'><strong><em>κατά</em></strong></span> <span class='ocrx_word' id='word_1_256' title='bbox 1161 2761 1215 2837; x_wconf 82' lang='grc' dir='ltr'><strong><em>τῆς</em></strong></span> <span class='ocrx_word' id='word_1_257' title='bbox 1231 2751 1373 2837; x_wconf 83' lang='grc' dir='ltr'><strong><em>άληθείας</em></strong></span> <span class='ocrx_word' id='word_1_258' title='bbox 1389 2753 1492 2838; x_wconf 85' lang='grc' dir='ltr'><strong><em>μάτην</em></strong></span> 
     </span>
     <span class='ocr_line' id='line_1_27' title="bbox 331 2857 618 2941; baseline -0.01 -19"><span class='ocrx_word' id='word_1_259' title='bbox 331 2857 618 2941; x_wconf 76' lang='grc' dir='ltr'><strong><em>ἐπιστρατευομέιης.</em></strong></span> 
     </span>
    </p>
   </div>
   <div class='ocr_carea' id='block_1_3' title="bbox 148 3090 1490 3796">
    <p class='ocr_par' dir='ltr' id='par_1_3' title="bbox 148 3090 1490 3487">
     <span class='ocr_line' id='line_1_28' title="bbox 148 3090 1490 3180; baseline 0 -21"><span class='ocrx_word' id='word_1_260' title='bbox 148 3125 154 3139; x_wconf 88' lang='grc'><em>·</em></span> <span class='ocrx_word' id='word_1_261' title='bbox 186 3105 255 3172; x_wconf 76' lang='grc' dir='ltr'><strong><em>Κεφ.</em></strong></span> <span class='ocrx_word' id='word_1_262' title='bbox 267 3101 318 3160; x_wconf 57' lang='lat' dir='ltr'><strong><em>xx.</em></strong></span> <span class='ocrx_word' id='word_1_263' title='bbox 416 3090 603 3180; x_wconf 85' lang='grc' dir='ltr'><strong><em>Εῦρίσιιομεν</em></strong></span> <span class='ocrx_word' id='word_1_264' title='bbox 617 3090 671 3178; x_wconf 89' lang='grc' dir='ltr'><strong><em>γάρ</em></strong></span> <span class='ocrx_word' id='word_1_265' title='bbox 687 3097 738 3160; x_wconf 89' lang='grc' dir='ltr'><strong><em>καλ</em></strong></span> <span class='ocrx_word' id='word_1_266' title='bbox 754 3093 955 3179; x_wconf 85' lang='grc' dir='ltr'><strong><em>ἐμφερόμενόν</em></strong></span> <span class='ocrx_word' id='word_1_267' title='bbox 969 3119 1029 3160; x_wconf 88' lang='grc' dir='ltr'><strong><em>που</em></strong></span> <span class='ocrx_word' id='word_1_268' title='bbox 1044 3103 1106 3171; x_wconf 83' lang='grc' dir='ltr'><strong><em>τοῖς</em></strong></span> <span class='ocrx_word' id='word_1_269' title='bbox 1117 3092 1216 3180; x_wconf 87' lang='grc' dir='ltr'><strong><em>λόγοις</em></strong></span> <span class='ocrx_word' id='word_1_270' title='bbox 1229 3093 1345 3170; x_wconf 76' lang='grc' dir='ltr'><strong><em>τούτοις</em></strong></span> <span class='ocrx_word' id='word_1_271' title='bbox 1359 3119 1490 3180; x_wconf 85' lang='grc' dir='ltr'><strong><em>γεγραμ-</em></strong></span> 
     </span>
     <span class='ocr_line' id='line_1_29' title="bbox 330 3193 1488 3282; baseline 0.003 -22"><span class='ocrx_word' id='word_1_272' title='bbox 330 3197 420 3280; x_wconf 85' lang='grc' dir='ltr'><strong><em>μένον</em></strong></span> <span class='ocrx_word' id='word_1_273' title='bbox 441 3194 486 3260; x_wconf 80' lang='grc' dir='ltr'><strong><em>ὅτι</em></strong></span> <span class='ocrx_word' id='word_1_274' title='bbox 510 3193 528 3261; x_wconf 87' lang='grc' dir='ltr'><strong><em>ό</em></strong></span> <span class='ocrx_word' id='word_1_275' title='bbox 549 3201 603 3261; x_wconf 89' lang='grc' dir='ltr'><strong><em>τοῦ</em></strong></span> <span class='ocrx_word' id='word_1_276' title='bbox 622 3203 699 3261; x_wconf 85' lang='grc' dir='ltr'><strong><em>θεοῦ</em></strong></span> <span class='ocrx_word' id='word_1_277' title='bbox 725 3195 892 3282; x_wconf 71' lang='grc' dir='ltr'><strong><em>Ιέγεννήθη</em></strong></span> <span class='ocrx_word' id='word_1_278' title='bbox 910 3194 998 3280; x_wconf 87' lang='grc' dir='ltr'><strong><em>λόγος</em></strong></span> <span class='ocrx_word' id='word_1_279' title='bbox 1016 3200 1050 3264; x_wconf 88' lang='grc' dir='ltr'><strong><em>ἐκ</em></strong></span> <span class='ocrx_word' id='word_1_280' title='bbox 1070 3203 1125 3262; x_wconf 90' lang='grc' dir='ltr'><strong><em>τοῦ</em></strong></span> <span class='ocrx_word' id='word_1_281' title='bbox 1140 3204 1218 3262; x_wconf 87' lang='grc' dir='ltr'><strong><em>θεοῦ</em></strong></span> <span class='ocrx_word' id='word_1_282' title='bbox 1240 3198 1306 3280; x_wconf 80' lang='grc' dir='ltr'><strong><em>περὶ</em></strong></span> <span class='ocrx_word' id='word_1_283' title='bbox 1331 3193 1364 3262; x_wconf 86' lang='grc' dir='ltr'><strong><em>τό</em></strong></span> <span class='ocrx_word' id='word_1_284' title='bbox 1384 3220 1488 3263; x_wconf 88' lang='grc' dir='ltr'><strong><em>τεσσα-</em></strong></span> 
     </span>
     <span class='ocr_line' id='line_1_30' title="bbox 328 3295 1488 3384; baseline 0.002 -22"><span class='ocrx_word' id='word_1_285' title='bbox 328 3295 473 3382; x_wconf 90' lang='grc' dir='ltr'><strong><em>ρακοστόν</em></strong></span> <span class='ocrx_word' id='word_1_286' title='bbox 494 3299 558 3374; x_wconf 85' lang='grc' dir='ltr'><strong><em>ἐτος</em></strong></span> <span class='ocrx_word' id='word_1_287' title='bbox 573 3295 749 3383; x_wconf 83' lang='grc' dir='ltr'><strong><em>Αῦγοάστου</em></strong></span> <span class='ocrx_word' id='word_1_288' title='bbox 763 3297 835 3384; x_wconf 81' lang='grc' dir='ltr'><strong><em>ὅπερ</em></strong></span> <span class='ocrx_word' id='word_1_289' title='bbox 856 3299 960 3382; x_wconf 88' lang='grc' dir='ltr'><strong><em>λέληθε</em></strong></span> <span class='ocrx_word' id='word_1_290' title='bbox 975 3297 1028 3364; x_wconf 91' lang='grc' dir='ltr'><strong><em>τόν</em></strong></span> <span class='ocrx_word' id='word_1_291' title='bbox 1045 3299 1216 3384; x_wconf 85' lang='grc' dir='ltr'><strong><em>γράψαντα,</em></strong></span> <span class='ocrx_word' id='word_1_292' title='bbox 1237 3298 1259 3382; x_wconf 79' lang='grc' dir='ltr'><em>ἢ</em></span> <span class='ocrx_word' id='word_1_293' title='bbox 1279 3305 1333 3380; x_wconf 84' lang='grc' dir='ltr'><strong><em>τῆς</em></strong></span> <span class='ocrx_word' id='word_1_294' title='bbox 1353 3297 1407 3363; x_wconf 83' lang='grc' dir='ltr'><strong><em>διά</em></strong></span> <span class='ocrx_word' id='word_1_295' title='bbox 1430 3307 1488 3366; x_wconf 87' lang='grc' dir='ltr'><strong><em>τοῦ</em></strong></span> 
     </span>
     <span class='ocr_line' id='line_1_31' title="bbox 326 3398 1489 3487; baseline 0 -21"><span class='ocrx_word' id='word_1_296' title='bbox 326 3406 403 3485; x_wconf 81' lang='grc' dir='ltr'><strong><em>βῆτα</em></strong></span> <span class='ocrx_word' id='word_1_297' title='bbox 430 3398 539 3482; x_wconf 79' lang='grc' dir='ltr'><strong><em>ψήφου</em></strong></span> <span class='ocrx_word' id='word_1_298' title='bbox 562 3398 796 3482; x_wconf 83' lang='grc' dir='ltr'><strong><em>άπαλειφθείσης</em></strong></span> <span class='ocrx_word' id='word_1_299' title='bbox 820 3403 947 3467; x_wconf 77' lang='grc' dir='ltr'><strong><em>καὶτοῦ</em></strong></span> <span class='ocrx_word' id='word_1_300' title='bbox 971 3407 1011 3482; x_wconf 82' lang='grc' dir='ltr'><strong><em>μῦ</em></strong></span> <span class='ocrx_word' id='word_1_301' title='bbox 1035 3398 1128 3483; x_wconf 87' lang='grc' dir='ltr'><strong><em>μόνον</em></strong></span> <span class='ocrx_word' id='word_1_302' title='bbox 1152 3399 1435 3487; x_wconf 87' lang='grc' dir='ltr'><strong><em>παραμεμενηκάτος</em></strong></span> <span class='ocrx_word' id='word_1_303' title='bbox 1457 3405 1489 3485; x_wconf 90' lang='grc' dir='ltr'><strong><em>μ’</em></strong></span> 
     </span>
    </p>

    <p class='ocr_par' dir='ltr' id='par_1_4' title="bbox 204 3499 1489 3796">
     <span class='ocr_line' id='line_1_32' title="bbox 204 3499 1487 3590; baseline 0.004 -25"><span class='ocrx_word' id='word_1_304' title='bbox 204 3519 309 3577; x_wconf 64' lang='lat' dir='ltr'><strong><em>mm.</em></strong></span> <span class='ocrx_word' id='word_1_305' title='bbox 329 3505 499 3584; x_wconf 66' lang='grc' dir='ltr'><strong><em>’ἐποίησαν</em></strong></span> <span class='ocrx_word' id='word_1_306' title='bbox 515 3500 591 3584; x_wconf 85' lang='grc' dir='ltr'><strong><em>μόνα</em></strong></span> <span class='ocrx_word' id='word_1_307' title='bbox 607 3505 663 3585; x_wconf 77' lang='grc' dir='ltr'><strong><em>ἐτη.</em></strong></span> <span class='ocrx_word' id='word_1_308' title='bbox 712 3509 759 3590; x_wconf 78' lang='grc' dir='ltr'><strong><em>Τῷ</em></strong></span> <span class='ocrx_word' id='word_1_309' title='bbox 775 3502 831 3589; x_wconf 88' lang='grc' dir='ltr'><strong><em>γάρ</em></strong></span> <span class='ocrx_word' id='word_1_310' title='bbox 847 3509 1068 3590; x_wconf 78' lang='grc' dir='ltr'><strong><em>τεσσαρακοστῷ</em></strong></span> <span class='ocrx_word' id='word_1_311' title='bbox 1088 3504 1213 3590; x_wconf 84' lang='grc' dir='ltr'><strong><em>δευτέρρι</em></strong></span> <span class='ocrx_word' id='word_1_312' title='bbox 1230 3505 1286 3567; x_wconf 85' lang='grc' dir='ltr'><strong><em>ἐτει</em></strong></span> <span class='ocrx_word' id='word_1_313' title='bbox 1301 3499 1487 3586; x_wconf 83' lang='grc' dir='ltr'><strong><em>Λῦγοῦστου</em></strong></span> 
     </span>
     <span class='ocr_line' id='line_1_33' title="bbox 326 3601 1488 3692; baseline 0.001 -21"><span class='ocrx_word' id='word_1_314' title='bbox 326 3603 482 3692; x_wconf 84' lang='grc' dir='ltr'><strong><em>ἐγεννήθη.</em></strong></span> <span class='ocrx_word' id='word_1_315' title='bbox 522 3603 634 3668; x_wconf 85' lang='grc' dir='ltr'><strong><em>Φάσκει</em></strong></span> <span class='ocrx_word' id='word_1_316' title='bbox 650 3603 682 3668; x_wconf 84' lang='grc' dir='ltr'><strong><em>δέ</em></strong></span> <span class='ocrx_word' id='word_1_317' title='bbox 697 3603 742 3668; x_wconf 81' lang='grc' dir='ltr'><strong><em>ότι</em></strong></span> <span class='ocrx_word' id='word_1_318' title='bbox 760 3602 817 3688; x_wconf 91' lang='grc' dir='ltr'><strong><em>πρό</em></strong></span> <span class='ocrx_word' id='word_1_319' title='bbox 836 3603 963 3670; x_wconf 86' lang='grc' dir='ltr'><strong><em>δεκαδάο</em></strong></span> <span class='ocrx_word' id='word_1_320' title='bbox 981 3610 1144 3670; x_wconf 73' lang='grc' dir='ltr'><strong><em>Καλανδῶν</em></strong></span> <span class='ocrx_word' id='word_1_321' title='bbox 1158 3602 1288 3670; x_wconf 80' lang='grc' dir='ltr'><strong><em>Ἰουλίων</em></strong></span> <span class='ocrx_word' id='word_1_322' title='bbox 1303 3603 1324 3687; x_wconf 85' lang='grc' dir='ltr'><strong><em>ή</em></strong></span> <span class='ocrx_word' id='word_1_323' title='bbox 1338 3601 1488 3687; x_wconf 79' lang='grc' dir='ltr'><strong><em>Ἰουνίαν,</em></strong></span> 
     </span>
     <span class='ocr_line' id='line_1_34' title="bbox 326 3702 1489 3796; baseline 0.001 -23"><span class='ocrx_word' id='word_1_324' title='bbox 326 3705 382 3773; x_wconf 85' lang='grc' dir='ltr'><strong><em>οῦκ</em></strong></span> <span class='ocrx_word' id='word_1_325' title='bbox 397 3709 453 3791; x_wconf 89' lang='grc' dir='ltr'><strong><em>ἐχω</em></strong></span> <span class='ocrx_word' id='word_1_326' title='bbox 467 3708 569 3793; x_wconf 80' lang='grc' dir='ltr'><strong><em>λέγειν,</em></strong></span> <span class='ocrx_word' id='word_1_327' title='bbox 590 3708 622 3770; x_wconf 88' lang='grc' dir='ltr'><strong><em>ἐν</em></strong></span> <span class='ocrx_word' id='word_1_328' title='bbox 639 3702 788 3794; x_wconf 66' lang='grc' dir='ltr'><strong><em>’ὑπατεία</em></strong></span> <span class='ocrx_word' id='word_1_329' title='bbox 802 3711 986 3774; x_wconf 84' lang='grc' dir='ltr'><strong><em>Σουλπικίου</em></strong></span> <span class='ocrx_word' id='word_1_330' title='bbox 1001 3711 1209 3792; x_wconf 80' lang='grc' dir='ltr'><strong><em>Καμμαρίνου,</em></strong></span> <span class='ocrx_word' id='word_1_331' title='bbox 1233 3709 1376 3796; x_wconf 70' lang='grc' dir='ltr'><strong><em>*Βηττέρι</em></strong></span> <span class='ocrx_word' id='word_1_332' title='bbox 1395 3713 1489 3793; x_wconf 87' lang='grc' dir='ltr'><strong><em>Πομ-</em></strong></span> 
     </span>
    </p>
   </div>
   <div class='ocr_carea' id='block_1_4' title="bbox 322 3855 1489 4539">
    <p class='ocr_par' dir='ltr' id='par_1_5' title="bbox 322 3855 1489 4539">
     <span class='ocr_line' id='line_1_35' title="bbox 361 3855 1381 3933; baseline 0.002 -21"><span class='ocrx_word' id='word_1_333' title='bbox 361 3863 419 3913; x_wconf 76' lang='grc' dir='ltr'><strong><em>Οιε.</em></strong></span> <span class='ocrx_word' id='word_1_334' title='bbox 434 3865 558 3914; x_wconf 79' lang='lat' dir='ltr'><strong>xxvm.</strong></span> <span class='ocrx_word' id='word_1_335' title='bbox 575 3889 608 3902; x_wconf 87' lang='lat'>-</span> <span class='ocrx_word' id='word_1_336' title='bbox 652 3863 675 3914; x_wconf 91' lang='lat'><strong><em>1.</em></strong></span> <span class='ocrx_word' id='word_1_337' title='bbox 695 3855 805 3918; x_wconf 79' lang='grc' dir='ltr'><strong><em>ῦπατιῶν</em></strong></span> <span class='ocrx_word' id='word_1_338' title='bbox 830 3866 884 3916; x_wconf 73' lang='lat' dir='ltr'><strong><em>libri</em></strong></span> <span class='ocrx_word' id='word_1_339' title='bbox 950 3863 975 3917; x_wconf 80' lang='grc' dir='ltr'><strong><em>δ.</em></strong></span> <span class='ocrx_word' id='word_1_340' title='bbox 994 3861 1089 3933; x_wconf 79' lang='grc' dir='ltr'><strong><em>ότατίᾳ</em></strong></span> <span class='ocrx_word' id='word_1_341' title='bbox 1106 3867 1244 3928; x_wconf 67' lang='grc' dir='ltr'><strong><em>βδελυρία,</em></strong></span> <span class='ocrx_word' id='word_1_342' title='bbox 1261 3870 1286 3915; x_wconf 79' lang='grc' dir='ltr'><strong><em>ιιι</em></strong></span> <span class='ocrx_word' id='word_1_343' title='bbox 1302 3867 1381 3914; x_wconf 64' lang='lat' dir='ltr'><strong><em>sotem.</em></strong></span> 
     </span>
     <span class='ocr_line' id='line_1_36' title="bbox 325 3931 1487 3994; baseline 0.004 -14"><span class='ocrx_word' id='word_1_344' title='bbox 325 3936 425 3994; x_wconf 81' lang='grc' dir='ltr'><strong><em>νιιαιι,</em></strong></span> <span class='ocrx_word' id='word_1_345' title='bbox 442 3938 467 3982; x_wconf 79' lang='grc' dir='ltr'><strong><em>ιιι</em></strong></span> <span class='ocrx_word' id='word_1_346' title='bbox 484 3935 564 3984; x_wconf 75' lang='lat' dir='ltr'><strong><em>solent·</em></strong></span> <span class='ocrx_word' id='word_1_347' title='bbox 785 3984 788 3990; x_wconf 74' lang='grc'><em>,</em></span> <span class='ocrx_word' id='word_1_348' title='bbox 950 3931 974 3983; x_wconf 79' lang='lat'><strong><em>4.</em></strong></span> <span class='ocrx_word' id='word_1_349' title='bbox 994 3935 1026 3984; x_wconf 77' lang='lat' dir='ltr'><strong><em>De</em></strong></span> <span class='ocrx_word' id='word_1_350' title='bbox 1041 3935 1077 3984; x_wconf 79' lang='grc' dir='ltr'><strong><em>λιι</em></strong></span> <span class='ocrx_word' id='word_1_351' title='bbox 1092 3935 1176 3992; x_wconf 78' lang='lat' dir='ltr'><strong><em>verbis,</em></strong></span> <span class='ocrx_word' id='word_1_352' title='bbox 1192 3938 1212 3982; x_wconf 84' lang='grc' dir='ltr'><strong><em>ιι</em></strong></span> <span class='ocrx_word' id='word_1_353' title='bbox 1228 3933 1257 3982; x_wconf 73' lang='grc' dir='ltr'><strong><em>τε</em></strong></span> <span class='ocrx_word' id='word_1_354' title='bbox 1273 3935 1364 3983; x_wconf 75' lang='lat' dir='ltr'><strong><em>nomint</em></strong></span> <span class='ocrx_word' id='word_1_355' title='bbox 1381 3936 1487 3986; x_wconf 72' lang='grc' dir='ltr'><strong><em>ολιιήαι</em></strong></span> 
     </span>
     <span class='ocr_line' id='line_1_37' title="bbox 359 3996 1489 4082; baseline 0.005 -34"><span class='ocrx_word' id='word_1_356' title='bbox 359 3999 383 4048; x_wconf 75' lang='lat'><strong><em>¹2.</em></strong></span> <span class='ocrx_word' id='word_1_357' title='bbox 400 3996 486 4082; x_wconf 80' lang='grc' dir='ltr'><strong><em>χρόνω</em></strong></span> <span class='ocrx_word' id='word_1_358' title='bbox 503 4003 557 4050; x_wconf 72' lang='grc' dir='ltr'><strong><em>αλια</em></strong></span> <span class='ocrx_word' id='word_1_359' title='bbox 575 4002 657 4050; x_wconf 76' lang='grc' dir='ltr'><strong><em>Ριίαυ.</em></strong></span> <span class='ocrx_word' id='word_1_360' title='bbox 916 4003 1032 4062; x_wconf 73' lang='grc' dir='ltr'><strong><em>ωαιυλίι,</em></strong></span> <span class='ocrx_word' id='word_1_361' title='bbox 1056 4001 1209 4052; x_wconf 71' lang='lat' dir='ltr'><strong><em>emendandis</em></strong></span> <span class='ocrx_word' id='word_1_362' title='bbox 1224 4003 1346 4050; x_wconf 78' lang='grc' dir='ltr'><strong><em>πολλοαιια</em></strong></span> <span class='ocrx_word' id='word_1_363' title='bbox 1364 4001 1489 4054; x_wconf 71' lang='lat' dir='ltr'><strong><em>librorum</em></strong></span> 
     </span>
     <span class='ocr_line' id='line_1_38' title="bbox 359 4063 1488 4132; baseline 0.005 -17"><span class='ocrx_word' id='word_1_364' title='bbox 359 4063 382 4115; x_wconf 85' lang='lat'><strong><em>3.</em></strong></span> <span class='ocrx_word' id='word_1_365' title='bbox 400 4067 510 4119; x_wconf 80' lang='grc' dir='ltr'><strong><em>υττατιῦν</em></strong></span> <span class='ocrx_word' id='word_1_366' title='bbox 527 4071 581 4118; x_wconf 74' lang='lat' dir='ltr'><strong><em>libri</em></strong></span> <span class='ocrx_word' id='word_1_367' title='bbox 597 4073 650 4118; x_wconf 76' lang='grc' dir='ltr'><strong><em>υιλί.</em></strong></span> <span class='ocrx_word' id='word_1_368' title='bbox 916 4082 959 4131; x_wconf 76' lang='lat' dir='ltr'><strong><em>ope</em></strong></span> <span class='ocrx_word' id='word_1_369' title='bbox 972 4069 1293 4132; x_wconf 76' lang='grc' dir='ltr'><strong><em>ιλιιίίιιιικιρααιτθτηιττο.</em></strong></span> <span class='ocrx_word' id='word_1_370' title='bbox 1327 4071 1384 4118; x_wconf 77' lang='lat' dir='ltr'><strong><em>Nolo</em></strong></span> <span class='ocrx_word' id='word_1_371' title='bbox 1401 4074 1488 4122; x_wconf 79' lang='grc' dir='ltr'><strong><em>ίααιττι</em></strong></span> 
     </span>
     <span class='ocr_line' id='line_1_39' title="bbox 361 4133 1489 4202; baseline 0.008 -22"><span class='ocrx_word' id='word_1_372' title='bbox 361 4133 412 4181; x_wconf 65' lang='grc' dir='ltr'><strong><em>(λιν</em></strong></span> <span class='ocrx_word' id='word_1_373' title='bbox 431 4134 529 4184; x_wconf 84' lang='grc' dir='ltr'><strong>ΧΧΙΧ.</strong></span> <span class='ocrx_word' id='word_1_374' title='bbox 546 4165 580 4174; x_wconf 95' lang='grc'>-</span> <span class='ocrx_word' id='word_1_375' title='bbox 608 4137 629 4186; x_wconf 88' lang='grc'><strong><em>1.</em></strong></span> <span class='ocrx_word' id='word_1_376' title='bbox 649 4133 774 4202; x_wconf 67' lang='grc' dir='ltr'><strong><em>ἐγεννήθη</em></strong></span> <span class='ocrx_word' id='word_1_377' title='bbox 788 4139 882 4199; x_wconf 67' lang='lat' dir='ltr'><em>repom</em></span> <span class='ocrx_word' id='word_1_378' title='bbox 914 4139 1007 4187; x_wconf 73' lang='lat' dir='ltr'><strong><em>reticere</em></strong></span> <span class='ocrx_word' id='word_1_379' title='bbox 1025 4138 1088 4200; x_wconf 84' lang='grc' dir='ltr'><strong><em>ηυαλ</em></strong></span> <span class='ocrx_word' id='word_1_380' title='bbox 1103 4139 1208 4199; x_wconf 66' lang='lat' dir='ltr'><strong><em>aliquam</em></strong></span> <span class='ocrx_word' id='word_1_381' title='bbox 1231 4142 1290 4186; x_wconf 77' lang='grc' dir='ltr'><strong><em>σιτία</em></strong></span> <span class='ocrx_word' id='word_1_382' title='bbox 1306 4138 1489 4198; x_wconf 66' lang='lat' dir='ltr'><strong><em>probabilitatis</em></strong></span> 
     </span>
     <span class='ocr_line' id='line_1_40' title="bbox 325 4200 1489 4269; baseline 0.007 -19"><span class='ocrx_word' id='word_1_383' title='bbox 325 4201 354 4250; x_wconf 78' lang='grc' dir='ltr'><strong><em>δι</em></strong></span> <span class='ocrx_word' id='word_1_384' title='bbox 367 4203 432 4251; x_wconf 73' lang='lat' dir='ltr'><strong><em>libris</em></strong></span> <span class='ocrx_word' id='word_1_385' title='bbox 441 4203 537 4264; x_wconf 70' lang='grc' dir='ltr'><strong><em>λαιαῖς.</em></strong></span> <span class='ocrx_word' id='word_1_386' title='bbox 554 4205 637 4254; x_wconf 68' lang='grc' dir='ltr'><strong><em>αλια.</em></strong></span> <span class='ocrx_word' id='word_1_387' title='bbox 657 4205 729 4266; x_wconf 59' lang='lat' dir='ltr'><strong><em>Vulva</em></strong></span> <span class='ocrx_word' id='word_1_388' title='bbox 738 4210 802 4254; x_wconf 79' lang='grc' dir='ltr'><strong><em>ικιαι</em></strong></span> <span class='ocrx_word' id='word_1_389' title='bbox 810 4200 882 4269; x_wconf 80' lang='grc' dir='ltr'><strong><em>ἐγίι-</em></strong></span> <span class='ocrx_word' id='word_1_390' title='bbox 915 4207 1014 4266; x_wconf 79' lang='grc' dir='ltr'><strong><em>ιμιτίευι</em></strong></span> <span class='ocrx_word' id='word_1_391' title='bbox 1033 4205 1127 4256; x_wconf 69' lang='lat' dir='ltr'><strong><em>videtur</em></strong></span> <span class='ocrx_word' id='word_1_392' title='bbox 1148 4205 1240 4254; x_wconf 76' lang='grc' dir='ltr'><strong><em>λαίαν.</em></strong></span> <span class='ocrx_word' id='word_1_393' title='bbox 1273 4205 1397 4266; x_wconf 73' lang='grc' dir='ltr'><strong><em>θαγίίοτικ</em></strong></span> <span class='ocrx_word' id='word_1_394' title='bbox 1422 4213 1489 4268; x_wconf 71' lang='lat' dir='ltr'><strong><em>puto</em></strong></span> 
     </span>
     <span class='ocr_line' id='line_1_41' title="bbox 324 4272 1489 4337; baseline 0.002 -17"><span class='ocrx_word' id='word_1_395' title='bbox 324 4283 405 4332; x_wconf 82' lang='grc' dir='ltr'><strong><em>νητος.</em></strong></span> <span class='ocrx_word' id='word_1_396' title='bbox 423 4274 449 4318; x_wconf 77' lang='lat' dir='ltr'><strong><em>ut</em></strong></span> <span class='ocrx_word' id='word_1_397' title='bbox 462 4272 556 4318; x_wconf 81' lang='grc' dir='ltr'><strong><em>υινλιιιιιι</em></strong></span> <span class='ocrx_word' id='word_1_398' title='bbox 570 4275 647 4322; x_wconf 75' lang='lat' dir='ltr'><strong><em>dcem</em></strong></span> <span class='ocrx_word' id='word_1_399' title='bbox 657 4275 883 4322; x_wconf 70' lang='grc' dir='ltr'><strong><em>Ριιαυλοιίιιαιιτίο</em></strong></span> <span class='ocrx_word' id='word_1_400' title='bbox 915 4275 945 4320; x_wconf 79' lang='grc' dir='ltr'><strong><em>οδ</em></strong></span> <span class='ocrx_word' id='word_1_401' title='bbox 964 4274 1096 4335; x_wconf 66' lang='lat' dir='ltr'><strong><em>Epiphanio</em></strong></span> <span class='ocrx_word' id='word_1_402' title='bbox 1115 4275 1193 4321; x_wconf 74' lang='lat' dir='ltr'><strong><em>notari</em></strong></span> <span class='ocrx_word' id='word_1_403' title='bbox 1215 4286 1316 4322; x_wconf 83' lang='grc' dir='ltr'><strong><em>τιτατιιιι</em></strong></span> <span class='ocrx_word' id='word_1_404' title='bbox 1332 4285 1414 4322; x_wconf 76' lang='lat' dir='ltr'><strong><em>eorum</em></strong></span> <span class='ocrx_word' id='word_1_405' title='bbox 1439 4280 1489 4337; x_wconf 82' lang='grc' dir='ltr'><strong><em>ητα·</em></strong></span> 
     </span>
     <span class='ocr_line' id='line_1_42' title="bbox 322 4333 1489 4403; baseline 0.004 -17"><span class='ocrx_word' id='word_1_406' title='bbox 322 4337 404 4386; x_wconf 69' lang='grc' dir='ltr'><strong><em>υίενιιι,</em></strong></span> <span class='ocrx_word' id='word_1_407' title='bbox 432 4338 458 4386; x_wconf 82' lang='grc' dir='ltr'><strong><em>λιι</em></strong></span> <span class='ocrx_word' id='word_1_408' title='bbox 471 4337 613 4388; x_wconf 65' lang='lat' dir='ltr'><strong><em>commta</em></strong></span> <span class='ocrx_word' id='word_1_409' title='bbox 627 4340 725 4400; x_wconf 80' lang='grc' dir='ltr'><strong><em>λτγιίιιτ.1</em></strong></span> <span class='ocrx_word' id='word_1_410' title='bbox 742 4333 782 4392; x_wconf 77' lang='grc' dir='ltr'><strong><em>ὅτι</em></strong></span> <span class='ocrx_word' id='word_1_411' title='bbox 797 4336 880 4391; x_wconf 85' lang='grc' dir='ltr'><strong><em>ἐκταῦ</em></strong></span> <span class='ocrx_word' id='word_1_412' title='bbox 914 4341 1094 4403; x_wconf 80' lang='grc' dir='ltr'><strong><em>ηαοδτοςιιίτιο</em></strong></span> <span class='ocrx_word' id='word_1_413' title='bbox 1110 4341 1209 4403; x_wconf 74' lang='grc' dir='ltr'><strong><em>λυςνιλι·</em></strong></span> <span class='ocrx_word' id='word_1_414' title='bbox 1221 4355 1284 4390; x_wconf 79' lang='lat' dir='ltr'><strong><em>anno</em></strong></span> <span class='ocrx_word' id='word_1_415' title='bbox 1299 4341 1418 4390; x_wconf 67' lang='lat' dir='ltr'><strong><em>cmm</em></strong></span> <span class='ocrx_word' id='word_1_416' title='bbox 1433 4357 1489 4392; x_wconf 88' lang='grc' dir='ltr'><strong><em>αα-</em></strong></span> 
     </span>
     <span class='ocr_line' id='line_1_43' title="bbox 324 4400 1488 4473; baseline 0.009 -22"><span class='ocrx_word' id='word_1_417' title='bbox 324 4400 517 4470; x_wconf 73' lang='grc' dir='ltr'><strong><em>θαιῦλίγαςταῢ</em></strong></span> <span class='ocrx_word' id='word_1_418' title='bbox 527 4401 820 4473; x_wconf 67' lang='grc' dir='ltr'><strong><em>θεοῦίγιννάβηπιρλτό</em></strong></span> <span class='ocrx_word' id='word_1_419' title='bbox 830 4412 881 4459; x_wconf 71' lang='grc' dir='ltr'><strong><em>τοι.</em></strong></span> <span class='ocrx_word' id='word_1_420' title='bbox 914 4411 963 4457; x_wconf 74' lang='lat' dir='ltr'><strong><em>tum</em></strong></span> <span class='ocrx_word' id='word_1_421' title='bbox 975 4421 1023 4458; x_wconf 84' lang='grc' dir='ltr'><strong><em>ται</em></strong></span> <span class='ocrx_word' id='word_1_422' title='bbox 1038 4411 1176 4469; x_wconf 71' lang='lat' dir='ltr'><strong><em>stauarum,</em></strong></span> <span class='ocrx_word' id='word_1_423' title='bbox 1191 4411 1295 4469; x_wconf 74' lang='grc' dir='ltr'><strong><em>μήτινα</em></strong></span> <span class='ocrx_word' id='word_1_424' title='bbox 1311 4408 1374 4470; x_wconf 73' lang='lat' dir='ltr'><strong><em>quod</em></strong></span> <span class='ocrx_word' id='word_1_425' title='bbox 1390 4423 1439 4458; x_wconf 87' lang='grc' dir='ltr'><strong><em>ιιιιιι</em></strong></span> <span class='ocrx_word' id='word_1_426' title='bbox 1457 4413 1488 4462; x_wconf 73' lang='grc' dir='ltr'><strong><em>λιι</em></strong></span> 
     </span>
     <span class='ocr_line' id='line_1_44' title="bbox 406 4469 1487 4539; baseline 0.002 -13"><span class='ocrx_word' id='word_1_427' title='bbox 406 4469 505 4538; x_wconf 58' lang='grc' dir='ltr'><strong><em>*ποίησε</em></strong></span> <span class='ocrx_word' id='word_1_428' title='bbox 521 4474 573 4524; x_wconf 74' lang='lat' dir='ltr'><strong><em>md.</em></strong></span> <span class='ocrx_word' id='word_1_429' title='bbox 590 4475 645 4526; x_wconf 75' lang='grc' dir='ltr'><strong><em>λἀι.</em></strong></span> <span class='ocrx_word' id='word_1_430' title='bbox 913 4476 1210 4539; x_wconf 62' lang='lat' dir='ltr'><strong><em>quadragesimosecundo</em></strong></span> <span class='ocrx_word' id='word_1_431' title='bbox 1231 4478 1281 4528; x_wconf 78' lang='grc' dir='ltr'><strong><em>ιλιιι</em></strong></span> <span class='ocrx_word' id='word_1_432' title='bbox 1294 4477 1386 4528; x_wconf 71' lang='lat' dir='ltr'><strong><em>mma</em></strong></span> <span class='ocrx_word' id='word_1_433' title='bbox 1405 4479 1487 4528; x_wconf 74' lang='grc' dir='ltr'><strong><em>ωιλα-</em></strong></span> 
     </span>
    </p>
   </div>
   <div class='ocr_carea' id='block_1_5' title="bbox 0 0 1568 4930">
    <p class='ocr_par' dir='ltr' id='par_1_6' title="bbox 0 0 1568 4930">
     <span class='ocr_line' id='line_1_45' title="bbox 0 0 1568 4930; baseline 0 2"><span class='ocrx_word' id='word_1_434' title='bbox 0 0 1568 4930; x_wconf 95' lang='lat' dir='ltr'><strong><em> </em></strong></span> 
     </span>
    </p>
   </div>
  </div>
 </body>
</html>
