3148 4938
327 229 387 294 572
748 239 1061 294 οιιιαεικειειιιιιιι

330 385 397 442 τας,
418 360 470 424 καί
483 356 614 440 τάξωμεν
630 355 733 435 αἰτεῖς
749 356 907 442 μετάνοιαν
928 361 975 436 εἰς
988 357 1022 425 τό
1038 359 1305 444 παρακαθέζεσθαι
1328 365 1368 448 τῇ
1389 361 1487 440 eules

328 467 400 551 σίρι,1
414 463 464 527 καί
488 461 528 545 μὴ
551 459 787 547 άποστρέψωμεν
801 458 924 543 αύτούς,
951 460 1024 544 μήτε
1040 461 1093 528 τόν
1107 469 1217 547 κλῆρον
1237 459 1293 539 (οἱς
1309 458 1328 526 ό
1346 463 1391 537 εἰς
1410 458 1488 544 ἡμᾶς

327 563 424 630 ἐλθόν
441 563 525 650 λόγος
540 565 689 649 περιέχει),
713 562 755 646 μή
771 589 841 629 ποτε
862 565 927 640 ιείς
942 563 1100 647 αἰσχύνην,
1121 565 1171 630 καί
1190 562 1241 629 διά
1257 561 1418 647 παρολκῆν
1434 570 1487 629 τοῦ

328 665 436 750 χρόνου
457 669 488 732 οἱ
507 665 586 743 άπαξ
605 664 666 731 ύπό
684 663 859 752 άνανδρείας
881 668 932 732 καί
954 665 1114 743 ἀσθενείας
1137 662 1197 732 ύπό
1215 663 1362 749 διαβόλου
1381 668 1488 732 ἐπιτει-

328 770 449 844 σθέντες
464 771 514 833 καί
531 768 801 855 παρασαλευόμενοι
819 773 933 845 τελείως
952 771 1133 853 ἐκτραπεῖσι,
1157 769 1207 833 καλ
1223 766 1265 851 μὴ
1283 770 1426 847 ἰαθόσιν,
1448 765 1489 844 τάς

328 869 403 936 κατά
422 868 454 936 τό
473 874 685 956 γεγραμμένον,
716 870 758 954 μή
782 875 962 957 ἐκτραπῆναι
982 868 1014 938 τό
1031 869 1141 953 χωλόν,
1174 871 1298 952 ἰαθῆναι
1314 869 1349 934 δέ
1370 875 1488 952 μᾶλλον.

331 974 392 1038 Καὶ
406 965 445 1054 ἦν
461 973 513 1054 μέν
531 980 585 1038 τοῦ
603 975 722 1059 Πέτρου
743 970 762 1040 ό
781 973 869 1058 λόγος
892 970 967 1059 ύπέρ
988 975 1087 1048 ἐλέους
1102 974 1153 1037 καί
1170 976 1417 1058 φιλανθρωπίας,
1439 975 1489 1038 καί

328 1082 383 1140 τοῦ
399 1078 552 1158 Μελητίου
577 1078 629 1140 καί
648 1083 707 1141 τοῖν
729 1075 791 1160 ἅμα
811 1073 893 1164 αύτῷ
908 1073 984 1159 ύπέρ
1002 1070 1144 1157 άληθείας
1163 1077 1215 1139 καλ
1236 1075 1331 1157 ζήλου.
1373 1071 1487 1140 Ἐντεῦ-

328 1185 385 1242 θεν
402 1173 453 1242 διά
475 1183 529 1242 τοῦ
546 1178 709 1263 προςοέπου
729 1185 783 1262 τῆς
800 1175 859 1244 άπό
883 1175 1062 1262 άμφοτέρων
1078 1175 1228 1259 δοκούσης
1249 1175 1393 1260 εύσεβούς
1414 1174 1488 1242 ύιτο-

327 1282 440 1355 θέοεως
455 1277 488 1346 τό
505 1285 610 1363 σχίσμα
625 1282 786 1366 γεγέννηται,
809 1286 869 1346 τῶν
887 1281 941 1362 μὲν
956 1286 1044 1344 τοῦτο
1058 1277 1245 1361 φασκόντων,
1267 1286 1327 1344 τοῖν
1340 1281 1375 1345 δέ
1389 1287 1487 1348 τοῦτο.

320 1382 397 1448 ’Ὅτε
416 1380 470 1469 γάρ
488 1379 567 1448 οἰδεν
584 1381 603 1448 ό
619 1382 852 1469 άρχιεπίσκοπος
874 1385 991 1466 Πέτρος
1005 1380 1050 1447 ότι
1068 1377 1247 1464 άντέστησαν
1267 1389 1305 1471 τῇ
1324 1386 1422 1472 βουλῇ
1437 1389 1489 1464 τῆς

328 1484 422 1550 αὐτοῦ
439 1489 668 1570 φιλανθρωπίας
684 1487 715 1551 οί
728 1487 796 1571 περλ
812 1483 865 1550 τόν
881 1483 1045 1566 Μελῆτιον,
1068 1481 1144 1572 ζήλφ
1159 1490 1255 1572 θεΐκῷ
1271 1487 1490 1568 περισσοτέρως

326 1584 501 1670 φερόμενοι,
524 1589 734 1670 καταπέτασμα
755 1584 847 1664 αύτός
869 1583 887 1654 ό
905 1587 1020 1672 Πέτρος
1034 1587 1154 1667 ἐποίησε
1170 1587 1260 1668 μέσον
1274 1592 1328 1668 τῆς
1342 1594 1488 1668 φυλακῆς,

326 1687 442 1772 ίμάτιον
462 1687 638 1770 ἐκπετάσας,
661 1691 792 1755 τουτέστι
809 1693 964 1769 λωδίκιον,
993 1683 1040 1753 εἰτ’
1059 1679 1116 1752 οὖν
1133 1691 1267 1769 παλλίον,
1289 1689 1343 1753 καλ
1357 1690 1489 1774 κηρύξας

327 1789 402 1857 ’διά
416 1789 574 1873 διακόνου,
597 1790 644 1857 ότι
662 1795 694 1856 οἳ
709 1793 788 1868 τινές
802 1795 857 1856 εἰσι
871 1798 925 1874 τῆς
940 1794 1012 1874 ἐμῆς
1025 1788 1146 1876 γνύμης
1164 1792 1397 1876 παρελθέτωσαν
1413 1791 1490 1876 τορός

325 1893 375 1976 μέ,
405 1895 456 1958 καλ
480 1896 513 1958 οἰ
533 1919 609 1970 τινες
629 1901 683 1976 τῆς
699 1899 852 1976 Μελητίου
873 1893 993 1978 γνόμης
1010 1889 1203 1979 τυγχάνουσι,
1233 1891 1488 1979 τιρόςΜελήτωκ.

327 1995 388 2058 Καί
402 1997 533 2083 διηρέθη
551 1994 583 2061 τό
603 1997 657 2078 μέν
673 2002 791 2078 πλῆθος
813 1994 877 2077 άμα
893 1999 1047 2084 Μελητίρο,
1078 1996 1251 2060 ἐπισκόπων
1268 2019 1299 2059 τε
1321 1997 1376 2060 καί
1398 1999 1488 2078 μονα-

323 2103 384 2179 χοίν
401 2098 452 2160 καί
474 2099 695 2184 πρεσβυτέρων,
725 2099 775 2164 καλ
793 2096 888 2163 άλλων
907 2094 1078 2183 ταγμάτων,
1101 2093 1195 2181 όλίγοτ
1213 2097 1247 2161 δέ
1260 2106 1413 2174 mel-'3
1427 2099 1489 2182 άμ

326 2201 433 2288 Πέτρῳ
452 2205 491 2287 τῷ
508 2196 743 2290 άρχιεπισκόπρι,
766 2202 925 2267 ἐπίσκοποί
941 2223 972 2264 τε
988 2201 1040 2264 καί
1055 2196 1136 2266 όλλοι
1153 2197 1254 2284 όλίγοι.
1300 2203 1363 2270 Καί
1384 2201 1490 2268 λοιπόν

323 2293 406 2366 οὗτοι
422 2299 485 2366 κατ’
501 2305 577 2367 ἰδίαν
598 2301 738 2387 ηύχοντο,
761 2305 812 2368 καί
827 2293 912 2369 οὗτοι
931 2299 993 2366 κατ’
1012 2303 1104 2384 ἰδίων,
1127 2299 1246 2376 καλιάς
1265 2297 1355 2378 τ’ίλλας
1374 2305 1489 2388 ίιροκρ-

323 2409 390 2490 γίας
405 2400 546 2482 οόςαύτως
561 2407 684 2482 ἕκαστος
701 2407 763 2494 ἰδίμ
779 2406 911 2471 ἐπετέλει.
1569 2451 1570 2482 z

202 2546 252 2592 ρις.
265 2533 311 2580 ιιι.
412 2509 527 2573 Γίνεται
547 2508 579 2574 δέ
597 2509 714 2593 Πέτρον
730 2513 932 2594 μαρτυρῆσαι,
955 2508 1005 2571 καλ
1024 2503 1180 2588 έτελειόθη
1202 2501 1220 2570 ό
1238 2505 1402 2593 μακάριος,
1424 2507 1490 2575 διά-
1569 2493 1570 2512 ¹

323 2615 414 2695 δοχον
428 2615 609 2692 καταλείψας
624 2608 814 2694 Ἀλέξανδρον
838 2611 871 2675 ἐν
890 2616 928 2697 τῇ
947 2609 1159 2696 Ἀλεξανδρείᾳ.
1202 2605 1306 2684 Λύτός
1319 2608 1377 2696 γάρ
1391 2613 1488 2677 διειδέ»

325 2739 404 2797 χεται
421 2711 473 2779 τόν
496 2713 611 2798 θρόνον
635 2711 707 2796 μετά
730 2711 784 2777 τόν
803 2711 1017 2797 προειρημένον
1036 2711 1160 2795 Πέτρον.
1206 2711 1363 2793 Μελήτιος
1383 2712 1416 2779 δέ
1438 2715 1489 2779 καί

324 2814 406 2882 άλλοι
422 2814 525 2880 πολλοί
549 2817 694 2903 ἐξορισμρῖ
716 2811 880 2894 ύπέπεσον,
909 2810 1156 2897 ύπερορισθέντες
1177 2815 1209 2878 έν
1230 2822 1293 2889 τοῖς
1312 2819 1491 2898 Φαινηαίοις

323 2915 480 2999 μετάλλοις.
527 2919 587 2980 Καί
606 2913 671 2981 τότε
687 2904 795 2982 λοιπόν
814 2917 846 2981 οί
862 2913 1021 3000 δυρόμενοι
1042 2911 1126 2990 ὄντες
1142 2912 1322 3000 όμολοχηταί
1340 2915 1405 2999 άμα
1423 2925 1491 2983 Με-

322 3023 425 3108 ίητίρι,
447 3021 498 3094 καί
515 3015 605 3094 αότός
624 3017 778 3101 Μελήτιος
794 3019 826 3082 ἐν
844 3025 880 3107 τῇ
898 3019 997 3106 εἰρκτῇ
1013 3013 1089 3080 κατά
1105 3014 1161 3100 τήν
1181 3013 1397 3104 8όδοιττορίιτν,
1420 3017 1491 3085 καθ’

322 3120 449 3204 έκάστην
473 3119 573 3207 χάραν
598 3123 649 3186 καί
671 3117 743 3184 καθ’
767 3122 892 3184 ἕκαστον
909 3117 1003 3185 τόπον
1028 3117 1216 3204 διερχόμενος
1239 3124 1372 3185 καθίστα
1393 3129 1493 3208 κληρι-

322 3222 409 3304 κούς,
433 3223 616 3299 ἐπισκόπους
631 3247 661 3288 τε
679 3225 731 3287 καί
747 3222 964 3306 πρεσβυτέρους
986 3221 1038 3286 καί
1059 3218 1233 3302 διακόνους,
1263 3223 1315 3286 καί
1339 3219 1493 3310 ρι’κοδόμει

323 3327 478 3407 ἐκκλησίας
492 3327 583 3402 ἰδίας,
606 3326 657 3389 καί
672 3322 742 3390 οότε
760 3315 845 3389 οὗτοι
855 3321 981 3398 τούτοις
995 3320 1189 3403 ἐκοιντόνουν,
1211 3319 1279 3387 ούτε
1293 3326 1411 3392 ἐκεῖνοι
1424 3326 1493 3391 τυκί-

322 3451 392 3502 τοις.
434 3423 624 3511 Ἐπέγραφον
648 3427 680 3491 δέ
706 3428 829 3502 ἕκαστος
850 3427 881 3491 έν
903 3451 940 3515 τη
959 3426 1020 3513 ἰδία
1043 3426 1196 3512 ἐκκλησία,
1225 3428 1259 3490 οί
1279 3426 1370 3506 μέν’
1351 3427 1420 3494 από
1440 3455 1494 3496 τοτ
1567 3409 1568 3442 ³

325 3529 443 3614 Πέτρου
459 3524 662 3610 διαδεξόμενοι
680 3531 795 3610 ἔχοντες
815 3525 868 3604 τάς
891 3524 983 3602 ούσας
1006 3524 1129 3626 άρχαίας
1155 3527 1351 3608 ἐκκλησίας”
1332 3553 1401 3610 οτι,
1428 3528 1495 3596 ⁹&-

322 3635 427 3714 κληοία
442 3629 606 3713 καθοίικη,
628 3634 661 3696 οἰ
676 3627 743 3696 δέ’
724 3655 783 3695 απο
776 3629 971 3712 Μελητίου,
993 3611 1148 3711 Ἐκκλησία
1164 3626 1345 3715 Μαρτύρων.
1387 3631 1495 3698 Ὅθεν

322 3735 373 3798 καί
396 3735 428 3797 έν
446 3731 692 3820 Ἐλευθεροπόλει
715 3734 763 3796 καί
789 3734 822 3799 ἐν
839 3731 918 3822 Γάῐη
940 3733 993 3796 καί
1014 3733 1045 3796 ἐν
1061 3733 1153 3819 Αἰλίιγ
1175 3729 1376 3817 παρελθτίν’
1354 3759 1374 3798 ο
1399 3733 1495 3812 αὐτάς

324 3833 476 3917 Μελήτιος
490 3832 619 3910 πολλούς
633 3859 730 3909 ουτως
749 3832 955 3920 ἐχειροτόνησε.
1002 3836 1063 3898 Καί
1081 3795 1198 3919 γέγόνεν
1220 3831 1313 3898 αὐτόν
1333 3861 1495 3924 χρυκοτρι-
1566 3841 1567 3844 ’

321 3943 413 4021 βῆσαι
431 3939 463 4002 ἐν
479 3947 541 4013 τοῖς
557 3937 783 4022 προειρημένοις
798 3935 956 4020 μετάλλοις.
999 3932 1083 4000 Ἀλλά
1101 3933 1210 4017 μεταξύ
1226 3934 1417 4002 ἀπολύοντα
1436 3949 1495 4006 εὖτ

322 4038 468 4120 μετάλλων
481 4041 512 4104 οί
526 4036 720 4123 όμολογηταί,
743 4042 777 4106 οί
789 4063 821 4103 τε
835 4045 890 4104 τοῦ
906 4039 1018 4123 μέρους
1037 4038 1155 4123 Πέτρου
1173 4030 1262 4120 (ἦσαν
1274 4036 1331 4124 γάρ
1353 4039 1401 4106 ἐτι
1423 4049 1492 4108 ιταλ-

323 4141 380 4222 λοί)
402 4143 452 4206 καλ
471 4144 502 4205 οί
517 4147 570 4206 τοῦ
586 4146 748 4224 Μελητίου,
796 4138 872 4206 Ούτε
887 4138 943 4227 γάρ
960 4141 992 4208 έν
1007 4147 1069 4214 τοῖς
1083 4137 1235 4222 μετάλλοις
1256 4137 1399 4223 α’λλήλοις
1416 4145 1492 4211 ἐνιστ-

359 4327 418 4379 Cn.
437 4331 536 4380 nL-
573 4331 595 4382 l.
615 4333 744 4383 comorius
760 4334 827 4381 υττίιί
861 4329 887 4382 αἱ
920 4347 1044 4411 αοοοιιιμι
1030 4329 1121 4381 αιτιοι
1129 4339 1196 4390 suut
1213 4328 1291 4380 etim
1305 4339 1420 4398 propter
1428 4345 1491 4383 tun

322 4396 399 4446 εατιιιί
423 4395 455 4446 αδ
473 4396 571 4447 οτὶοιιίιι
550 4413 683 4466 ειοιιετιιρ
685 4417 727 4450 τοο
751 4347 886 4449 ἰαιίιτοίίέἰ-
920 4397 989 4466 poris
1021 4413 1116 4448 moram
1148 4397 1264 4464 μετέσσυτο
1298 4398 1492 4451 subvertatur.

322 4471 376 4513 ιτιτ
398 4481 428 4514 ια
452 4463 543 4514 infirmi
544 4474 596 4517 τοτα
582 4417 755 4520 ακδιαίνοίο
772 4465 885 4520 concussi
917 4469 1033 4531 Εριιιδττιι
1046 4471 1104 4532 puto
1116 4467 1242 4520 διίτκδανι
1263 4479 1312 4519 m
1328 4473 1492 4533 W·-
