3128 4930
328 241 389 306 1⁶8
752 253 1061 306 ειαοτιαειειιιαιι

327 373 380 438 καί
397 371 465 450 ένα,
488 368 529 454 μή
545 368 603 456 δρα
619 371 762 457 παρέλιπε
776 368 829 436 τόν
842 368 976 457 οἰριθμόν
991 378 1044 454 τῆς
1060 369 1192 456 τριόδος,
1214 369 1318 455 έπειδή
1333 368 1391 438 οῦκ
1409 367 1485 436 οένό-

330 495 403 557 μασε
418 470 451 538 τό
468 471 552 559 ἅγιον
567 479 694 555 πνεῦμα.
738 469 904 556 Ὀνομιῖσας
917 471 974 560 γοίρ
993 475 1106 558 πατέρα
1120 475 1172 539 καὶ
1188 473 1256 540 υἱόν
1271 472 1347 541 θεόν
1365 475 1419 539 καὶ
1434 469 1486 538 κέν

326 601 410 662 ριον,
431 577 463 640 ἰν
477 574 620 658 πνεόματι
635 571 710 664 οἰγίιμ
727 572 887 658 ἠνόμασεν.
935 573 980 640 Οῦ
997 573 1053 661 γοίρ
1077 573 1180 658 έπειδή
1203 573 1299 656 εἰπεν,
1322 572 1380 653 Εἰς
1401 573 1486 654 θεός,

329 680 396 761 περὶ
413 676 540 763 πατρός,
563 680 593 756 ἰξ
612 669 650 744 οὗ
666 675 703 742 τό
720 676 830 758 πάντα,
852 676 1001 764 ἠρνήσατο
1019 675 1110 743 αῦτδν
1126 675 1159 744 τό
1181 675 1254 744 εἰναι
1270 677 1392 765 κόριον,
1416 675 1488 743 οῦδὲ

323 779 419 848 πόλιν
438 778 540 864 έπειδή
560 779 641 860 εἰπε,
664 782 726 846 Kal
742 776 785 856 εἰς
804 779 909 864 κύριος
923 779 1042 863 Ἰησοῦς
1059 779 1202 868 Χριστός,
1223 780 1372 867 ἠρνήσατο
1395 778 1489 846 αῦτόν

327 881 361 949 τό
378 879 453 949 εἰναι
468 881 556 948 θεόν·
579 881 649 948 οἰλλδ
667 881 806 969 καθάπερ
823 885 873 948 ἰπὶ
889 887 931 972 τρῖ
944 885 1035 966 πατρλ
1051 880 1185 969 ἠρκέσθη
1201 885 1251 949 έπί
1269 891 1305 974 τή
1323 881 1402 973 μόνῃ
1420 881 1488 948 όνσ-

329 990 436 1074 ματέρι,
457 987 563 1072 λέγων,
587 981 646 1061 Εἰς
659 985 749 1063 θεός,
771 984 825 1050 σῦν
847 986 881 1050 δέ
898 991 939 1074 τῷ
963 983 1039 1061 Θεός
1061 985 1196 1068 δηλονότι
1218 987 1278 1052 ἰστί
1294 989 1344 1052 καὶ
1361 984 1488 1070 Κύριος,

229 1149 231 1154 ,
329 1088 408 1156 οῦτω
429 1091 480 1154 καί
503 1089 552 1154 ἒπί
572 1094 613 1177 τῷ
636 1091 693 1178 οἰῷ
714 1085 848 1175 ἠρκέσθη
870 1085 944 1167 Ιτό,
972 1085 1030 1164 Εἰς
1052 1087 1170 1173 κύριος,
1197 1086 1253 1154 σῦν
1270 1089 1303 1154 δὲ
1321 1095 1401 1178 θεῷ,
1431 1083 1490 1164 Εἰς

327 1190 447 1277 κύριος,
469 1189 583 1257 σῦνεστι
601 1193 653 1256 καί
675 1190 709 1256 τό
733 1189 816 1267 Θεός.
859 1191 967 1278 Λέγονν
987 1183 1042 1256 οῦν
1065 1193 1133 1276 περὶ
1150 1189 1265 1276 πατρός
1282 1193 1336 1256 καὶ
1357 1193 1430 1255 νέοῦ
1451 1187 1489 1254 οῦ

333 1300 473 1376 ’κοῦφος
485 1284 525 1376 ἠν
543 1290 603 1359 dud
622 1292 789 1377 πνεύματος
805 1289 907 1378 ἆγίου,
930 1290 1001 1358 όλλιί
1016 1295 1048 1358 έν
1064 1291 1208 1378 πνεόματι
1223 1289 1313 1382 ἆγέητ,
1337 1289 1379 1369 σός
1398 1293 1488 1375 έφτγν,

193 1407 317 1484 ,μυ-Η
332 1398 502 1484 ἰφθέγγετο.
532 1399 638 1462 Εἰωθε
651 1397 683 1461 δέ
696 1393 742 1472 αἐἰ
755 1395 789 1462 τό
805 1394 892 1482 όίγιον
904 1403 1021 1480 πνεῦμα
1032 1393 1071 1462 οῦ
1084 1395 1223 1462 ον’στασιν
1235 1397 1344 1478 έαυτοῦ
1358 1393 1488 1461 4ποιοτέ

331 1523 436 1584 μενον,
458 1502 510 1564 ἵνα
525 1496 566 1582 μή
582 1495 654 1583 ἡμῖν
668 1484 866 1584 ῦπογραμμόν
880 1497 968 1588 δόσει
988 1505 1042 1564 τοῦ
1058 1501 1124 1583 περί
1141 1499 1255 1564 έαυτῦν
1272 1499 1322 1563 κοιλ
1337 1494 1420 1580 ἠμῦς
1436 1495 1489 1581 τήν

332 1601 473 1668 σῦστασιν
490 1601 686 1686 ποιήσασθαι.
720 1599 801 1687 ’Ἆρα
821 1592 877 1667 οὖν
896 1597 938 1678 εἰς
953 1599 1027 1678 θεός
1044 1598 1063 1667 ό
1079 1599 1193 1687 παεήρ,
1216 1593 1301 1680 ἰξοῦ
1322 1597 1358 1665 τό
1380 1599 1488 1680 πάντα,

331 1707 383 1772 καλ
402 1700 446 1781 εἰς
463 1702 567 1791 κόριος
585 1701 704 1787 Ἰησοῦς
722 1701 866 1791 Χριστός,
888 1701 925 1769 δι’
941 1695 979 1768 οῦ
994 1701 1031 1768 τοί
1046 1701 1158 1784 πάντα,
1180 1701 1202 1786 ἠ
1220 1701 1257 1771 δι’
1274 1702 1309 1769 δν
1324 1701 1362 1770 τό
1379 1702 1488 1782 πάντα,

332 1810 384 1874 καὶ
405 1809 440 1872 ἓν
461 1805 493 1873 ιδ
519 1806 606 1893 ἅγιον
628 1813 759 1890 πνεῦμα,
787 1803 842 1872 οῦκ
864 1803 1016 1892 ἀλλότριον
1038 1813 1131 1886 θεοῦ,
1160 1805 1361 1872 έννπόσιατον
1385 1807 1419 1871 δέ
1442 1803 1488 1884 δν,

331 1909 409 1975 διότι
432 1914 548 1991 πνεῦμα
570 1915 663 1990 θεοῦ,
684 1911 737 1976 καλ
757 1915 874 1991 πνεῦμα
898 1905 1054 1992 οἰληθείας,
1075 1909 1126 1975 καλ
1147 1916 1266 1992 πνεῦμα
1284 1906 1416 1995 πατρός,
1439 1907 1491 1974 καί

331 2018 446 2096 πνεῦμα
470 2017 609 2098 Χριστοῦ.

418 2221 460 2284 Εἰ
480 2219 519 2283 δέ
535 2219 602 2302 περί
623 2225 694 2298 τοῦ,
720 2213 900 2282 Ἐκοπίασεν
917 2220 1072 2303 Αἰγυπτος
1094 2218 1146 2283 καί
1170 2219 1297 2303 ἰμπορία
1315 2214 1491 2295 Αἰθιόπων,

337 2323 413 2387 1καλ
430 2324 462 2388 οἰ
479 2321 616 2404 Σαβαείμ
639 2317 744 2405 ἄνδρες
766 2315 879 2402 ῦψηλολ
896 2320 946 2384 έπλ
969 2321 1001 2384 οἰ
1021 2318 1230 2403 διαβήσονται,
1253 2320 1304 2385 καλ
1321 2325 1419 2400 θεοῦ,
1443 2317 1492 2384 Σιί

332 2421 393 2489 εἰό
409 2421 499 2503 θεός,
521 2425 570 2489 καί
588 2421 644 2489 οῦκ
663 2419 797 2512 ᾔδειμεν,
819 2426 870 2486 καί
885 2442 935 2487 σοι
950 2424 1052 2490 δοῦλοι
1071 2424 1187 2489 ἔσονται
1193 2473 1202 2503 ,
1223 2424 1275 2487 καί
1291 2421 1492 2506 πορεύσονται

332 2525 428 2592 όπέσω
444 2548 499 2592 σον
514 2527 664 2609 δεδεμένοι
677 2526 877 2613 χειροπέδατς,
898 2525 950 2588 καί
966 2526 999 2590 έν
1014 2528 1060 2591 σολ
1078 2524 1303 2611 προςεῦξονται,
1326 2523 1373 2592 ὅτι
1389 2527 1422 2591 έν
1442 2527 1491 2590 σολ

332 2626 407 2704 θεός
423 2630 497 2708 ἐστι,
519 2630 569 2694 καλ
588 2625 644 2694 οῦκ
663 2629 724 2692 ἰοτι
740 2625 814 2704 θεός
829 2625 906 2710 πλήν
929 2649 999 2692 σου·
1026 2625 1064 2692 σιλ
1080 2625 1137 2715 γὰρ
1161 2624 1190 2694 εἰ
1209 2625 1229 2693 ό
1248 2625 1336 2706 θεός,
1358 2629 1411 2692 καί
1434 2625 1491 2694 οὖν

251 2731 253 2736 ’
334 2729 466 2822 ᾔδειμεν,
489 2726 596 2807 όθεδς
609 2736 663 2794 τοῦ
680 2726 799 2815 Ἰοραήλ
815 2725 929 2816 σωτήρ,
960 2726 1022 2813 Οῦχ
1043 2726 1132 2818 δρᾷς,
1154 2731 1261 2813 φησλν,
1283 2728 1330 2796 ότι
1351 2725 1396 2805 εές
1414 2729 1493 2805 θεός

333 2836 425 2910 έστιν,Ι
453 2829 511 2897 Ἐκ
533 2830 757 2898 τῶντοιούτων
779 2829 836 2918 γδρ
861 2835 975 2916 έητῦν,
999 2828 1041 2907 οἷς
1057 2829 1262 2916 όπεδιίξαμιν,
1291 2829 1330 2897 οῦ
1352 2839 1437 2897 νοῦν
1457 2829 1492 2897 τό

334 2936 484 3020 εἰρημένα,
508 2931 579 3000 όλλοί
596 2933 773 3021 πανοῦργος
789 2934 976 3021 περικόπτων
993 2932 1046 3011 τοίς
1059 2932 1194 3021 γραφεὶς,
1215 2933 1286 3013 λσξοί
1300 2935 1353 3018 μέν
1368 2933 1493 3020 διηγοῦ·

332 3063 439 3122 μενος,
465 3033 700 3123 οἰνθνπερβότιις
724 3037 757 3102 δέ
778 3036 902 3122 εἰςόγοιν
922 3035 993 3114 τοῦς
1015 3035 1137 3122 λόγους,
1164 3035 1220 3104 οῦκ
1241 3035 1416 3113 ἀκολούθως
1439 3039 1492 3103 καί

333 3143 402 3225 πιρλ
419 3139 499 3206 πόδα
517 3143 693 3228 φθέγγεται,
720 3136 788 3204 οῦτε
807 3137 880 3204 καθ’
903 3137 1005 3225 εἰρμόν
1026 3143 1169 3227 δνηγεῖτοιι
1189 3136 1208 3206 ό
1226 3135 1345 3224 Νοητός
1364 3137 1388 3222 ἠ
1407 3142 1442 3204 οἰ
1463 3143 1493 3218 ἐξ

334 3240 428 3308 αὐτοῦ
445 3247 612 3326 Νοητιανοί
634 3249 763 3309 νοοῦσιν.
797 3240 912 3322 Ὥςπερ
934 3267 966 3328 γε
988 3251 1072 3332 κακρΐι
1097 3245 1165 3308 ιιυνί
1188 3239 1284 3324 ὄνομα
1304 3243 1410 3322 Λέων,
1440 3243 1493 3308 καλ

333 3343 405 3422 τοῦς
426 3347 501 3430 μηδέ
524 3344 617 3423 ὄντος
641 3344 772 3432 δρῶντας
796 3351 920 3410 καλοῦσι
939 3343 1032 3410 πολλοὶ
1054 3347 1232 3429 βλέποντας,
1258 3346 1310 3411 καί
1329 3341 1384 3420 τοίς
1403 3343 1494 3428 χολιίς

332 3452 469 3536 γλυκείας
483 3447 648 3532 φάσκουσι,
670 3450 721 3514 καί
736 3445 769 3513 τό
788 3445 855 3525 ὅξος
871 3448 935 3530 μέλι
949 3447 1025 3525 τινές
1040 3447 1246 3532 ἐπωνόμασαν,
1268 3448 1319 3513 καί
1333 3445 1387 3524 τοίς
1398 3445 1494 3532 Ἐριν-

334 3551 408 3628 νῦας
423 3549 593 3634 Εῦμενίδας
609 3551 686 3628 τινές
702 3548 913 3633 ἐπωνόμασαν,
935 3549 1015 3616 οὕτω
1033 3553 1085 3616 καί
1101 3543 1191 3627 οὗτος
1213 3546 1312 3616 καίοέ
1325 3547 1375 3614 ἄπ’
1397 3549 1494 3617 αὐτοῦ

336 3659 459 3738 Νοητοῦ
482 3655 556 3737 έχων
579 3651 675 3738 ὄνομα
698 3651 826 3735 οἰνόητος
849 3648 972 3735 ῦποὶρχει
994 3655 1045 3718 καί
1066 3657 1097 3720 οἰ
1116 3657 1146 3733 έξ
1168 3651 1262 3722 αῦτοῦ
1285 3651 1493 3736 οἰνοητοῦντες,

332 3757 408 3839 μηδὲ
423 3755 500 3834 ὅλως
513 3755 568 3840 τήν
583 3754 765 3823 αἰισλονθέαν
781 3747 825 3820 οἷν
843 3753 1017 3836 8φοίσκονσι
1033 3758 1084 3822 καὶ
1102 3747 1144 3822 οἷν
1158 3754 1374 3843 προβάλλονται
1387 3763 1495 3822 νοοῦν·

334 3883 397 3939 τις,
420 3857 462 3937 σός
475 3861 526 3926 καί
545 3866 735 3945 πληροῦσθαι
751 3855 797 3924 ἐπ’
811 3853 921 3934 αῦτοδς
935 3855 969 3923 τό
985 3859 1139 3944 εἰρημένον
1155 3856 1215 3924 όπό
1238 3864 1293 3924 τοῦ
1312 3853 1401 3943 όγίον
1419 3854 1491 3924 εἰπε·

336 3959 458 4043 στόλον,
481 3965 571 4048 Μήτε
585 3962 733 4048 δίλέγουσι
750 3966 903 4043 νοοῦντες,
926 3958 999 4044 μήτε
1012 3963 1081 4047 περὶ
1095 3966 1182 4028 τίναν
1199 3964 1450 4044 διαβεβαιοῦνται.

369 4220 430 4273 (λιν.
449 4221 478 4272 V.
502 4249 536 4263 -
579 4223 602 4276 1.
627 4225 739 4274 Patavina
764 4225 896 4286 suspicatus
962 4217 989 4273 λ.
1009 4223 1121 4274 Ρελουίια
1138 4223 1270 4285 auspicatus
1287 4225 1320 4272 ιιι
1335 4225 1426 4276 ποιεῖν.

335 4293 369 4340 ειί
384 4289 432 4358 τῷ.
964 4289 1024 4342 (λιιι.
1041 4291 1082 4340 vl.
1101 4319 1135 4330 —
1171 4294 1192 4342 1.
1214 4288 1259 4342 καὶ
1274 4303 1321 4340 στα.
1337 4292 1394 4341 libri
1414 4291 1491 4354 ναίςο.

370 4356 397 4410 2.
417 4360 490 4424 λἰἰγο
506 4353 547 4412 τό.
928 4359 1009 4410 λιλλεει·
1023 4370 1078 4410 vero
1094 4373 1148 4411 αιιιι
1162 4361 1232 4410 ελλσιιι
1248 4373 1325 4422 ιαγτο
1340 4372 1396 4422 ιαμ.
1410 4359 1435 4410 2
1451 4372 1494 4408 ια-

366 4423 392 4479 3.
410 4430 447 4498 λιι
464 4422 572 4494 κωφδςί
928 4430 979 4478 λοτε
994 4427 1105 4479 viderem.
