3168 4942
378 231 515 283 rauaau
532 231 595 283 ura.
610 233 642 284 rr.
659 229 1015 282 remuneratorius.
1142 264 1144 268 .
1220 213 1281 276 tra

119 351 257 416 ‹lo-inus
275 351 391 416 renum
408 351 603 429 concederet,
627 350 676 436 qui
694 371 752 414 nou
769 349 796 413 id
811 350 1033 428 affectaremus,
1059 357 1091 412 ut
1106 345 1280 425 divinitatis,

119 475 197 542 qaae
218 453 365 539 praesidio
381 464 485 516 nosue
502 474 536 516 ac
554 453 776 516 confirmatione
792 473 851 516 unu
869 463 954 535 eget,
979 449 1172 535 patrocinium
1186 448 1282 514 sosoi·

119 575 271 640 per-emus.
317 551 378 619 Sed
396 555 530 619 nimirem
558 557 593 618 de
619 553 726 620 divinia
748 554 837 618 rebus
861 553 909 638 pie
932 553 1010 637 loqui
1034 573 1070 616 ac
1090 551 1203 616 sentire
1226 571 1282 614 noe

121 668 257 744 oportet,
282 677 319 720 ue
340 657 468 740 pessime
491 677 658 742 pereamus.

208 756 405 842 Quamobrem
426 759 603 843 respondete
628 779 739 842 quaeso
760 757 864 835 uobis,
896 756 962 820 Arii
983 757 1114 822 fautores
1138 775 1173 820 ao
1192 755 1280 820 disei-
1309 761 1399 880 Lclpph

123 861 197 947 poli,
214 883 280 924 cum
296 861 457 943 ingenitum
475 882 626 945 exaequo
644 871 756 946 patrem
772 881 875 924 omues
888 859 1110 942 increatumque
1125 859 1280 938 latemur,
1400 865 1407 879 '

120 964 219 1047 sitque
239 963 418 1026 admirabilis
442 963 491 1026 illa
517 964 649 1048 prolecto
667 963 772 1040 dictio,
805 962 921 1026 ubinam
946 970 991 1024 est
1018 959 1129 1044 scripto
1150 961 1284 1028 nomina·

120 1066 174 1129 tim
194 1067 360 1149 expressa?
381 1062 521 1129 Prolerte
538 1067 652 1143 locum,
676 1065 703 1127 si
716 1065 851 1149 potestis.
885 1061 993 1147 Neque
1009 1063 1087 1126 enirn
1106 1073 1157 1126 aut
1171 1063 1200 1124 iu
1217 1062 1283 1146 lege

120 1177 386 1244 commemoratur,
411 1177 462 1231 eut
482 1167 556 1251 apud
578 1167 753 1251 propbetas,
776 1177 825 1230 ent
846 1167 875 1229 in
893 1166 1068 1248 evaugelio,
1092 1175 1143 1228 ent
1160 1164 1192 1227 iu
1213 1185 1284 1250 apo·

120 1269 264 1333 stolorum
281 1269 407 1352 denique
424 1268 623 1334 monimentis.
670 1267 756 1352 Quod
773 1269 798 1332 si
816 1268 988 1334 uocabulum
1007 1267 1123 1351 aliquod
1140 1286 1282 1351 nusquam

119 1371 239 1457 seriptis
264 1389 438 1454 expressum
467 1391 609 1456 usurpare
629 1373 715 1451 licet,
752 1373 838 1455 itque
865 1382 984 1456 propter
1008 1369 1136 1434 aliviuaru
1159 1368 1282 1453 glorians

120 1483 292 1556 usurpatum
310 1473 524 1557 amplectuutur
538 1494 642 1538 omues
658 1485 688 1537 et
704 1474 883 1558 approbant,
909 1472 974 1556 qais
994 1493 1048 1535 uos
1064 1490 1205 1535 scemate
1221 1491 1284 1536 tne-

120 1576 181 1639 rito
206 1575 314 1658 possit,
346 1575 371 1636 ei
390 1594 455 1638 oum
481 1595 542 1638 vox
562 1575 610 1640 illa
635 1574 894 1639 consubstantialis
919 1573 1020 1638 nullibi
1040 1575 1150 1638 diserte
1172 1573 1282 1658 scripte

120 1677 285 1753 rideretur,
310 1697 365 1740 uos
381 1677 523 1741 eiusmodi
538 1677 713 1742 vocabulum
729 1676 920 1760 excogitasse
938 1676 1115 1753 diceremus,
1139 1693 1192 1761 per
1206 1676 1283 1758 qnod

119 1778 281 1844 salutarem
308 1778 488 1856 doctrinam,
521 1779 556 1842 ab
576 1779 654 1842 omui
682 1777 812 1864 periculo
836 1778 948 1842 erroris
972 1779 1129 1842 immunem
1153 1775 1283 1862 profiteri

121 1882 298 1966 possemus?
344 1877 454 1944 Verum
473 1880 507 1944 ad
526 1881 603 1963 pium
622 1882 702 1944 illum
725 1880 955 1964 religiosumque
978 1901 1098 1944 seusum
1119 1879 1284 1965 scripturae

121 1984 245 2066 insuper
266 1981 458 2046 auctoritates
480 1983 643 2061 accedunt,
675 2005 741 2046 cum
758 2005 776 2047 a
796 2003 842 2046 me
860 1992 1107 2046 commemoratae
1127 1981 1282 2060 hacteuus,

120 2094 183 2148 tum
198 2084 364 2168 complures
380 2084 466 2148 aliae.
514 2081 573 2148 Sed
598 2085 653 2147 iam
678 2084 714 2146 ab
736 2084 821 2148 buius
843 2082 899 2148 loci
924 2085 1097 2148 tractatione
1121 2083 1281 2161 discedam,

118 2199 153 2251 ut
169 2188 204 2249 ad
219 2185 293 2249 alias
312 2184 475 2270 scripturae
491 2187 654 2250 sententias
672 2196 701 2248 et
718 2199 890 2270 argumenta
908 2185 1090 2250 discutienda
1113 2207 1159 2248 me
1182 2187 1282 2250 conle-

120 2309 205 2366 ram,
229 2307 302 2370 quas
324 2287 406 2351 velut
427 2287 583 2351 illecebras
606 2287 725 2350 rudibus
748 2309 783 2352 ac
805 2288 986 2372 simplicibus
1009 2288 1161 2352 obiiciunt.

210 2388 326 2452 Etenim
344 2391 422 2452 iuter
438 2389 495 2452 alia
516 2408 668 2452 sacrarum
685 2390 834 2453 literarum
852 2389 1038 2468 testimonia,
1063 2410 1137 2474 quae
1153 2409 1192 2452 ex
1210 2410 1281 2474 apo·
1306 2379 1402 2496 BQ

119 2492 200 2558 stolo
216 2503 247 2556 et
263 2491 478 2574 evangeliis'ad
492 2511 576 2556 saum
594 2512 713 2556 sensum
731 2492 890 2574 depravata
908 2511 941 2554 ac
959 2511 1111 2576 perperam
1132 2491 1281 2556 intellecta
1404 2484 1410 2496 '

122 2596 289 2680 proterunt,
314 2595 369 2661 boc
384 2594 505 2678 iusuper
521 2615 561 2658 ex
579 2593 713 2678 apostolo
734 2593 818 2656 uobis
838 2591 997 2670 obiiciant,
1021 2595 1096 2678 quod
1113 2594 1143 2658 in
1159 2594 1284 2680 epistole

122 2696 160 2758 erl
182 2691 354 2760 Corinthios
371 2697 490 2781 legitur,
516 2696 563 2762 ubi
582 2697 617 2759 de
635 2706 817 2760 mortuorum
835 2695 1054 2766 resurrectione
1072 2695 1216 2780 disputat3
1241 2696 1286 2762 ein

121 2797 202 2860 eninr
220 2796 366 2879 loquitur:
390 2802 497 2860 deinde
505 2801 581 2880 finis
598 2820 661 2860 cuna
679 2801 832 2860 audeberti
852 2817 972 2877 regnam
989 2801 1040 2860 deo
1057 2811 1087 2861 et
1098 2804 1196 2880 μένε’,
1219 2821 1284 2862 cam
1298 2793 1406 2903 ¹5⁰&

120 2903 301 2960 &struxerit
323 2919 428 2960 amaena
447 2905 656 2980 minoritatem,
688 2911 718 2961 et
734 2921 841 2962 emnem
861 2911 1046 2978 potestatem,
1077 2923 1112 2962 uo
1132 2907 1281 2978 attituletur

120 3011 235 3082 oportet
250 3005 322 3065 entia
340 3005 430 3082 ι’ρειιηι
445 3021 585 3080 regnare,
611 3005 698 3064 donee
707 3012 799 3082 ponat
813 3023 908 3064 omres
927 3006 1055 3066 abrmr'oos
1073 3026 1140 3066 eaor
1161 3007 1214 3066 sub
1232 3027 1283 3085 pe-

119 3103 205 3166 uitur
220 3107 299 3164 surb:
330 3107 498 3164 arceamus
522 3107 653 3166 saeuum
674 3107 839 3168 destruetur
853 3125 938 3166 mora.
987 3101 1063 3169 Cana
1084 3117 1180 3170 aulem
1201 3105 1282 3183 dicit,

120 3203 303 3268 subiicienda
321 3203 370 3268 illa
388 3205 497 3284 omnia,
522 3206 709 3270 manifestum
727 3216 773 3268 est
788 3225 854 3270 cuna
871 3205 969 3292 excipi
987 3206 1035 3291 qni
1054 3207 1214 3272 subiecerit
1229 3207 1283 3292 ipsi

120 3306 233 3370 omnin.
281 3310 349 3368 Cum
365 3308 599 3368 caementatam
617 3314 646 3370 οἱ
659 3311 772 3390 suerrirt
785 3313 894 3381 amab,
920 3321 987 3370 tarro
1001 3321 1031 3370 et
1045 3313 1200 3391 rpaefila'ue
1217 3311 1284 3372 aab·

119 3412 236 3470 dautur
250 3413 280 3470 ei
291 3413 343 3489 qui
356 3410 416 3470 eibi
425 3410 543 3471 eubri'cr't
555 3415 664 3484 omurb,
690 3423 723 3472 nt
734 3415 775 3472 sr't
785 3415 855 3473 deur
870 3415 963 3474 amaia
975 3416 1005 3472 iu
1021 3413 1158 3474 omnebus.
1196 3409 1283 3476 Hunc

121 3529 196 3592 ergo
223 3510 318 3572 lacum
346 3511 507 3595 arripiunt,
540 3521 570 3574 et
588 3532 642 3595 pro
661 3533 698 3576 eo
718 3533 754 3576 ac
779 3523 1000 3577 consueverunt
1027 3523 1146 3599 propter
1163 3512 1284 3578 insitum

119 3613 152 3674 in
173 3611 218 3674 dci
236 3611 325 3674 lilium
341 3611 439 3676 odium
462 3613 605 3677 adversus
627 3613 865 3700 inexplicabilem
883 3633 919 3680 ao
935 3613 1115 3698 magnificam
1141 3614 1219 3678 illins
1242 3615 1284 3678 tli-

120 3712 275 3779 uiuitatem
293 3725 480 3798 comparant,
504 3715 686 3794 incredibili,
712 3729 743 3780 ut
759 3737 848 3802 saepe
864 3715 971 3780 aliatum
989 3727 1054 3794 est,
1079 3717 1195 3780 insania
1216 3735 1283 3801 per·

120 3813 184 3878 otu.
216 3811 269 3880 Sic
283 3816 375 3900 igitur
389 3815 548 3880 obiiciunt:
573 3815 705 3882 Videsne
720 3839 804 3903 quam
819 3818 932 3884 diserte
945 3819 1034 3898 dieat,
1059 3824 1128 3881 Cum
1140 3830 1283 3900 pmtremo

121 3921 276 3980 madebant
287 3939 407 3998 regnum
426 3924 476 3982 deo
485 3925 583 4002 pem',
608 3941 671 3982 cum
687 3925 865 3984 destracerr‘t
881 3942 988 3984 omnem
1001 3933 1168 4001 potestatem
1184 3932 1215 3982 et
1224 3924 1282 3982 oti·-

121 4031 227 4082 mam:
261 4033 374 4100 oportet
392 4027 464 4084 enim
481 4027 571 4103 speum
589 4043 729 4102 regnare,
755 4024 842 4084 coneo
859 4034 950 4102 ponat
969 4045 1063 4086 omnes
1081 4026 1209 4084 abtina'eos
1229 4024 1282 4084 aab

118 4207 683 4329 caelaratcelarat?
751 4240 775 4292 2·
793 4205 997 4349 Aaron
1024 4239 1101 4306 aaa
1118 4243 1169 4294 a.
1183 4244 1281 4309 m

120 4337 294 4404 σκευάζοντες.
