3154 4930
333 242 470 298 causan
487 235 551 296 tm.
564 233 596 297 ιι.
613 241 694 298 rou.
709 247 742 297 ιι.
760 239 859 298 naen.
876 241 969 302 nxvr.
1171 229 1231 303 481

81 383 113 428 ea
134 385 209 449 qnae
229 365 383 430 laudabilia
399 365 501 430 statuit
517 365 581 451 ipse
599 385 684 451 quam
700 387 775 451 quae
793 369 984 453 vituperanda
1000 381 1104 434 censet
1118 371 1156 435 ad
1171 371 1234 436 lan·

80 468 141 530 dem
160 468 310 545 conferat,
340 468 422 532 velut
439 467 537 532 ebrius
563 479 614 532 out
636 479 734 533 mente
758 480 877 555 captus,
911 469 1017 555 quique
1043 471 1072 534 in
1096 491 1234 538 sermone

79 569 234 634 identidem
254 569 459 634 hallucinatur.
505 567 623 634 Etenim
646 568 799 656 Principes
824 572 908 650 illos,
941 573 988 656 qui
1012 572 1042 636 in
1064 574 1163 639 inllma
1186 597 1235 640 re·

79 671 164 756 pinum
182 673 370 758 tenebrisque
386 682 560 752 versamur,
590 673 667 738 mala
689 691 759 738 esse
783 672 947 738 substantia
966 675 1114 759 praeditos
1135 679 1232 757 docet,

79 795 111 838 ac
134 775 230 838 locum
248 774 341 861 ipsum
362 775 560 860 corruptionis
577 795 644 838 esse
661 775 819 861 proprium.
863 776 955 861 Atqui
981 775 1008 841 si
1033 796 1074 840 ex
1096 778 1150 842 bne
1171 780 1235 865 ipsa

80 878 243 962 corruptela
266 877 512 962 tenebrarumque
538 879 660 962 regione
685 874 813 964 Spiritus
836 899 889 963 per
908 878 967 941 vim
991 875 1146 965 Principes
1168 881 1235 946 illos

79 999 193 1044 sursum
211 980 333 1058 extulit,
363 999 476 1066 poenae
494 980 522 1043 id
543 979 719 1065 infligendae
739 1001 845 1044 caussa
862 981 967 1044 lenisse
986 980 1083 1065 potius
1105 983 1233 1061 videtur,

80 1093 109 1145 ut
133 1083 200 1146 illos
225 1082 309 1146 malis
331 1081 370 1146 iis
402 1103 441 1146 ex
471 1081 590 1146 sentus
620 1093 772 1148 extractos
802 1084 831 1146 in
860 1083 1014 1168 superiora
1045 1086 1233 1149 transierant.

80 1182 180 1268 Quare
194 1185 270 1248 bona
284 1205 352 1249 esse
367 1185 520 1270 superiora
535 1185 606 1248 baec
620 1184 684 1270 ipsa
699 1186 847 1265 desinent,
865 1187 1022 1272 vitalisque
1040 1188 1233 1269 substantiae,

78 1288 128 1351 sed
145 1287 284 1372 deinceps
303 1287 390 1351 morti
412 1287 582 1365 tribuenda,
615 1308 650 1350 ac
669 1288 734 1351 vioe
757 1308 844 1352 versa
860 1289 1003 1354 iuferiora
1029 1311 1088 1354 uon
1112 1291 1235 1376 amplius

78 1389 228 1475 supplicii,
259 1389 311 1454 scd
339 1400 463 1454 naturae
487 1390 638 1454 cniusdam
664 1389 795 1454 melioris
820 1391 1017 1456 conditionem
1044 1391 1234 1474 obtinebuntq

78 1513 141 1556 eum
165 1513 205 1556 ex
230 1511 266 1555 co
284 1492 349 1555 loco
366 1488 513 1578 Spiritus,
538 1513 611 1576 quos
627 1493 663 1555 ad
678 1513 799 1577 poenam
821 1493 937 1557 trabere
957 1490 1109 1579 Principes
1132 1495 1233 1575 vellet,

78 1593 222 1673 indidem,
252 1594 336 1658 velut
354 1615 394 1658 ex
416 1593 550 1658 iucundis
577 1610 613 1657 ac
640 1594 829 1659 familiaribus
854 1596 990 1674 sedibus,
1021 1597 1079 1660 alio
1098 1606 1234 1681 tanquam

77 1697 113 1761 ad
132 1695 265 1782 supplicii
282 1696 379 1762 locum
404 1696 541 1782 puniendi
561 1714 666 1760 caussa
685 1697 879 1761 transtulerit.
924 1695 1040 1762 Deinde
1062 1699 1087 1762 si
1110 1701 1235 1764 mundns

77 1819 93 1862 a
112 1796 226 1885 Spiritu
244 1799 400 1864 fabricatus
419 1809 481 1878 est,
506 1819 628 1883 quanam
648 1799 762 1864 ratione
778 1800 915 1862 mundum
933 1820 1025 1885 negas
1050 1821 1068 1865 a
1090 1802 1145 1865 deo
1167 1821 1235 1887 pro·

76 1903 229 1966 creatnml
271 1899 345 1966 ltem
364 1902 389 1965 si
408 1901 621 1965 firmamentum
639 1898 805 1986 Principum
829 1923 937 1985 corpus
962 1913 1023 1982 est,
1049 1902 1097 1968 eui
1117 1905 1235 1967 taudem

77 2005 160 2068 cruci
177 2001 329 2090 Principes
351 2003 464 2068 affixit?
505 2000 591 2085 Quos
614 2014 645 2068 tu
669 2025 877 2088 nonnunquam
902 2005 932 2067 in
955 2005 1138 2070 firmamento
1158 2007 1236 2070 suffi-

75 2129 134 2172 xos
153 2108 252 2172 doces.
293 2107 376 2171 Alias
394 2106 605 2170 firmamentum
623 2107 718 2192 ipsum
736 2108 904 2170 eorumdem
924 2127 1031 2192 corpus
1048 2127 1115 2172 esse
1134 2108 1236 2172 deien-

76 2211 133 2274 dis.
180 2207 231 2274 Ex
249 2207 353 2293 quibus
369 2217 490 2294 apparet
506 2229 647 2272 summam
671 2209 699 2272 in
718 2209 853 2273 oratioue
873 2221 922 2274 tua
941 2209 1168 2275 inconstantiam
1190 2212 1235 2274 in-

75 2331 163 2389 esse,
196 2331 290 2396 neque
313 2312 465 2396 quicquam
500 2331 566 2375 cum
586 2314 712 2376 veritate
736 2321 966 2376 consentaneum
993 2331 1027 2375 ac
1050 2332 1235 2397 consequens

75 2413 199 2478 babere.
240 2410 341 2496 Quare
355 2435 412 2478 non
432 2425 489 2478 tam
507 2413 591 2478 nobis
608 2413 701 2478 bostis
717 2414 747 2478 in
765 2413 899 2478 omatibus
917 2435 1002 2498 qnam
1020 2413 1071 2476 tibi
1089 2414 1145 2499 ipsi
1163 2415 1236 2498 dog-

74 2516 222 2600 matisque
245 2517 286 2580 tui
309 2515 504 2580 sectatoribus
527 2515 662 2580 iuimicus
684 2515 824 2600 ingruere
845 2515 968 2580 videris.

164 2615 223 2684 Sed
245 2619 313 2683 illud
329 2629 482 2704 praeterea
500 2619 670 2703 prolitetur,
695 2629 883 2704 posteaquam
902 2617 951 2682 illo
969 2617 998 2680 in
1015 2616 1103 2702 globo
1119 2614 1234 2682 Princi-
1262 2607 1353 2728 fflx

74 2741 129 2805 pes
145 2720 177 2784 in
196 2741 312 2786 crucem
336 2721 472 2799 sustulit,
495 2721 593 2785 sidera
615 2721 811 2805 produxisse,
843 2741 917 2806 quae
941 2731 1010 2784 sunt
1028 2719 1145 2783 animae
1165 2717 1235 2784 reli-
1353 2711 1362 2730 ⁹

73 2823 176 2906 quise.
219 2821 292 2888 Non
318 2821 394 2887 enim
418 2822 544 2888 animam
572 2841 640 2886 esse
664 2821 755 2901 dixit,
789 2824 840 2887 sed
860 2825 925 2887 ains
944 2822 1144 2886 tantummodo
1166 2822 1236 2889 reli·

72 2925 174 3010 quias.
220 2921 375 2991 Oraunm
391 2924 606 3010 absurdumque
625 2923 791 2989 decretum!
827 2926 953 2989 nielsos
974 2924 1150 3009 minimaque
1165 2945 1236 2988 con-

72 3038 238 3092 sentaneos
263 3030 433 3092 sermonesl
480 3025 559 3091 Nam
583 3027 724 3112 reliquiae
751 3047 854 3092 omnes
886 3027 975 3091 totius
999 3037 1097 3112 partes
1120 3027 1236 3111 aliquae

70 3141 164 3208 sunt,
193 3130 355 3215 iisdemque
375 3131 472 3194 mains
492 3149 559 3194 esse
585 3140 677 3194 totum
702 3149 825 3196 necesse
851 3140 908 3194 est.
954 3126 1100 3212 Quocirca
1121 3129 1148 3192 si
1167 3127 1234 3192 rell·

71 3231 165 3316 quiae
187 3232 285 3296 sidera
310 3232 373 3316 ipsa
395 3243 481 3313 sunt,
513 3231 601 3296 velim
628 3231 712 3296 nobis
743 3233 837 3297 maius
861 3232 968 3316 aliquid
993 3231 1139 3295 sideribus
1163 3231 1236 3317 ipsis

70 3336 234 3417 ostendat,
257 3348 290 3399 ut
307 3336 434 3400 animam
449 3335 610 3400 videamus.
656 3331 711 3398 Sin
731 3345 823 3399 totum
840 3335 934 3420 ipsum
949 3335 1120 3399 devoratum
1138 3345 1186 3398 est
1207 3346 1237 3397 et

69 3449 298 3523 consumptum,
329 3441 451 3522 eiusque
472 3436 614 3521 reliquiae
636 3435 734 3500 sidera
760 3437 822 3521 ipsa
850 3449 936 3516 sunt,
971 3457 1035 3500 cum
1061 3436 1133 3500 baec
1155 3435 1237 3500 cruci

70 3540 177 3605 affixis
196 3537 382 3626 Principibus
398 3539 540 3604 inferiora
554 3537 631 3618 sint,
657 3538 772 3602 tandem
790 3539 898 3624 etipsa
916 3539 1148 3617 devorabuntur,
1169 3557 1236 3600 cum

67 3640 252 3726 Principes,
284 3653 317 3706 ut
339 3643 420 3724 dixi,
451 3642 620 3727 superiores
642 3641 730 3704 sedes
753 3640 916 3705 obtineant.
962 3639 1049 3724 Quod
1074 3639 1101 3703 si
1125 3661 1177 3725 prn
1199 3659 1236 3704 eo

69 3745 154 3831 quod
181 3745 278 3810 auflxi
295 3757 380 3824 sunt,
414 3765 469 3808 uec
493 3743 637 3822 animam,
671 3761 726 3807 nco
745 3743 842 3808 sidera
865 3743 995 3807 retinere
1014 3752 1155 3827 possunt,
1179 3740 1238 3806 ruit

67 3847 179 3913 omnis
201 3845 249 3911 illa
273 3859 342 3928 tua,
365 3845 558 3925 Manichaee,
583 3846 680 3910 innuis
702 3867 737 3910 ae
759 3847 882 3912 condeta
905 3844 1049 3910 narratio.

163 3946 268 4035 Pergit
290 3949 366 4014 idem
386 3959 473 4035 utque
498 3947 539 4012 ita
563 3947 697 4012 disserit:
727 3943 943 4034 Posteaquam,
965 3948 1077 4034 inquit,
1099 3943 1235 4012 Beiulum

102 4207 131 4262 8.
154 4202 327 4273 ἐπιφοίτησις
353 4206 421 4257 codd.
453 4220 507 4258 ntea.
538 4210 640 4269 uterque.
675 4201 787 4270 Χριστοῦ
804 4197 939 4270 φάσκουσι.
975 4205 1047 4254 llum.
1064 4201 1113 4267 ll,
1129 4201 1153 4252 5.
1178 4191 1237 4254 οὔτε

65 4273 170 4342 immol
205 4289 235 4327 os
250 4275 307 4324 eunt
323 4277 384 4325 libri
674 4269 723 4361 γὰρ
741 4270 882 4338 usitamus
898 4268 927 4324 cd
944 4271 1051 4336 πνεῦμα.

105 4345 175 4394 Car.
221 4341 289 4393 clx.
307 4371 340 4382 -
377 4347 398 4394 l.
415 4345 465 4395 linc
481 4345 642 4407 comparativo
710 4341 733 4392 2.
750 4337 867 4394 δύνανται
882 4344 919 4390 est
932 4341 1064 4390 menduttn
1078 4339 1188 4390 emnerii
1205 4335 1238 4401 (tr

65 4408 225 4482 μιιζότιρος
239 4411 386 4473 tptptuatm
396 4426 443 4462 aton
455 4415 525 4462 umet
536 4417 570 4462 ert
578 4425 643 4461 usna.
675 4411 737 4462 anim
751 4417 856 4474 possunt
870 4407 950 4474 uerttt)
967 4411 1036 4470 dqats
1050 4410 1148 4460 rocon.
1172 4405 1237 4454 Libri

64 4485 148 4534 ldae.
169 4479 219 4541 bb,
239 4481 259 4528 l.
284 4473 349 4532 stad
368 4478 414 4531 aul
437 4476 581 4546 μειζότιρον
598 4479 643 4531 τοῦ
675 4479 747 4539 cutem
763 4471 895 4532 δύνασθαι.

124 4558 369 4617 nequeumt
386 4557 450 4606 rna
993 4565 1030 4627 31
