3176 4930
398 198 795 304 conumeraremus.
812 227 1021 282 nunnuxcv.
1224 216 1287 282 249

128 349 253 436 saepius
272 348 397 435 repetite
418 369 543 416 necesse
560 359 607 415 est
621 349 698 414 idem
715 370 822 436 corpus
839 347 1030 434 complurium
1052 346 1200 414 bominum
1221 367 1288 412 sac·
1379 422 1385 431 Ι

129 453 196 538 pins
222 471 290 516 esse
315 462 442 538 partem.
488 449 652 518 Cuiusnam
677 451 769 538 igitur
790 451 821 515 in
850 449 1070 516 resurrectione
1091 471 1199 537 corpus
1212 471 1288 516 -osse
1352 497 1354 502 η

127 554 270 620 debebit?
306 553 351 619 lta
369 577 424 620 nos
441 555 522 620 velut
538 555 654 621 ratione
668 553 799 621 destituti
814 553 844 620 iu
860 553 1018 620 citissimus
1037 554 1174 640 quasdam
1194 575 1289 639 nugas

128 667 220 743 utque
243 655 370 744 ineptius
392 657 586 724 devolvimur.

216 758 358 828 Ceterum
383 772 450 847 pust
467 760 540 826 baec
560 782 579 826 a
603 759 688 826 nobis
711 759 825 824 obiecta
844 757 1012 824 eudemum
1032 777 1064 824 sc
1080 760 1232 840 referunt,
1255 771 1289 826 ut
1301 773 1441 844 mpxttt.

126 865 228 929 omnis
243 865 300 932 deo
317 864 466 948 possibilia
485 883 553 927 esse
570 863 680 944 dicant,
704 873 793 947 utque
809 861 846 926 ad
862 861 1029 947 opinionem
1046 882 1129 926 suam
1146 865 1287 947 quaedam
1323 939 1324 942 Ἴ

126 967 295 1053 scripturae
312 965 480 1030 testimonia
497 985 572 1050 quae
588 966 694 1051 primo,
718 965 863 1049 obvioque
879 985 969 1028 sensu
986 963 1102 1032 iliorum
1114 965 1289 1030 confirmare

128 1072 239 1154 dogma
263 1069 416 1146 videntur,
441 1070 664 1133 accommodare
686 1067 829 1132 nituntur.
876 1063 972 1150 Quale
995 1077 1042 1130 est
1063 1064 1231 1133 Ezechielis
1253 1067 1289 1133 it-

124 1173 195 1238 ludr
219 1176 261 1236 ttr
275 1175 356 1254 scoto
370 1183 513 1254 estsuper
529 1193 573 1234 me
587 1193 686 1234 manus
704 1175 827 1246 domini,
850 1181 879 1234 et
890 1173 993 1234 educit
1011 1191 1055 1232 ure
1076 1175 1105 1232 c'n
1120 1174 1237 1252 spiritu,
1259 1183 1289 1234 et
1299 1183 1396 1282 ⁸¹sssqctu

122 1280 227 1357 posur‘t
246 1297 290 1338 mc
311 1279 341 1337 r'n
358 1279 448 1337 medcb
469 1280 579 1356 compi,
603 1277 650 1337 dr'c
668 1286 733 1336 erut
748 1277 852 1355 plenus
872 1274 1156 1348 nordostunorum,
1180 1286 1211 1336 et
1229 1279 1287 1338 ori·-
1326 1269 1333 1294 '
1369 1249 1418 1292 'qq'

125 1382 280 1440 conduxit
302 1399 346 1439 me
365 1381 404 1439 cd
421 1399 456 1439 ec
476 1399 531 1460 per
547 1381 715 1441 crbmo'turn:
739 1388 769 1438 et
785 1397 850 1438 ecee
873 1379 961 1438 multu
982 1379 1064 1438 ualde
1084 1381 1114 1439 in
1137 1380 1288 1459 superficie

124 1483 236 1562 compi,
261 1484 445 1562 eteccer'psu
463 1483 660 1555 audoualdus,
684 1491 713 1541 et
731 1483 807 1542 tamt
822 1482 862 1542 od
879 1501 939 1554 rue,
963 1482 1025 1542 titi
1037 1482 1173 1554 henricis,
1197 1485 1227 1542 εἰ
1244 1485 1286 1542 oi-
1311 1562 1316 1572 ⁴
1422 1475 1425 1482 ’

126 1595 193 1646 cent
208 1604 275 1644 ossa
291 1584 371 1644 doec.
416 1587 460 1646 tt
475 1586 549 1659 dici,
573 1587 692 1646 Domaite
708 1585 787 1656 decc,
813 1593 844 1644 tu
860 1587 916 1644 utu
931 1586 1023 1644 nosti:
1046 1593 1077 1644 et
1089 1585 1166 1644 dcirc't
1178 1586 1218 1644 od
1230 1605 1283 1659 me,

125 1689 300 1768 tropaeum
317 1687 374 1765 fili
391 1688 528 1748 dominas.-
558 1698 589 1748 et
609 1689 721 1748 loeutus
741 1707 803 1748 sum
824 1688 864 1746 cd
881 1687 966 1759 dccc,
997 1689 1068 1747 Osco
1088 1689 1171 1748 orado
1191 1691 1288 1750 audite

125 1791 242 1852 uerbum
257 1791 379 1862 domini,
404 1791 474 1850 dccc
488 1791 559 1851 drbs‘t
572 1792 699 1852 dommus
715 1791 783 1850 deus
798 1789 908 1850 ossibus
922 1790 1002 1862 nus,
1025 1791 1101 1850 Ecce
1115 1793 1188 1850 curin
1203 1791 1286 1852 cntu-

118 1913 188 1954 eom
208 1897 240 1954 iu
260 1913 308 1954 uos
327 1895 458 1973 spiritum
480 1895 568 1966 cotue,
594 1903 622 1954 ct
639 1911 742 1972 ponem
763 1895 793 1954 ic
818 1891 895 1952 uobis
916 1911 1032 1966 neruos,
1056 1902 1086 1954 et
1105 1895 1235 1954 eudemum
1256 1895 1286 1954 ἐκ

125 2015 175 2056 ees
190 2015 310 2070 emmer,
334 2006 365 2056 et
377 1998 526 2058 extendum
548 2016 635 2076 super
653 2015 701 2055 uos
723 2005 830 2067 cutem,
855 2004 886 2056 et
898 1995 971 2056 dudo
993 1997 1124 2074 sptbc'tum
1145 2015 1234 2056 meum
1255 1999 1286 2058 r‘e

126 2119 194 2172 uos,
221 2109 253 2158 et
265 2101 380 2172 urbcn's,
404 2110 436 2160 et
448 2117 551 2178 penum
568 2118 617 2159 uos
633 2101 663 2158 r'n
679 2108 758 2158 terro
775 2107 885 2171 uestem
909 2107 938 2158 et
954 2101 1129 2176 cognoscetis
1145 2102 1212 2179 quio
1232 2119 1286 2178 ego

124 2221 187 2262 rum
202 2203 343 2262 mnibus.
392 2197 458 2263 Hoc
478 2200 568 2284 igitur
584 2198 762 2286 probabilius
780 2197 887 2262 ceteris
908 2199 1105 2263 testimonium
1124 2209 1186 2278 est,
1211 2219 1286 2284 quae

126 2322 361 2366 commemorare
385 2301 501 2381 sotent3
526 2301 742 2389 praeterquod
765 2301 904 2364 nouruulda
928 2321 968 2364 cn
993 2301 1156 2385 euangeliis
1176 2322 1286 2387 expro-

126 2415 222 2468 munt.
257 2402 366 2470 Vebut=
390 2407 613 2490 Ibr'err‘tfletus,
638 2407 789 2466 stomun
803 2408 937 2466 donnum.
984 2401 1076 2468 ltcmr
1105 2407 1208 2466 trano
1223 2426 1284 2466 eum
1292 2417 1439 2515 quppqstu

124 2512 177 2588 qui
190 2519 292 2589 potest
305 2520 335 2571 et
347 2513 468 2570 numum
486 2520 514 2569 et
534 2529 637 2589 corpus
654 2511 776 2588 perdere
790 2511 820 2568 r’u
836 2509 1005 2569 Gebcuncm.
1052 2504 1130 2569 Tum
1152 2504 1221 2570 ittut
1244 2528 1284 2570 ex
1297 2479 1382 2580 to,d'e'

127 2607 241 2675 Paulos
268 2612 430 2692 thffieubs't
446 2613 578 2675 mortaldo
593 2622 687 2674 κεῖνα
708 2628 843 2690 corporo,
868 2621 988 2691 propter
1004 2610 1203 2672 inhabitantem
1224 2615 1285 2674 eries
1294 2625 1439 2684 tuomum

123 2717 256 2794 speratum
278 2717 308 2776 r'n
330 2715 416 2776 mun.

215 2815 328 2880 Verum
349 2837 453 2880 omncs
476 2835 530 2880 eos
553 2835 677 2879 necesse
696 2825 759 2894 est,
782 2815 831 2899 qui
851 2813 987 2880 vendatis
1008 2814 1106 2880 studio
1125 2814 1282 2896 ducuntur,
1299 2829 1439 2904 cnpxtv.

123 2940 188 2983 cum
206 2918 242 2982 ad
261 2939 297 2982 ea
311 2917 438 2982 animum
456 2917 635 2997 adiecerint,
660 2916 803 2983 aduersus
825 2918 899 2982 istus
915 2916 951 2982 de
974 2919 1195 2984 resurrectione
1214 2940 1285 2984 con·

125 3023 266 3101 tendere,
292 3031 323 3084 ut
340 3033 370 3085 et
386 3041 460 3107 quae
478 3041 496 3083 a
513 3020 664 3084 veteribus
682 3019 790 3084 tradita
809 3030 879 3085 sunt
896 3021 1099 3101 retineantur,
1128 3021 1215 3106 idque
1237 3041 1285 3086 ca·

124 3143 261 3203 scamus,
287 3143 324 3186 ue
338 3122 368 3186 in
384 3143 524 3187 sensuum
541 3122 779 3188 inanissimorum
795 3123 922 3210 ineptias
937 3122 1162 3204 descendamus,
1183 3145 1284 3189 eorum

123 3227 241 3290 seilicet
264 3246 339 3311 quac
363 3246 458 3311 neque
482 3225 546 3290 deri
566 3236 689 3311 possunt
710 3237 741 3289 et
761 3226 860 3290 divina
885 3224 1040 3291 maiestate
1061 3237 1132 3290 sunt
1151 3227 1282 3312 indiguo.

124 3325 277 3412 Quocirca
303 3327 347 3393 sic
373 3329 407 3394 cd
435 3349 501 3393 eum
526 3327 623 3392 lucum
649 3327 820 3394 ratiocinari
846 3329 997 3394 convenit.
1044 3324 1160 3414 Corpus
1183 3351 1282 3409 omne,

124 3431 200 3515 quod
220 3431 337 3515 quidem
359 3441 464 3496 natura
480 3433 665 3509 continetur,
689 3452 764 3516 quae
778 3431 967 3496 extrinsecus
985 3431 1091 3515 aliquid
1108 3431 1135 3494 ei
1154 3431 1284 3496 alimenti

122 3534 217 3598 instar
234 3533 386 3614 adsciscit,
410 3554 522 3620 proque
538 3534 574 3597 iis
590 3554 664 3619 quae
681 3533 864 3598 sufficiuntur
879 3533 1013 3598 excernit
1028 3533 1096 3614 adia,
1121 3533 1283 3600 cuiusmodi

122 3647 190 3700 sunt
205 3635 342 3720 stirpium
365 3657 489 3722 corpora
508 3648 539 3700 et
554 3636 722 3702 animalium
739 3658 808 3724 pars
826 3637 877 3702 itta
899 3657 964 3700 cum
987 3637 1110 3700 materia
1131 3647 1282 3718 concreta,

122 3759 270 3823 uunquam
293 3759 381 3802 unum
399 3739 534 3824 idemque
551 3759 717 3804 remanere.
763 3737 847 3806 Unde
869 3760 927 3804 nou
947 3737 1024 3804 mate
1040 3739 1145 3802 fluvius
1167 3737 1283 3822 quidam

121 3861 231 3926 corpus
249 3859 318 3904 esse
337 3840 454 3906 dicitur.
501 3838 648 3924 Quoniam
666 3841 691 3906 si
710 3853 848 3908 accurato
871 3840 1111 3920 consideremus,
1136 3862 1174 3905 ne
1195 3841 1283 3906 biduo

123 3943 237 4027 quidem
259 3943 340 4028 prior
356 3945 479 4008 materia
500 3944 532 4007 in
555 3944 728 4030 corporibus
747 3946 857 4008 nostris
875 3946 976 4008 cadem
998 3954 1194 4028 constansque
1217 3967 1284 4031 per·

122 4057 260 4124 severat,
290 4067 355 4110 cum
378 4045 495 4110 interim
513 4045 624 4112 Paulus
642 4047 770 4130 exempti
790 4046 903 4131 gratia,
928 4047 976 4110 vel
992 4042 1119 4126 Petrus,
1143 4047 1220 4112 idem
1237 4049 1282 4112 ni·

124 4147 281 4212 bitomiuus
299 4147 456 4234 persistat,
481 4171 540 4212 non
561 4151 647 4212 modo
670 4148 696 4213 si
718 4149 781 4213 eius
803 4149 930 4213 animam
949 4158 1083 4234 spectes,
1107 4149 1190 4213 cuius
1213 4150 1283 4215 sub-

123 4251 230 4314 stantia
248 4271 344 4337 neque
361 4251 441 4315 fluxa
458 4251 550 4318 estin
567 4252 671 4332 nobis,
696 4273 791 4337 nequo
812 4252 966 4339 quicquam
989 4250 1178 4318 extrinsecus
1197 4251 1281 4322 iuve-

154 4405 179 4455 t.
207 4408 271 4455 Verte
292 4407 371 4468 potius
386 4416 413 4456 et
427 4406 556 4460 vindicare
573 4417 685 4462 reterens
752 4407 777 4460 3.
795 4405 869 4476 μόνον
884 4409 975 4472 procus
993 4409 1118 4462 comeo.

120 4487 221 4543 quoque
237 4472 408 4530 montonem.
