3186 4928
386 207 523 260 rnunnn
540 207 604 260 uta.
617 208 647 260 n.
664 205 746 260 ron.
762 209 782 258 ι.
799 207 899 260 ulan.
910 209 1003 262 txrv.
1213 195 1276 258 stt

118 351 199 392 nem:
228 332 309 390 or'deo
331 339 423 390 autern
440 332 526 392 ob'um
540 333 628 410 legem
650 340 852 410 repugnantem
872 332 933 408 lega·
946 333 1047 390 mentua
1063 349 1154 402 meae,
1179 340 1209 391 et
1227 347 1275 388 aa·

114 436 271 512 pheneum
290 451 333 492 me
347 434 409 510 tegi
423 437 552 512 pmoati,
577 454 649 514 pune
665 443 708 494 ert
726 436 755 493 t'n
770 432 900 493 membris
917 436 1001 494 math:
1032 434 1134 512 rasilis
1150 453 1208 511 aga
1225 435 1276 492 to-

118 541 183 596 rno!
211 539 275 617 quis
300 557 344 596 me
367 535 500 596 lt'derobu't
528 539 703 616 decarpere
728 539 828 596 mortis
851 537 958 595 durus?
1000 531 1058 598 Ubi
1083 555 1142 598 nou
1169 553 1276 619 corpus

118 647 246 700 mortem
262 655 330 700 esse
345 636 531 720 pronuntiat,
556 638 608 700 sed
628 637 739 722 peceati
756 635 894 700 videlicet
912 636 1023 720 legem,
1049 637 1169 720 quaein
1187 655 1277 699 menn·
1298 705 1301 711 ,

118 738 181 802 bris
199 739 310 802 nostris
327 738 451 816 insidet,
476 759 511 802 aa
531 759 583 826 per
600 738 727 804 mandati
744 739 1010 822 transgressionem
1029 738 1156 802 latebras
1172 739 1201 802 in
1225 761 1276 802 no·

119 840 166 904 his
180 839 344 920 constituit,
369 859 404 904 ac
421 841 545 926 denique
560 841 596 904 ad
609 841 769 906 iniustitiae
784 859 885 904 nerem
903 841 1028 904 animam
1043 852 1170 904 nostram
1187 842 1276 904 variis

118 943 297 1028 imaginihus
316 943 463 1008 illudendo
487 943 640 1029 pertrahit.
686 941 885 1028 Quamobrem
905 942 1028 1006 subinde
1047 943 1077 1006 in
1097 944 1197 1007 eadem
1218 943 1276 1007 dir-

118 1047 271 1132 putatioue
294 1045 414 1110 subiicit
435 1046 597 1110 cuiusmodi
619 1067 653 1110 se
675 1065 691 1108 a
715 1055 808 1138 oporte
830 1045 947 1110 liberari
965 1057 1104 1131 cuperet,
1129 1057 1158 1108 et
1180 1067 1197 1110 a
1220 1065 1276 1130 ‹puo

118 1150 289 1214 liberandos
313 1159 405 1213 esset.
452 1153 569 1222 Gratm,
603 1147 712 1232 inquit,
738 1152 790 1210 deo
809 1169 863 1228 per
886 1153 978 1210 lerunt
1004 1153 1156 1212 Chrr'rtum.
1204 1145 1276 1212 lllud

119 1252 199 1317 enim
216 1253 373 1336 diligenter
393 1250 505 1314 attendi
526 1254 624 1336 cupio.
671 1247 705 1315 Si
727 1269 834 1336 eorpus
858 1249 934 1314 istud
957 1262 1078 1316 orontem
1102 1262 1134 1314 ut
1155 1252 1274 1336 putatis,

117 1355 350 1440 ohglaophon,
375 1354 569 1440 appellasset,
594 1374 740 1437 nunquam
760 1352 839 1418 illum
860 1349 989 1431 Christi,
1014 1364 1150 1438 tanquam
1174 1355 1275 1418 eiusa

118 1479 178 1542 quo
204 1469 305 1544 postea
328 1458 377 1520 tali
402 1477 442 1520 ex
466 1456 650 1522 incommodo
668 1456 836 1542 eripiendus
856 1466 953 1534 esset,
982 1457 1161 1520 mentionem
1185 1457 1278 1521 laetu·

117 1581 197 1625 rom.
244 1556 322 1642 Quid
349 1559 427 1622 enim
452 1559 649 1623 admirabilius
673 1569 724 1626 aut
742 1558 866 1644 amplius
888 1579 928 1622 ex
946 1557 996 1622 illo
1014 1553 1126 1622 Christi
1149 1559 1278 1624 adventu

118 1663 272 1727 consecuti
289 1661 417 1726 luimus?
461 1657 539 1744 Quid
558 1672 655 1725 autem
674 1661 824 1745 apostolus
842 1661 973 1740 omnino,
997 1663 1080 1745 quasi
1099 1682 1150 1744 per
1166 1657 1278 1726 Christi

118 1765 317 1850 praesentium
338 1785 355 1826 a
373 1774 468 1826 morte
485 1763 558 1849 eripi
575 1764 674 1826 diviua
690 1762 834 1826 henehrio
849 1773 965 1847 posset,
990 1763 1039 1827 illa
1056 1764 1275 1848 pronuntiabat,

118 1889 186 1933 cum
201 1867 348 1945 omnibus,
368 1865 457 1930 etium
474 1877 629 1951 antequam
642 1861 780 1930 Christus
798 1865 829 1928 io
845 1865 920 1928 hnurc
935 1865 1035 1929 orbem
1053 1866 1181 1945 veniret,
1198 1887 1278 1930 mors

117 1973 184 2056 ipsa
201 1967 378 2053 contigerit?
421 1967 499 2032 Nam
518 1967 649 2032 universi
666 1989 683 2032 a
702 1968 874 2054 corporibus
893 1969 1019 2052 separati
1042 1969 1072 2031 in
1091 1969 1169 2033 vitae
1193 1970 1277 2034 huius

119 2075 204 2138 exitu
230 2072 445 2151 liberabantur,
477 2091 512 2134 ac
534 2070 670 2134 similiter
689 2089 809 2149 omnes,
833 2082 891 2134 tam
915 2071 1073 2136 infidelium
1098 2093 1183 2156 quam
1208 2073 1278 2136 hde-

118 2177 210 2254 liom,
237 2187 295 2240 tam
314 2173 490 2238 iniustorum
507 2193 593 2256 quam
615 2173 777 2252 iustorum,
801 2175 916 2238 animae
938 2185 1087 2259 postremo
1109 2173 1159 2238 illo
1183 2175 1278 2239 obitus

118 2281 167 2343 die
183 2278 334 2342 seiunctae
350 2274 554 2360 acorporibus
571 2276 736 2340 evolabant.
773 2274 919 2358 Quidnam
937 2277 1027 2360 igitur
1042 2278 1192 2362 apostolus
1208 2297 1278 2362 prae
1351 2309 1354 2316 ·

119 2381 231 2446 ceteris
249 2381 296 2465 qui
311 2380 482 2444 infidelitate
499 2378 589 2442 vitam
603 2378 795 2442 traduxerant
811 2379 948 2444 studebat
963 2379 1115 2443 obtinere?
1148 2381 1210 2443 Aut
1225 2401 1278 2443 cur

118 2483 239 2549 exsolvi
260 2483 393 2568 eorporis
416 2481 541 2546 vinculis
564 2480 699 2566 optabat,
724 2481 800 2564 quod
819 2482 867 2544 vel
884 2481 968 2546 initio
990 2482 1191 2546 necessarium
1214 2492 1277 2546 arat

117 2587 276 2670 aliquando
293 2585 478 2669 contingere,
502 2596 588 2670 prout
605 2582 739 2647 omnibus
756 2584 848 2646 emori
865 2583 1054 2648 coustitutum
1072 2593 1128 2664 est,
1153 2597 1183 2648 et
1198 2585 1276 2671 ipso-

117 2709 185 2752 rum
200 2689 313 2752 animas
332 2709 349 2751 a
365 2707 523 2772 herponem
539 2685 748 2751 coniunctione
765 2685 882 2766 divelli,
908 2686 932 2752 si
953 2689 1068 2771 quidem
1091 2708 1196 2772 corpus
1215 2689 1277 2750 ani-

117 2811 186 2855 mae
209 2789 359 2854 interitum
380 2809 447 2854 esse
471 2790 579 2853 vellet?
624 2785 724 2872 ltaque
746 2811 804 2853 non
830 2809 937 2874 eorpus
955 2789 1027 2870 hoc,
1052 2789 1275 2875 ohglaophom
1372 2821 1376 2829 ·

117 2905 244 2958 mortem
262 2893 399 2977 appellat,
425 2892 476 2956 sed
493 2901 656 2977 peceatum,
681 2893 756 2976 quod
773 2912 826 2976 per
840 2893 1026 2978 cupiditatem
1043 2893 1072 2956 in
1091 2913 1214 2976 corpore
1231 2914 1278 2956 re·

116 2997 216 3076 sidet,
240 3017 257 3058 a
277 3017 335 3080 quo
354 2994 469 3079 quidem
487 3014 611 3079 corpore
634 2994 706 3058 deus
725 2995 817 3078 ipsum
841 2996 984 3060 adrentus
1000 2989 1114 3059 Christi
1135 2995 1278 3060 heueheio

117 3099 245 3164 liberum
264 3099 493 3184 expeditumque
508 3096 644 3160 reddidit.
691 3094 808 3161 Etenim
832 3097 882 3162 lex
904 3097 1025 3182 spiritus
1041 3099 1120 3162 ailae
1142 3099 1170 3162 ia
1189 3095 1277 3163 Chri·

117 3213 167 3268 sto
186 3200 254 3266 lesu
272 3200 408 3264 liberavit
425 3219 479 3262 nos
495 3221 511 3262 a
527 3199 592 3283 lege
609 3200 721 3285 peceati
738 3212 767 3262 et
782 3201 904 3278 mortis,
928 3213 962 3263 ut
973 3206 1171 3282 qna'anea'taau't
1185 3207 1276 3264 lesam
1290 3215 1384 3270 noos,
1398 3216 1431 3260 ιι.
1479 3255 1481 3260 .

116 3329 137 3368 ιι
153 3310 284 3379 mutum,
305 3315 424 3385 propter
440 3305 640 3365 mladr'tontenr
659 3307 720 3364 eius
737 3309 867 3385 speratum
884 3309 913 3366 r'n
930 3305 1011 3366 nohis
1025 3307 1149 3385 aabpfieet
1162 3316 1191 3366 et
1203 3327 1277 3367 mnr-

117 3412 191 3470 tnlr'n
219 3429 339 3488 corpora
365 3418 464 3468 nostm
491 3425 554 3467 aum
578 3418 741 3485 peceatum,
772 3412 848 3488 quod
871 3413 944 3470 ritest
968 3411 997 3469 a'n
1022 3429 1141 3488 corpora
1165 3420 1273 3482 nostro,

117 3516 281 3574 mnemon
298 3514 338 3572 ud
351 3529 444 3572 narem
458 3512 573 3592 sarrit.-
597 3529 653 3590 quo
672 3508 813 3574 naturalis
831 3509 905 3590 legis
921 3529 956 3572 ac
971 3508 1119 3594 praerepti
1137 3511 1277 3573 iustihca-

117 3615 179 3692 tio,
202 3632 279 3696 quae
301 3630 355 3675 uos
373 3613 408 3676 ad
426 3613 532 3675 bonum
553 3609 704 3689 trahebat,
729 3632 814 3695 quam
831 3610 987 3675 imbecillia
1004 3623 1085 3675 esset
1107 3623 1274 3697 appareret,

116 3733 195 3801 quae
212 3733 301 3777 carne
317 3723 385 3778 aute
398 3710 509 3778 Christi
523 3715 679 3778 adventum
696 3713 749 3777 sub
764 3714 874 3798 peccati
892 3723 1065 3799 potestatem
1082 3714 1201 3776 redacta
1218 3724 1277 3777 ter·

115 3817 202 3882 renis
217 3817 297 3881 euris
316 3826 380 3880 erat
397 3837 550 3902 oppressa.
597 3815 681 3882 lnsiti
698 3816 777 3880 enim
795 3838 812 3880 a
830 3827 935 3881 natura
952 3817 1020 3880 honi
1037 3816 1114 3896 vim,
1139 3817 1214 3900 qood
1233 3817 1278 3880 in·

115 3920 240 4007 genitae
256 3918 429 4006 corporibus
448 3919 598 4004 cupiditati
615 3919 827 4000 succubuerat,
853 3919 1037 3984 conlirmavit
1059 3919 1277 3983 corroboravit-

114 4182 179 4230 nete
202 4177 333 4227 atndtmrnt
354 4179 550 4230 dotatarum.
574 4193 599 4241 p.
616 4173 683 4238 808,
716 4185 820 4244 peccato
841 4185 970 4243 superate,
997 4187 1056 4226 aare
1073 4175 1165 4228 Christi
1181 4176 1279 4228 adven-

114 4250 151 4299 air
159 4251 267 4296 aalma:
284 4245 455 4314 „Utiuslegis
468 4245 596 4307 naturalis,
614 4243 682 4314 quod
715 4257 784 4307 tum,
810 4263 865 4296 cum
891 4245 954 4295 curis
976 4246 1083 4296 terrenis
1100 4243 1280 4297 immisceretur

115 4314 682 4434 ἷξῖῗᾶἱὲἓὲξῖὲζωέῗι13111ιὲ111ῗὶ
716 4313 866 4447 “itti
879 4313 1277 4449 lllltddh⁰⁰tl³ttih

115 4419 221 4520 pareat,
241 4451 309 4520 quod
325 4421 448 4504 inbrmum
466 4453 558 4513 luerat,
577 4402 682 4504 cedualla
715 4423 857 4508 aoo'eaoee.
873 4400 991 4502 Patulcius.
1079 4422 1085 4435 ⁸
1152 4401 1169 4458 l
1233 4401 1252 4450 p
