3154 4930
363 251 498 303 vehenti
517 251 579 302 Llll.
591 251 623 300 ll.
640 249 722 302 TOM.
737 251 769 302 ll.
786 249 885 300 unuh.
900 249 992 300 LXVI.
1196 237 1258 296 447

100 391 201 436 casse.
247 371 288 436 At
305 368 440 436 Boinlum
458 371 535 434 infra
553 369 718 448 sustinere,
744 369 951 453 fatigatumque
975 379 1119 447 tremere,
1144 387 1179 432 ac
1200 377 1259 432 ter-

100 493 158 540 rae
179 484 287 538 motum
313 485 431 559 praeter
449 473 637 537 coustitutum
657 482 769 556 tempus
787 473 914 536 efficere.
960 466 1007 534 0t
1031 469 1059 533 inl
1077 471 1189 548 honos,
1214 469 1259 534 in·

101 576 187 660 quit,
210 573 300 640 Pater
315 576 403 640 fllium
421 597 437 639 e
455 576 521 640 sinn
539 596 594 638 suo
611 574 640 638 in
658 585 757 638 terrae
777 573 938 659 penetralia
959 583 1046 656 atque
1061 572 1179 638 intimos
1195 571 1259 638 aius

100 688 204 762 partes
221 678 372 761 allegavit,
396 688 428 742 nt
444 678 522 742 illius
538 689 741 742 consentaneo
759 676 905 740 desiderio
920 675 1118 753 satisfaceret,
1142 685 1173 738 et
1188 697 1259 759 qoo-

100 780 163 845 ties
184 791 395 859 terranrovet,
419 781 468 843 vel
485 780 534 843 ille
555 780 691 844 lehoruns
710 778 825 858 tremit,
851 779 897 842 vel
918 798 993 842 onus
1013 777 1043 840 in
1063 778 1186 842 alterum
1210 777 1261 842 hu·

100 901 217 947 merom
243 884 396 946 transfert.
442 880 501 947 Per
523 882 599 944 idem
623 893 738 967 tempus
762 881 884 946 materia
909 881 1017 965 stirpes
1039 895 1079 944 ex
1104 901 1172 946 sese
1194 900 1262 964 pru-

99 985 230 1065 creavit;
254 1007 407 1071 quoscum
425 985 554 1050 nonnulli
569 981 723 1070 Principes
736 983 909 1069 diriperent,
931 982 1102 1046 convocatis
1114 981 1164 1046 illa
1176 979 1262 1046 Priu-

99 1089 199 1173 cipum
218 1087 410 1174 primorihns,
434 1109 522 1152 unam
542 1087 578 1151 ab
595 1087 719 1171 singuiis
741 1087 877 1150 virtutem
902 1085 1031 1171 accepit,
1056 1083 1261 1168 hominemque

101 1190 236 1256 condidit
252 1192 288 1254 ad
312 1191 396 1276 primi
415 1188 494 1254 illius
516 1189 641 1254 hominis
658 1189 828 1274 exemplar,
853 1187 899 1252 oui
922 1197 953 1252 et
975 1189 1101 1252 animam
1123 1186 1259 1271 illigavit.

100 1291 260 1357 Eiusmodi
283 1292 502 1358 commistionis
526 1302 572 1354 est
592 1293 678 1356 ratio.
726 1289 787 1356 Set
810 1289 1015 1370 vivusPater‚
1040 1291 1114 1374 quod
1134 1289 1260 1354 animam

99 1395 135 1458 in
150 1416 275 1481 corpore
294 1395 427 1460 alilictam
451 1405 606 1472 cerneret,
631 1405 661 1458 ut
682 1405 728 1460 est
743 1393 915 1460 misericors
932 1415 966 1457 ac
984 1393 1144 1477 benignus,
1169 1393 1261 1456 caris-

100 1497 210 1562 simum
226 1498 283 1562 sihi
301 1498 389 1562 lilium
409 1498 445 1560 ad
462 1497 540 1565 illios
555 1497 783 1582 recuperandam
802 1497 926 1561 sulutem
943 1496 1051 1564 emisit.
1084 1493 1168 1558 lianc
1184 1495 1260 1561 enim

101 1600 143 1664 oh
163 1621 314 1680 caussam,
339 1600 468 1665 simulet
485 1597 581 1664 Bainli
597 1599 692 1684 gratia
709 1597 826 1663 misisse
844 1597 960 1662 dicitur.
1008 1595 1102 1682 lgitur
1119 1598 1194 1662 lilius
1212 1598 1262 1660 arl-

101 1702 231 1766 venieos
246 1723 314 1768 sese
330 1702 455 1768 hominis
475 1703 504 1766 in
524 1703 644 1786 ligoram
662 1701 825 1779 convertit,
849 1711 936 1784 atque
951 1699 1077 1764 hominis
1092 1700 1195 1766 similis
1211 1699 1262 1762 ho-

101 1805 232 1870 minihus
256 1806 406 1890 apparuit,
431 1805 498 1868 licet
517 1803 603 1870 homo
629 1825 686 1868 non
710 1814 809 1883 essete
840 1805 1022 1888 eundemque
1041 1803 1170 1888 genitum
1194 1821 1261 1866 esse

102 1907 233 1972 hominis
250 1906 337 1992 vulgo
356 1907 554 1972 crediderunt.
602 1904 705 1992 ltaque
721 1927 793 1970 mox
808 1916 841 1970 ut
857 1904 1001 1984 accessit,
1024 1927 1098 1991 opos
1119 1905 1260 1988 quoddam

101 2011 141 2073 arl
159 2009 321 2074 animarum
341 2010 464 2074 salutem
484 2010 602 2074 molitos
619 2019 683 2089 est,
707 2009 927 2093 machinamque
949 2007 1133 2086 construxit,
1156 2006 1186 2070 iu
1206 2027 1262 2089 qua

103 2112 172 2176 carli
190 2123 274 2176 erant
290 2113 461 2191 duodecim,
485 2131 558 2195 quae
580 2110 657 2196 globi
681 2111 831 2174 cuiusdam
849 2111 1009 2194 agitatione
1025 2131 1169 2174 corvversa
1186 2129 1263 2172 mor·

103 2227 223 2280 tuorum
242 2215 356 2278 animas
377 2233 493 2280 sursum
515 2213 631 2291 evehit,
656 2235 711 2298 qun
734 2235 872 2297 magnoin
890 2213 957 2278 illud
983 2213 1064 2278 sidus
1088 2212 1177 2276 radiis
1201 2211 1263 2276 suis

103 2329 249 2403 exceptas
263 2338 297 2382 ac
316 2327 488 2402 repurgatas
504 2316 532 2380 in
551 2317 647 2380 lunam
666 2326 856 2400 transportat.
904 2312 947 2378 lta
966 2315 1008 2393 lit,
1034 2325 1066 2379 ut
1081 2314 1166 2378 huirrs
1183 2314 1263 2377 ochis

104 2419 276 2506 impleatur,
301 2419 350 2504 qui
367 2420 464 2484 discus
481 2440 497 2482 a
512 2419 597 2483 nohis
612 2418 701 2504 vulgo
716 2418 832 2481 dicitur.
877 2414 1007 2500 Navigia
1025 2417 1129 2502 qnippe
1143 2426 1174 2480 et
1192 2437 1264 2500 pon·

2 2597 3 2600 ¹
103 2533 192 2586 tooes
209 2523 266 2586 cluo
284 2541 351 2586 esse
368 2522 466 2586 sidera
484 2521 532 2585 illa
551 2531 664 2584 censet.
711 2517 827 2585 Onusta
846 2539 918 2582 vero
935 2520 1002 2582 luna
1018 2519 1054 2582 ed
1071 2519 1262 2583 subsolanum

104 2625 284 2688 transvehit.
332 2621 375 2694 lu
398 2624 538 2712 deposito,
554 2643 645 2688 ornere
665 2623 796 2698 levatur,
821 2643 856 2684 ac
875 2643 991 2686 rursum
1016 2621 1161 2704 navigium
1184 2643 1263 2697 conr·

105 2728 184 2812 plet,
209 2727 276 2790 hinc
296 2728 381 2790 noris
399 2748 451 2812 per
467 2728 555 2790 cados
573 2725 686 2790 evectis
706 2723 811 2788 animis
828 2725 933 2789 iterum
951 2734 1145 2803 exornaretur,
1171 2724 1264 2788 donec
1351 2782 1353 2790 .

103 2851 191 2894 snam
208 2851 243 2894 ac
259 2829 436 2914 peculiarem
452 2829 567 2892 atrimae
583 2840 693 2914 partem
709 2827 827 2912 eripiat.
859 2824 978 2890 Etenim
994 2827 1118 2890 animam
1134 2847 1262 2904 onnuem,

103 2942 196 3016 atque
213 2953 300 2995 omne
323 2934 398 3016 quod
416 2943 551 2996 movetur
572 2931 698 3009 animal,
722 2930 789 2994 honi
813 2929 890 2992 illius
908 2926 1006 2992 Patris
1030 2939 1153 2992 naturae
1174 2929 1264 3014 parti·

104 3055 178 3118 ceps
194 3055 261 3100 esse
278 3035 375 3098 locet.
421 3032 516 3098 Porro
533 3057 598 3098 conr
616 3055 690 3096 ornos
709 3033 778 3096 illud
796 3031 959 3096 animarum
976 3033 1011 3096 ad
1029 3029 1127 3096 Patris
1144 3033 1265 3096 Aeones

103 3138 177 3201 luna
196 3137 413 3214 transvexerit,
439 3148 555 3203 manent
576 3157 628 3200 eac
648 3135 677 3198 in
693 3136 807 3219 gloriae
823 3135 956 3198 columna
975 3135 1024 3218 qui
1044 3136 1192 3220 perfectos
1212 3141 1266 3204 ach

104 3239 226 3304 dicitur.
272 3238 327 3304 Est
344 3251 441 3304 autem
467 3241 513 3304 hic
537 3247 590 3304 aifr
606 3237 680 3304 lucis
704 3239 840 3302 colomna
859 3239 1017 3321 quoerlam3
1042 3236 1178 3321 quoniam
1201 3235 1265 3300 ani·

104 3341 212 3406 mrbus
227 3363 300 3426 qrrae
319 3353 480 3426 purgantur
495 3354 540 3405 ast
561 3344 682 3406 referta.
729 3339 812 3404 llaec
827 3339 889 3426 ipsa
913 3360 1018 3404 caussa
1034 3349 1082 3404 est
1104 3361 1158 3426 per
1179 3357 1264 3424 qoam

103 3445 232 3510 salntem
256 3444 370 3509 animae
392 3457 621 3528 consequantur.

194 3649 379 3714 Cornutum
409 3649 573 3714 morientur
600 3649 734 3712 homines
762 3621 895 3712 caussam
925 3645 1087 3715 huiusmodi
1116 3645 1262 3734 proponit.
1302 3663 1361 3784 cap.

1283 3731 1336 3784 XX
1360 3733 1390 3784 ll.

105 3750 206 3836 Virgo
219 3755 373 3837 quaedam,
395 3753 499 3838 inquit,
526 3755 652 3816 formosa
668 3763 755 3836 atque
770 3762 883 3836 centupla
902 3749 1164 3834 hlavrclitiarumqoe
1182 3750 1265 3834 plena

103 3851 263 3940 Principes
288 3875 305 3918 a
325 3851 402 3919 Vivo
424 3851 536 3940 Spiritu
555 3855 584 3918 iu
607 3855 819 3919 firmarncutorn
843 3857 963 3918 eductos
987 3874 1024 3916 ac
1047 3851 1126 3918 cruci
1146 3853 1267 3916 sulliaco

103 4013 136 4059 r'r's
152 4021 213 4074 quoe
228 4023 302 4072 supra
319 4011 417 4059 tradidit
434 4023 486 4071 cup.
499 4007 540 4060 Ὦ.
704 4011 737 4060 cd
751 4011 845 4068 secute,
863 4011 911 4058 etue
927 4013 1021 4059 teucer.

140 4087 166 4129 e.
184 4083 241 4127 Aeto
259 4080 365 4128 Archelai
380 4080 464 4128 hahent
481 4087 506 4126 rt
521 4075 609 4126 iterum
626 4094 668 4127 re·
742 4082 778 4128 ΙΙ.
796 4071 860 4140 α’νήρ
884 4103 897 4113 -
914 4071 961 4128 -o‘
985 4073 1014 4129 δὲ
1035 4069 1101 4140 ἀνὴρ
1127 4077 1163 4126 ed.
1181 4079 1264 4127 Percu.

103 4145 171 4213 pleri
185 4145 307 4211 cymbam,
326 4161 374 4230 pou
383 4149 569 4206 interpretatione
582 4157 671 4196 unctor
705 4148 783 4196 colcu.
801 4149 870 4206 repet.
896 4147 984 4194 citiore.
1027 4145 1177 4207 Quamquam
1197 4147 1268 4194 ellum

102 4229 188 4265 eorum
203 4227 227 4266 re
244 4213 287 4265 καὶ
304 4221 378 4272 cotue
395 4217 475 4276 leprose
491 4215 618 4276 munificet.
702 4217 798 4264 intelle
807 4213 913 4262 Archelct
928 4213 1011 4274 lepttur
1025 4211 1092 4277 quod
1108 4223 1210 4262 vocatur
1224 4210 1268 4263 Vir

159 4285 186 4333 s.
204 4281 340 4332 animarum
358 4283 442 4332 hohent
455 4287 513 4332 loto
529 4282 643 4332 Archelai.
721 4281 839 4330 erfectus.
876 4280 923 4330 llic
939 4291 1022 4330 curtem
1039 4280 1082 4330 Vir
1097 4291 1134 4330 est
1150 4282 1266 4331 columna

143 4349 184 4401 10.
205 4361 351 4413 permanent
366 4349 409 4400 illa
432 4349 456 4398 in
481 4349 594 4400 columna
613 4349 669 4415 glo·
704 4299 773 4400 lucta.

102 4419 159 4470 riae
175 4420 386 4470 huhettctotrch.
422 4419 670 4481 Videturituquena-
738 4417 794 4468 Car.
810 4416 918 4468 xxvio.
937 4443 971 4456 ·-
1007 4417 1029 4469 l.
1045 4419 1112 4470 Lihri
1132 4419 1217 4470 hubent
1235 4414 1264 4470 τὸ

103 4485 257 4555 muccosum
272 4489 376 4538 retuttrre
389 4501 436 4538 oon
452 4487 486 4536 orl
500 4490 608 4551 animos,
629 4488 671 4538 recl
703 4479 844 4540 ceccano.
911 4549 914 4556 ⁴
