<?xml version="1.0" encoding="UTF-8"?>
<!DOCTYPE html PUBLIC "-//W3C//DTD XHTML 1.0 Transitional//EN"
    "http://www.w3.org/TR/xhtml1/DTD/xhtml1-transitional.dtd">
<html xmlns="http://www.w3.org/1999/xhtml" xml:lang="en" lang="en">
 <head>
  <title>
</title>
<meta http-equiv="Content-Type" content="text/html;charset=utf-8" />
  <meta name='ocr-system' content='tesseract 3.04.00' />
  <meta name='ocr-capabilities' content='ocr_page ocr_carea ocr_par ocr_line ocrx_word'/>
</head>
<body>
  <div class='ocr_page' id='page_1' title='image "./corporishaerese02oehlgoog_0352.png"; bbox 0 0 3176 4930; ppageno 0'>
   <div class='ocr_carea' id='block_1_1' title="bbox 371 212 1254 315">
    <p class='ocr_par' dir='ltr' id='par_1_1' title="bbox 371 212 1254 315">
     <span class='ocr_line' id='line_1_1' title="bbox 371 212 1254 315; baseline -0.002 -21"><span class='ocrx_word' id='word_1_1' title='bbox 371 212 589 315; x_wconf 79' lang='lat' dir='ltr'><strong>rualenum.</strong></span> <span class='ocrx_word' id='word_1_2' title='bbox 600 243 633 294; x_wconf 93' lang='lat' dir='ltr'><strong>u.</strong></span> <span class='ocrx_word' id='word_1_3' title='bbox 650 243 732 296; x_wconf 85' lang='lat' dir='ltr'><strong>rou.</strong></span> <span class='ocrx_word' id='word_1_4' title='bbox 746 244 766 294; x_wconf 92' lang='grc' dir='ltr'><strong>ι.</strong></span> <span class='ocrx_word' id='word_1_5' title='bbox 783 241 883 295; x_wconf 82' lang='lat' dir='ltr'><strong>uasa.</strong></span> <span class='ocrx_word' id='word_1_6' title='bbox 896 242 989 300; x_wconf 82' lang='lat' dir='ltr'><strong>uxrr.</strong></span> <span class='ocrx_word' id='word_1_7' title='bbox 1195 229 1254 294; x_wconf 77' lang='grc' dir='ltr'><strong>ιιι</strong></span> 
     </span>
    </p>
   </div>
   <div class='ocr_carea' id='block_1_2' title="bbox 95 359 1413 4338">
    <p class='ocr_par' dir='ltr' id='par_1_2' title="bbox 95 359 1413 4338">
     <span class='ocr_line' id='line_1_2' title="bbox 162 359 1410 454; baseline -0.006 -26"><span class='ocrx_word' id='word_1_8' title='bbox 162 443 168 454; x_wconf 33' lang='grc'><em>,</em></span> <span class='ocrx_word' id='word_1_9' title='bbox 192 359 279 445; x_wconf 80' lang='lat' dir='ltr'><strong>Quotl</strong></span> <span class='ocrx_word' id='word_1_10' title='bbox 296 361 322 426; x_wconf 88' lang='lat' dir='ltr'><strong>si</strong></span> <span class='ocrx_word' id='word_1_11' title='bbox 337 361 484 426; x_wconf 85' lang='lat' dir='ltr'><strong>iuteresse</strong></span> <span class='ocrx_word' id='word_1_12' title='bbox 500 361 631 426; x_wconf 89' lang='lat' dir='ltr'><strong>oauuibil</strong></span> <span class='ocrx_word' id='word_1_13' title='bbox 646 383 752 446; x_wconf 90' lang='lat' dir='ltr'><strong>corpus</strong></span> <span class='ocrx_word' id='word_1_14' title='bbox 767 362 845 426; x_wconf 86' lang='lat' dir='ltr'><strong>inter</strong></span> <span class='ocrx_word' id='word_1_15' title='bbox 865 381 900 426; x_wconf 92' lang='lat' dir='ltr'><strong>ac</strong></span> <span class='ocrx_word' id='word_1_16' title='bbox 917 383 1035 426; x_wconf 80' lang='lat' dir='ltr'><strong>caruem</strong></span> <span class='ocrx_word' id='word_1_17' title='bbox 1058 361 1256 448; x_wconf 66' lang='lat' dir='ltr'><strong>suspicentur,</strong></span> <span class='ocrx_word' id='word_1_18' title='bbox 1274 369 1410 438; x_wconf 74' lang='lat' dir='ltr'><strong>capbtv.</strong></span> 
     </span>
     <span class='ocr_line' id='line_1_3' title="bbox 102 463 1260 541; baseline 0 -13"><span class='ocrx_word' id='word_1_19' title='bbox 102 475 136 528; x_wconf 94' lang='lat' dir='ltr'><strong>ut</strong></span> <span class='ocrx_word' id='word_1_20' title='bbox 154 465 204 530; x_wconf 82' lang='lat' dir='ltr'><strong>vol</strong></span> <span class='ocrx_word' id='word_1_21' title='bbox 226 463 360 528; x_wconf 89' lang='lat' dir='ltr'><strong>subtilius</strong></span> <span class='ocrx_word' id='word_1_22' title='bbox 381 464 436 528; x_wconf 91' lang='lat' dir='ltr'><strong>buo</strong></span> <span class='ocrx_word' id='word_1_23' title='bbox 459 463 525 527; x_wconf 85' lang='lat' dir='ltr'><strong>illus</strong></span> <span class='ocrx_word' id='word_1_24' title='bbox 550 464 636 530; x_wconf 85' lang='lat' dir='ltr'><strong>modu</strong></span> <span class='ocrx_word' id='word_1_25' title='bbox 661 463 830 528; x_wconf 86' lang='lat' dir='ltr'><strong>ratiocinari</strong></span> <span class='ocrx_word' id='word_1_26' title='bbox 850 464 999 541; x_wconf 87' lang='lat' dir='ltr'><strong>sinamus,</strong></span> <span class='ocrx_word' id='word_1_27' title='bbox 1029 464 1103 528; x_wconf 85' lang='lat' dir='ltr'><strong>adeo</strong></span> <span class='ocrx_word' id='word_1_28' title='bbox 1128 476 1160 528; x_wconf 92' lang='lat' dir='ltr'><strong>nt</strong></span> <span class='ocrx_word' id='word_1_29' title='bbox 1182 465 1260 528; x_wconf 74' lang='lat' dir='ltr'><strong>aliut</strong></span> 
     </span>
     <span class='ocr_line' id='line_1_4' title="bbox 103 566 1259 652; baseline -0.001 -21"><span class='ocrx_word' id='word_1_30' title='bbox 103 588 172 632; x_wconf 86' lang='lat' dir='ltr'><strong>esse</strong></span> <span class='ocrx_word' id='word_1_31' title='bbox 191 587 299 652; x_wconf 88' lang='lat' dir='ltr'><strong>corpus</strong></span> <span class='ocrx_word' id='word_1_32' title='bbox 315 576 474 644; x_wconf 70' lang='lat' dir='ltr'><strong>reumont,</strong></span> <span class='ocrx_word' id='word_1_33' title='bbox 497 566 578 630; x_wconf 89' lang='lat' dir='ltr'><strong>velut</strong></span> <span class='ocrx_word' id='word_1_34' title='bbox 599 566 688 650; x_wconf 90' lang='lat' dir='ltr'><strong>ipsius</strong></span> <span class='ocrx_word' id='word_1_35' title='bbox 707 566 822 632; x_wconf 83' lang='lat' dir='ltr'><strong>anianae</strong></span> <span class='ocrx_word' id='word_1_36' title='bbox 840 567 1005 652; x_wconf 87' lang='lat' dir='ltr'><strong>proprium,</strong></span> <span class='ocrx_word' id='word_1_37' title='bbox 1029 567 1104 649; x_wconf 88' lang='lat' dir='ltr'><strong>quod</strong></span> <span class='ocrx_word' id='word_1_38' title='bbox 1123 567 1259 652; x_wconf 87' lang='lat' dir='ltr'><strong>usurpari</strong></span> 
     </span>
     <span class='ocr_line' id='line_1_5' title="bbox 103 668 1259 752; baseline 0 -18"><span class='ocrx_word' id='word_1_39' title='bbox 103 671 197 734; x_wconf 89' lang='lat' dir='ltr'><strong>oculis</strong></span> <span class='ocrx_word' id='word_1_40' title='bbox 216 678 359 752; x_wconf 84' lang='lat' dir='ltr'><strong>nequeat,</strong></span> <span class='ocrx_word' id='word_1_41' title='bbox 384 688 501 734; x_wconf 86' lang='lat' dir='ltr'><strong>caruem</strong></span> <span class='ocrx_word' id='word_1_42' title='bbox 518 679 616 732; x_wconf 88' lang='lat' dir='ltr'><strong>autem</strong></span> <span class='ocrx_word' id='word_1_43' title='bbox 633 679 789 732; x_wconf 83' lang='lat' dir='ltr'><strong>externum</strong></span> <span class='ocrx_word' id='word_1_44' title='bbox 806 668 876 732; x_wconf 84' lang='lat' dir='ltr'><strong>illurl</strong></span> <span class='ocrx_word' id='word_1_45' title='bbox 899 689 966 734; x_wconf 92' lang='lat' dir='ltr'><strong>esse</strong></span> <span class='ocrx_word' id='word_1_46' title='bbox 986 669 1062 752; x_wconf 91' lang='lat' dir='ltr'><strong>quod</strong></span> <span class='ocrx_word' id='word_1_47' title='bbox 1079 671 1177 733; x_wconf 88' lang='lat' dir='ltr'><strong>oculis</strong></span> <span class='ocrx_word' id='word_1_48' title='bbox 1194 691 1259 734; x_wconf 73' lang='lat' dir='ltr'><strong>cer-</strong></span> 
     </span>
     <span class='ocr_line' id='line_1_6' title="bbox 102 769 1259 857; baseline 0 -21"><span class='ocrx_word' id='word_1_49' title='bbox 102 772 201 850; x_wconf 81' lang='lat' dir='ltr'><strong>nitur,</strong></span> <span class='ocrx_word' id='word_1_50' title='bbox 226 772 269 836; x_wconf 91' lang='lat' dir='ltr'><strong>sic</strong></span> <span class='ocrx_word' id='word_1_51' title='bbox 285 791 338 834; x_wconf 89' lang='lat' dir='ltr'><strong>eos</strong></span> <span class='ocrx_word' id='word_1_52' title='bbox 355 770 491 834; x_wconf 77' lang='lat' dir='ltr'><strong>refellere</strong></span> <span class='ocrx_word' id='word_1_53' title='bbox 509 771 665 856; x_wconf 74' lang='lat' dir='ltr'>oportebit.</span> <span class='ocrx_word' id='word_1_54' title='bbox 710 769 782 834; x_wconf 91' lang='lat' dir='ltr'><strong>Noa</strong></span> <span class='ocrx_word' id='word_1_55' title='bbox 799 773 885 836; x_wconf 87' lang='lat' dir='ltr'><strong>molo</strong></span> <span class='ocrx_word' id='word_1_56' title='bbox 901 769 1021 834; x_wconf 87' lang='lat' dir='ltr'><strong>Paulum</strong></span> <span class='ocrx_word' id='word_1_57' title='bbox 1045 793 1079 834; x_wconf 90' lang='lat' dir='ltr'><strong>ac</strong></span> <span class='ocrx_word' id='word_1_58' title='bbox 1102 771 1259 857; x_wconf 88' lang='lat' dir='ltr'><strong>propbetas</strong></span> 
     </span>
     <span class='ocr_line' id='line_1_7' title="bbox 102 872 1259 960; baseline -0.001 -22"><span class='ocrx_word' id='word_1_59' title='bbox 102 875 238 960; x_wconf 89' lang='lat' dir='ltr'><strong>corporis</strong></span> <span class='ocrx_word' id='word_1_60' title='bbox 251 872 477 957; x_wconf 73' lang='lat' dir='ltr'><strong>appellationem</strong></span> <span class='ocrx_word' id='word_1_61' title='bbox 494 873 560 937; x_wconf 92' lang='lat' dir='ltr'><strong>buic</strong></span> <span class='ocrx_word' id='word_1_62' title='bbox 575 875 656 937; x_wconf 88' lang='lat' dir='ltr'><strong>carui</strong></span> <span class='ocrx_word' id='word_1_63' title='bbox 675 872 822 952; x_wconf 85' lang='lat' dir='ltr'><strong>tribuere,</strong></span> <span class='ocrx_word' id='word_1_64' title='bbox 846 875 898 940; x_wconf 79' lang='lat' dir='ltr'><strong>secl</strong></span> <span class='ocrx_word' id='word_1_65' title='bbox 913 873 986 937; x_wconf 84' lang='lat' dir='ltr'><strong>alios</strong></span> <span class='ocrx_word' id='word_1_66' title='bbox 1001 886 1116 959; x_wconf 75' lang='lat' dir='ltr'><strong>quoque</strong></span> <span class='ocrx_word' id='word_1_67' title='bbox 1132 875 1259 959; x_wconf 89' lang='lat' dir='ltr'><strong>pbiloso-</strong></span> 
     </span>
     <span class='ocr_line' id='line_1_8' title="bbox 102 975 1259 1062; baseline -0.001 -22"><span class='ocrx_word' id='word_1_68' title='bbox 102 976 188 1062; x_wconf 87' lang='lat' dir='ltr'><strong>pbos,</strong></span> <span class='ocrx_word' id='word_1_69' title='bbox 213 975 351 1060; x_wconf 80' lang='lat' dir='ltr'>aquibus</span> <span class='ocrx_word' id='word_1_70' title='bbox 370 987 508 1040; x_wconf 86' lang='lat' dir='ltr'><strong>accurata</strong></span> <span class='ocrx_word' id='word_1_71' title='bbox 523 975 552 1040; x_wconf 91' lang='lat' dir='ltr'><strong>in</strong></span> <span class='ocrx_word' id='word_1_72' title='bbox 572 975 674 1060; x_wconf 90' lang='lat' dir='ltr'><strong>primis</strong></span> <span class='ocrx_word' id='word_1_73' title='bbox 690 975 790 1039; x_wconf 87' lang='lat' dir='ltr'><strong>baberi</strong></span> <span class='ocrx_word' id='word_1_74' title='bbox 808 976 882 1040; x_wconf 88' lang='lat' dir='ltr'><strong>ratio</strong></span> <span class='ocrx_word' id='word_1_75' title='bbox 901 976 1049 1040; x_wconf 77' lang='lat' dir='ltr'><strong>nominum</strong></span> <span class='ocrx_word' id='word_1_76' title='bbox 1065 978 1152 1040; x_wconf 88' lang='lat' dir='ltr'><strong>solet.</strong></span> <span class='ocrx_word' id='word_1_77' title='bbox 1186 975 1259 1042; x_wconf 87' lang='lat' dir='ltr'><strong>Ete-</strong></span> 
     </span>
     <span class='ocr_line' id='line_1_9' title="bbox 102 1076 1260 1162; baseline -0.001 -20"><span class='ocrx_word' id='word_1_78' title='bbox 102 1078 163 1142; x_wconf 86' lang='lat' dir='ltr'><strong>nim</strong></span> <span class='ocrx_word' id='word_1_79' title='bbox 185 1079 283 1142; x_wconf 89' lang='lat' dir='ltr'><strong>carnis</strong></span> <span class='ocrx_word' id='word_1_80' title='bbox 301 1076 515 1162; x_wconf 76' lang='lat' dir='ltr'><strong>appellatione,</strong></span> <span class='ocrx_word' id='word_1_81' title='bbox 540 1078 566 1142; x_wconf 92' lang='lat' dir='ltr'><strong>si</strong></span> <span class='ocrx_word' id='word_1_82' title='bbox 585 1079 656 1142; x_wconf 91' lang='lat' dir='ltr'><strong>baec</strong></span> <span class='ocrx_word' id='word_1_83' title='bbox 673 1079 708 1142; x_wconf 86' lang='lat' dir='ltr'><strong>etl</strong></span> <span class='ocrx_word' id='word_1_84' title='bbox 728 1091 866 1142; x_wconf 81' lang='lat' dir='ltr'><strong>exactam</strong></span> <span class='ocrx_word' id='word_1_85' title='bbox 880 1078 1024 1142; x_wconf 88' lang='lat' dir='ltr'><strong>scientiae</strong></span> <span class='ocrx_word' id='word_1_86' title='bbox 1041 1099 1171 1143; x_wconf 90' lang='lat' dir='ltr'><strong>normam</strong></span> <span class='ocrx_word' id='word_1_87' title='bbox 1194 1079 1260 1142; x_wconf 83' lang='lat' dir='ltr'><strong>exi-</strong></span> 
     </span>
     <span class='ocr_line' id='line_1_10' title="bbox 100 1179 1259 1266; baseline 0 -22"><span class='ocrx_word' id='word_1_88' title='bbox 100 1201 176 1266; x_wconf 75' lang='lat' dir='ltr'><strong>gere</strong></span> <span class='ocrx_word' id='word_1_89' title='bbox 192 1179 300 1260; x_wconf 87' lang='lat' dir='ltr'><strong>velint,</strong></span> <span class='ocrx_word' id='word_1_90' title='bbox 325 1203 384 1246; x_wconf 91' lang='lat' dir='ltr'><strong>nou</strong></span> <span class='ocrx_word' id='word_1_91' title='bbox 408 1182 547 1244; x_wconf 84' lang='lat' dir='ltr'><strong>universa</strong></span> <span class='ocrx_word' id='word_1_92' title='bbox 571 1182 688 1266; x_wconf 87' lang='lat' dir='ltr'><strong>proprio</strong></span> <span class='ocrx_word' id='word_1_93' title='bbox 712 1180 814 1259; x_wconf 90' lang='lat' dir='ltr'><strong>buius,</strong></span> <span class='ocrx_word' id='word_1_94' title='bbox 838 1192 870 1246; x_wconf 92' lang='lat' dir='ltr'><strong>ut</strong></span> <span class='ocrx_word' id='word_1_95' title='bbox 886 1181 927 1244; x_wconf 90' lang='lat' dir='ltr'><strong>itu</strong></span> <span class='ocrx_word' id='word_1_96' title='bbox 944 1181 1055 1260; x_wconf 86' lang='lat' dir='ltr'><strong>dicum,</strong></span> <span class='ocrx_word' id='word_1_97' title='bbox 1078 1181 1259 1246; x_wconf 72' lang='lat' dir='ltr'><strong>tabernaculi</strong></span> 
     </span>
     <span class='ocr_line' id='line_1_11' title="bbox 101 1282 1258 1368; baseline 0.002 -22"><span class='ocrx_word' id='word_1_98' title='bbox 101 1284 196 1348; x_wconf 88' lang='lat' dir='ltr'><strong>moles</strong></span> <span class='ocrx_word' id='word_1_99' title='bbox 217 1282 406 1366; x_wconf 82' lang='lat' dir='ltr'><strong>intelligitur,</strong></span> <span class='ocrx_word' id='word_1_100' title='bbox 438 1283 491 1349; x_wconf 80' lang='lat' dir='ltr'><strong>seul</strong></span> <span class='ocrx_word' id='word_1_101' title='bbox 516 1283 656 1366; x_wconf 87' lang='lat' dir='ltr'><strong>quaedam</strong></span> <span class='ocrx_word' id='word_1_102' title='bbox 684 1283 773 1347; x_wconf 89' lang='lat' dir='ltr'><strong>totius</strong></span> <span class='ocrx_word' id='word_1_103' title='bbox 796 1303 883 1368; x_wconf 86' lang='lat' dir='ltr'><strong>pars,</strong></span> <span class='ocrx_word' id='word_1_104' title='bbox 914 1285 1152 1367; x_wconf 85' lang='lat' dir='ltr'><strong>quemadmodum</strong></span> <span class='ocrx_word' id='word_1_105' title='bbox 1177 1305 1258 1362; x_wconf 89' lang='lat' dir='ltr'><strong>ossa,</strong></span> 
     </span>
     <span class='ocr_line' id='line_1_12' title="bbox 101 1383 1257 1470; baseline 0 -22"><span class='ocrx_word' id='word_1_106' title='bbox 101 1385 188 1449; x_wconf 90' lang='lat' dir='ltr'><strong>nervi</strong></span> <span class='ocrx_word' id='word_1_107' title='bbox 208 1383 296 1469; x_wconf 84' lang='lat' dir='ltr'><strong>btque</strong></span> <span class='ocrx_word' id='word_1_108' title='bbox 315 1406 428 1463; x_wconf 83' lang='lat' dir='ltr'><strong>verrae3</strong></span> <span class='ocrx_word' id='word_1_109' title='bbox 453 1407 560 1470; x_wconf 90' lang='lat' dir='ltr'><strong>corpus</strong></span> <span class='ocrx_word' id='word_1_110' title='bbox 582 1396 677 1449; x_wconf 92' lang='lat' dir='ltr'><strong>autem</strong></span> <span class='ocrx_word' id='word_1_111' title='bbox 704 1396 795 1449; x_wconf 90' lang='lat' dir='ltr'><strong>tutum</strong></span> <span class='ocrx_word' id='word_1_112' title='bbox 819 1386 936 1449; x_wconf 84' lang='lat' dir='ltr'><strong>dicitur.</strong></span> <span class='ocrx_word' id='word_1_113' title='bbox 982 1384 1067 1451; x_wconf 88' lang='lat' dir='ltr'><strong>Unde</strong></span> <span class='ocrx_word' id='word_1_114' title='bbox 1091 1397 1121 1448; x_wconf 84' lang='lat' dir='ltr'><strong>et</strong></span> <span class='ocrx_word' id='word_1_115' title='bbox 1141 1387 1257 1465; x_wconf 84' lang='lat' dir='ltr'><strong>medici,</strong></span> 
     </span>
     <span class='ocr_line' id='line_1_13' title="bbox 101 1486 1288 1574; baseline 0.002 -24"><span class='ocrx_word' id='word_1_116' title='bbox 101 1486 150 1571; x_wconf 85' lang='lat' dir='ltr'><strong>qui</strong></span> <span class='ocrx_word' id='word_1_117' title='bbox 168 1488 204 1550; x_wconf 85' lang='lat' dir='ltr'><strong>dc</strong></span> <span class='ocrx_word' id='word_1_118' title='bbox 221 1498 325 1552; x_wconf 86' lang='lat' dir='ltr'><strong>natura</strong></span> <span class='ocrx_word' id='word_1_119' title='bbox 340 1509 495 1571; x_wconf 86' lang='lat' dir='ltr'><strong>corporum</strong></span> <span class='ocrx_word' id='word_1_120' title='bbox 513 1499 650 1552; x_wconf 85' lang='lat' dir='ltr'><strong>accurate</strong></span> <span class='ocrx_word' id='word_1_121' title='bbox 667 1489 832 1574; x_wconf 88' lang='lat' dir='ltr'><strong>disputant,</strong></span> <span class='ocrx_word' id='word_1_122' title='bbox 856 1488 911 1550; x_wconf 92' lang='lat' dir='ltr'><strong>boc</strong></span> <span class='ocrx_word' id='word_1_123' title='bbox 927 1488 1020 1573; x_wconf 88' lang='lat' dir='ltr'><strong>ipsum</strong></span> <span class='ocrx_word' id='word_1_124' title='bbox 1037 1489 1112 1572; x_wconf 81' lang='lat' dir='ltr'><strong>qrrorl</strong></span> <span class='ocrx_word' id='word_1_125' title='bbox 1128 1499 1260 1573; x_wconf 86' lang='lat' dir='ltr'><strong>aspecta·</strong></span> <span class='ocrx_word' id='word_1_126' title='bbox 1286 1503 1288 1509; x_wconf 85' lang='lat'>&#39;</span> 
     </span>
     <span class='ocr_line' id='line_1_14' title="bbox 99 1587 1261 1676; baseline 0.001 -22"><span class='ocrx_word' id='word_1_127' title='bbox 99 1590 162 1654; x_wconf 90' lang='lat' dir='ltr'><strong>bile</strong></span> <span class='ocrx_word' id='word_1_128' title='bbox 180 1601 227 1654; x_wconf 90' lang='lat' dir='ltr'><strong>cst</strong></span> <span class='ocrx_word' id='word_1_129' title='bbox 244 1611 352 1675; x_wconf 87' lang='lat' dir='ltr'><strong>eorpus</strong></span> <span class='ocrx_word' id='word_1_130' title='bbox 370 1611 437 1656; x_wconf 90' lang='lat' dir='ltr'><strong>esse</strong></span> <span class='ocrx_word' id='word_1_131' title='bbox 459 1589 601 1654; x_wconf 79' lang='lat' dir='ltr'><strong>seatium.</strong></span> <span class='ocrx_word' id='word_1_132' title='bbox 648 1588 728 1674; x_wconf 81' lang='lat' dir='ltr'><strong>Quin</strong></span> <span class='ocrx_word' id='word_1_133' title='bbox 750 1590 813 1676; x_wconf 90' lang='lat' dir='ltr'><strong>ipse</strong></span> <span class='ocrx_word' id='word_1_134' title='bbox 831 1587 917 1653; x_wconf 87' lang='lat' dir='ltr'><strong>Plato</strong></span> <span class='ocrx_word' id='word_1_135' title='bbox 937 1589 1013 1654; x_wconf 86' lang='lat' dir='ltr'><strong>istud</strong></span> <span class='ocrx_word' id='word_1_136' title='bbox 1036 1589 1130 1676; x_wconf 86' lang='lat' dir='ltr'><strong>ipsuru</strong></span> <span class='ocrx_word' id='word_1_137' title='bbox 1154 1612 1261 1676; x_wconf 91' lang='lat' dir='ltr'><strong>corpus</strong></span> 
     </span>
     <span class='ocr_line' id='line_1_15' title="bbox 100 1687 1258 1777; baseline 0 -21"><span class='ocrx_word' id='word_1_138' title='bbox 100 1713 244 1756; x_wconf 87' lang='lat' dir='ltr'><strong>essenon</strong></span> <span class='ocrx_word' id='word_1_139' title='bbox 262 1693 390 1777; x_wconf 77' lang='lat' dir='ltr'><strong>ignorat.</strong></span> <span class='ocrx_word' id='word_1_140' title='bbox 437 1687 517 1757; x_wconf 77' lang='lat' dir='ltr'><strong>Sorae</strong></span> <span class='ocrx_word' id='word_1_141' title='bbox 534 1693 563 1756; x_wconf 95' lang='lat' dir='ltr'><strong>iu</strong></span> <span class='ocrx_word' id='word_1_142' title='bbox 580 1689 738 1756; x_wconf 80' lang='lat' dir='ltr'><strong>Phaedone</strong></span> <span class='ocrx_word' id='word_1_143' title='bbox 757 1690 918 1769; x_wconf 74' lang='lat' dir='ltr'><strong>Socrates,</strong></span> <span class='ocrx_word' id='word_1_144' title='bbox 942 1693 991 1754; x_wconf 81' lang='lat' dir='ltr'><strong>Aa</strong></span> <span class='ocrx_word' id='word_1_145' title='bbox 1009 1714 1067 1756; x_wconf 91' lang='lat' dir='ltr'><strong>uon</strong></span> <span class='ocrx_word' id='word_1_146' title='bbox 1087 1694 1181 1772; x_wconf 86' lang='lat' dir='ltr'><strong>iden,</strong></span> <span class='ocrx_word' id='word_1_147' title='bbox 1205 1693 1258 1772; x_wconf 89' lang='lat' dir='ltr'><strong>ait,</strong></span> 
     </span>
     <span class='ocr_line' id='line_1_16' title="bbox 99 1794 1260 1879; baseline 0 -21"><span class='ocrx_word' id='word_1_148' title='bbox 99 1815 170 1859; x_wconf 87' lang='lat' dir='ltr'><strong>esse</strong></span> <span class='ocrx_word' id='word_1_149' title='bbox 195 1806 319 1858; x_wconf 88' lang='lat' dir='ltr'><strong>mortem</strong></span> <span class='ocrx_word' id='word_1_150' title='bbox 344 1795 578 1870; x_wconf 80' lang='lat' dir='ltr'><strong>existimabimus</strong></span> <span class='ocrx_word' id='word_1_151' title='bbox 598 1796 674 1878; x_wconf 87' lang='lat' dir='ltr'><strong>quod</strong></span> <span class='ocrx_word' id='word_1_152' title='bbox 697 1796 812 1858; x_wconf 87' lang='lat' dir='ltr'><strong>animae</strong></span> <span class='ocrx_word' id='word_1_153' title='bbox 829 1817 845 1858; x_wconf 89' lang='lat' dir='ltr'><strong>u</strong></span> <span class='ocrx_word' id='word_1_154' title='bbox 864 1815 988 1879; x_wconf 87' lang='lat' dir='ltr'><strong>corpore</strong></span> <span class='ocrx_word' id='word_1_155' title='bbox 1012 1794 1194 1876; x_wconf 87' lang='lat' dir='ltr'><strong>discessum,</strong></span> <span class='ocrx_word' id='word_1_156' title='bbox 1217 1807 1260 1858; x_wconf 89' lang='lat' dir='ltr'><strong>ut·</strong></span> 
     </span>
     <span class='ocr_line' id='line_1_17' title="bbox 100 1897 1261 1982; baseline 0.002 -21"><span class='ocrx_word' id='word_1_157' title='bbox 100 1917 159 1982; x_wconf 87' lang='lat' dir='ltr'><strong>que</strong></span> <span class='ocrx_word' id='word_1_158' title='bbox 183 1897 238 1962; x_wconf 88' lang='lat' dir='ltr'><strong>boc</strong></span> <span class='ocrx_word' id='word_1_159' title='bbox 261 1898 377 1960; x_wconf 86' lang='lat' dir='ltr'><strong>demum</strong></span> <span class='ocrx_word' id='word_1_160' title='bbox 400 1919 468 1962; x_wconf 86' lang='lat' dir='ltr'><strong>esse</strong></span> <span class='ocrx_word' id='word_1_161' title='bbox 491 1897 584 1974; x_wconf 88' lang='lat' dir='ltr'><strong>muri,</strong></span> <span class='ocrx_word' id='word_1_162' title='bbox 614 1919 720 1982; x_wconf 89' lang='lat' dir='ltr'><strong>corpus</strong></span> <span class='ocrx_word' id='word_1_163' title='bbox 745 1897 781 1960; x_wconf 96' lang='lat' dir='ltr'><strong>ab</strong></span> <span class='ocrx_word' id='word_1_164' title='bbox 805 1897 900 1962; x_wconf 87' lang='lat' dir='ltr'><strong>anima</strong></span> <span class='ocrx_word' id='word_1_165' title='bbox 922 1897 1096 1962; x_wconf 87' lang='lat' dir='ltr'><strong>disiunctum</strong></span> <span class='ocrx_word' id='word_1_166' title='bbox 1119 1920 1173 1982; x_wconf 89' lang='lat' dir='ltr'><strong>pur</strong></span> <span class='ocrx_word' id='word_1_167' title='bbox 1193 1919 1261 1964; x_wconf 85' lang='lat' dir='ltr'><strong>seso</strong></span> 
     </span>
     <span class='ocr_line' id='line_1_18' title="bbox 99 1996 1262 2085; baseline 0.001 -23"><span class='ocrx_word' id='word_1_168' title='bbox 99 2001 195 2085; x_wconf 87' lang='lat' dir='ltr'><strong>ipsum</strong></span> <span class='ocrx_word' id='word_1_169' title='bbox 211 2000 355 2076; x_wconf 80' lang='lat' dir='ltr'><strong>existere,</strong></span> <span class='ocrx_word' id='word_1_170' title='bbox 379 1999 537 2085; x_wconf 87' lang='lat' dir='ltr'><strong>itidemque</strong></span> <span class='ocrx_word' id='word_1_171' title='bbox 553 1999 680 2064; x_wconf 87' lang='lat' dir='ltr'><strong>animam</strong></span> <span class='ocrx_word' id='word_1_172' title='bbox 696 2021 715 2064; x_wconf 84' lang='lat' dir='ltr'><strong>a</strong></span> <span class='ocrx_word' id='word_1_173' title='bbox 729 2021 854 2085; x_wconf 83' lang='lat' dir='ltr'><strong>corpore</strong></span> <span class='ocrx_word' id='word_1_174' title='bbox 869 2001 1057 2085; x_wconf 84' lang='lat' dir='ltr'><strong>soporatam?</strong></span> <span class='ocrx_word' id='word_1_175' title='bbox 1095 1996 1173 2082; x_wconf 83' lang='lat' dir='ltr'><strong>Quid</strong></span> <span class='ocrx_word' id='word_1_176' title='bbox 1193 2000 1262 2064; x_wconf 89' lang='lat' dir='ltr'><strong>bea·</strong></span> 
     </span>
     <span class='ocr_line' id='line_1_19' title="bbox 100 2099 1264 2186; baseline 0 -20"><span class='ocrx_word' id='word_1_177' title='bbox 100 2114 150 2168; x_wconf 81' lang='lat' dir='ltr'><strong>tus</strong></span> <span class='ocrx_word' id='word_1_178' title='bbox 168 2102 217 2166; x_wconf 93' lang='lat' dir='ltr'><strong>ille</strong></span> <span class='ocrx_word' id='word_1_179' title='bbox 235 2099 382 2186; x_wconf 72' lang='lat' dir='ltr'><strong>Moyses?</strong></span> <span class='ocrx_word' id='word_1_180' title='bbox 405 2114 435 2165; x_wconf 94' lang='lat' dir='ltr'><strong>ut</strong></span> <span class='ocrx_word' id='word_1_181' title='bbox 454 2103 488 2164; x_wconf 88' lang='lat' dir='ltr'><strong>ad</strong></span> <span class='ocrx_word' id='word_1_182' title='bbox 508 2102 622 2166; x_wconf 83' lang='lat' dir='ltr'><strong>divinas</strong></span> <span class='ocrx_word' id='word_1_183' title='bbox 641 2123 756 2186; x_wconf 88' lang='lat' dir='ltr'><strong>quoque</strong></span> <span class='ocrx_word' id='word_1_184' title='bbox 774 2103 875 2167; x_wconf 87' lang='lat' dir='ltr'><strong>literas</strong></span> <span class='ocrx_word' id='word_1_185' title='bbox 891 2101 1056 2180; x_wconf 82' lang='lat' dir='ltr'><strong>veniamus,</strong></span> <span class='ocrx_word' id='word_1_186' title='bbox 1081 2122 1179 2166; x_wconf 90' lang='lat' dir='ltr'><strong>uouue</strong></span> <span class='ocrx_word' id='word_1_187' title='bbox 1197 2123 1264 2166; x_wconf 88' lang='lat' dir='ltr'><strong>cor·</strong></span> 
     </span>
     <span class='ocr_line' id='line_1_20' title="bbox 96 2204 1413 2290; baseline 0 -22"><span class='ocrx_word' id='word_1_188' title='bbox 96 2227 155 2290; x_wconf 89' lang='lat' dir='ltr'><strong>pus</strong></span> <span class='ocrx_word' id='word_1_189' title='bbox 170 2204 246 2268; x_wconf 81' lang='lat' dir='ltr'><strong>ialam</strong></span> <span class='ocrx_word' id='word_1_190' title='bbox 262 2204 401 2289; x_wconf 80' lang='lat' dir='ltr'><strong>iutelligit</strong></span> <span class='ocrx_word' id='word_1_191' title='bbox 415 2225 500 2282; x_wconf 87' lang='lat' dir='ltr'><strong>esse,</strong></span> <span class='ocrx_word' id='word_1_192' title='bbox 523 2205 599 2290; x_wconf 86' lang='lat' dir='ltr'><strong>quod</strong></span> <span class='ocrx_word' id='word_1_193' title='bbox 618 2226 672 2268; x_wconf 89' lang='lat' dir='ltr'><strong>nos</strong></span> <span class='ocrx_word' id='word_1_194' title='bbox 687 2205 828 2282; x_wconf 86' lang='lat' dir='ltr'><strong>dicimus,</strong></span> <span class='ocrx_word' id='word_1_195' title='bbox 854 2226 918 2268; x_wconf 90' lang='lat' dir='ltr'><strong>cum</strong></span> <span class='ocrx_word' id='word_1_196' title='bbox 936 2206 976 2268; x_wconf 90' lang='lat' dir='ltr'><strong>ita</strong></span> <span class='ocrx_word' id='word_1_197' title='bbox 993 2204 1138 2289; x_wconf 81' lang='lat' dir='ltr'><strong>loquitur:</strong></span> <span class='ocrx_word' id='word_1_198' title='bbox 1162 2210 1202 2268; x_wconf 80' lang='lat' dir='ltr'><strong>Et</strong></span> <span class='ocrx_word' id='word_1_199' title='bbox 1217 2209 1413 2278; x_wconf 67' lang='lat' dir='ltr'><strong>lausannae</strong></span> 
     </span>
     <span class='ocr_line' id='line_1_21' title="bbox 97 2306 1263 2392; baseline 0 -22"><span class='ocrx_word' id='word_1_200' title='bbox 97 2310 180 2370; x_wconf 85' lang='lat' dir='ltr'><strong>nabit</strong></span> <span class='ocrx_word' id='word_1_201' title='bbox 200 2312 363 2370; x_wconf 74' lang='lat' dir='ltr'><strong>aeramenta</strong></span> <span class='ocrx_word' id='word_1_202' title='bbox 384 2308 414 2374; x_wconf 89' lang='lat' dir='ltr'><strong>iu</strong></span> <span class='ocrx_word' id='word_1_203' title='bbox 438 2306 677 2392; x_wconf 81' lang='lat' dir='ltr'><strong>purgationibus,</strong></span> <span class='ocrx_word' id='word_1_204' title='bbox 701 2312 753 2388; x_wconf 84' lang='lat' dir='ltr'><strong>qui</strong></span> <span class='ocrx_word' id='word_1_205' title='bbox 772 2313 900 2388; x_wconf 77' lang='lat' dir='ltr'><strong>tetigerit</strong></span> <span class='ocrx_word' id='word_1_206' title='bbox 918 2311 1086 2370; x_wconf 82' lang='lat' dir='ltr'><strong>riamnndum</strong></span> <span class='ocrx_word' id='word_1_207' title='bbox 1107 2319 1137 2368; x_wconf 88' lang='lat' dir='ltr'><strong>et</strong></span> <span class='ocrx_word' id='word_1_208' title='bbox 1158 2310 1263 2370; x_wconf 84' lang='lat' dir='ltr'><strong>iuuabit</strong></span> 
     </span>
     <span class='ocr_line' id='line_1_22' title="bbox 97 2405 1262 2492; baseline 0 -20"><span class='ocrx_word' id='word_1_209' title='bbox 97 2431 205 2490; x_wconf 80' lang='lat' dir='ltr'><strong>carpus</strong></span> <span class='ocrx_word' id='word_1_210' title='bbox 218 2431 301 2472; x_wconf 82' lang='lat' dir='ltr'><strong>saum</strong></span> <span class='ocrx_word' id='word_1_211' title='bbox 315 2431 405 2492; x_wconf 88' lang='lat' dir='ltr'><strong>aquo,</strong></span> <span class='ocrx_word' id='word_1_212' title='bbox 431 2423 462 2472; x_wconf 86' lang='lat' dir='ltr'><strong>et</strong></span> <span class='ocrx_word' id='word_1_213' title='bbox 475 2415 632 2472; x_wconf 75' lang='lat' dir='ltr'><strong>rinmcmdas</strong></span> <span class='ocrx_word' id='word_1_214' title='bbox 646 2414 704 2471; x_wconf 80' lang='lat' dir='ltr'><strong>ma&#39;t</strong></span> <span class='ocrx_word' id='word_1_215' title='bbox 716 2414 755 2471; x_wconf 90' lang='lat' dir='ltr'><strong>ad</strong></span> <span class='ocrx_word' id='word_1_216' title='bbox 771 2418 938 2490; x_wconf 78' lang='lat' dir='ltr'><strong>uesperum?</strong></span> <span class='ocrx_word' id='word_1_217' title='bbox 981 2405 1059 2492; x_wconf 78' lang='lat' dir='ltr'><strong>Quid</strong></span> <span class='ocrx_word' id='word_1_218' title='bbox 1075 2410 1111 2473; x_wconf 86' lang='lat' dir='ltr'><strong>tle</strong></span> <span class='ocrx_word' id='word_1_219' title='bbox 1129 2406 1201 2472; x_wconf 93' lang='lat' dir='ltr'><strong>lobo</strong></span> <span class='ocrx_word' id='word_1_220' title='bbox 1219 2410 1262 2472; x_wconf 86' lang='lat' dir='ltr'><strong>tli-</strong></span> 
     </span>
     <span class='ocr_line' id='line_1_23' title="bbox 98 2511 1261 2596; baseline -0.002 -20"><span class='ocrx_word' id='word_1_221' title='bbox 98 2514 224 2576; x_wconf 88' lang='lat' dir='ltr'><strong>cemusl</strong></span> <span class='ocrx_word' id='word_1_222' title='bbox 252 2533 350 2576; x_wconf 89' lang='lat' dir='ltr'><strong>nouae</strong></span> <span class='ocrx_word' id='word_1_223' title='bbox 372 2525 403 2576; x_wconf 91' lang='lat' dir='ltr'><strong>et</strong></span> <span class='ocrx_word' id='word_1_224' title='bbox 426 2513 451 2576; x_wconf 91' lang='lat' dir='ltr'><strong>is</strong></span> <span class='ocrx_word' id='word_1_225' title='bbox 474 2513 501 2576; x_wconf 89' lang='lat' dir='ltr'><strong>id</strong></span> <span class='ocrx_word' id='word_1_226' title='bbox 523 2513 615 2596; x_wconf 89' lang='lat' dir='ltr'><strong>ipsum</strong></span> <span class='ocrx_word' id='word_1_227' title='bbox 641 2512 716 2594; x_wconf 86' lang='lat' dir='ltr'><strong>quotl</strong></span> <span class='ocrx_word' id='word_1_228' title='bbox 741 2511 925 2596; x_wconf 72' lang='lat' dir='ltr'><strong>extinguitur</strong></span> <span class='ocrx_word' id='word_1_229' title='bbox 944 2521 1038 2574; x_wconf 89' lang='lat' dir='ltr'><strong>morte</strong></span> <span class='ocrx_word' id='word_1_230' title='bbox 1063 2532 1171 2596; x_wconf 89' lang='lat' dir='ltr'><strong>eorpus</strong></span> <span class='ocrx_word' id='word_1_231' title='bbox 1193 2532 1261 2576; x_wconf 88' lang='lat' dir='ltr'><strong>esse</strong></span> 
     </span>
     <span class='ocr_line' id='line_1_24' title="bbox 98 2614 1387 2700; baseline -0.007 -22"><span class='ocrx_word' id='word_1_232' title='bbox 98 2615 270 2700; x_wconf 75' lang='lat' dir='ltr'><strong>siguificat?</strong></span> <span class='ocrx_word' id='word_1_233' title='bbox 314 2620 467 2689; x_wconf 84' lang='lat' dir='ltr'><strong>Versatur,</strong></span> <span class='ocrx_word' id='word_1_234' title='bbox 500 2614 611 2698; x_wconf 90' lang='lat' dir='ltr'><strong>inquit,</strong></span> <span class='ocrx_word' id='word_1_235' title='bbox 640 2629 743 2696; x_wconf 77' lang='lat' dir='ltr'><strong>eorpus</strong></span> <span class='ocrx_word' id='word_1_236' title='bbox 768 2636 857 2677; x_wconf 80' lang='lat' dir='ltr'><strong>aarum</strong></span> <span class='ocrx_word' id='word_1_237' title='bbox 883 2620 912 2676; x_wconf 88' lang='lat' dir='ltr'><strong>ia</strong></span> <span class='ocrx_word' id='word_1_238' title='bbox 936 2618 1087 2694; x_wconf 73' lang='lat' dir='ltr'><strong>patredme</strong></span> <span class='ocrx_word' id='word_1_239' title='bbox 1113 2618 1257 2676; x_wconf 77' lang='lat' dir='ltr'><strong>ummrbm.</strong></span> <span class='ocrx_word' id='word_1_240' title='bbox 1273 2632 1321 2677; x_wconf 75' lang='grc' dir='ltr'><strong>ιοι,</strong></span> <span class='ocrx_word' id='word_1_241' title='bbox 1334 2634 1355 2689; x_wconf 84' lang='grc' dir='ltr'><strong>ι,</strong></span> <span class='ocrx_word' id='word_1_242' title='bbox 1368 2635 1387 2679; x_wconf 83' lang='lat' dir='ltr'><strong>a.</strong></span> 
     </span>
     <span class='ocr_line' id='line_1_25' title="bbox 98 2713 1394 2800; baseline -0.005 -18"><span class='ocrx_word' id='word_1_243' title='bbox 98 2715 264 2782; x_wconf 86' lang='lat' dir='ltr'><strong>Praeterea</strong></span> <span class='ocrx_word' id='word_1_244' title='bbox 281 2713 440 2794; x_wconf 86' lang='lat' dir='ltr'><strong>Salomon,</strong></span> <span class='ocrx_word' id='word_1_245' title='bbox 469 2721 503 2779; x_wconf 88' lang='lat' dir='ltr'><strong>la</strong></span> <span class='ocrx_word' id='word_1_246' title='bbox 520 2720 699 2790; x_wconf 81' lang='lat' dir='ltr'><strong>malevolam,</strong></span> <span class='ocrx_word' id='word_1_247' title='bbox 724 2715 835 2800; x_wconf 84' lang='lat' dir='ltr'><strong>iuquit,</strong></span> <span class='ocrx_word' id='word_1_248' title='bbox 859 2722 979 2782; x_wconf 75' lang='lat' dir='ltr'><strong>unimam</strong></span> <span class='ocrx_word' id='word_1_249' title='bbox 998 2739 1054 2779; x_wconf 86' lang='lat' dir='ltr'><strong>aaa</strong></span> <span class='ocrx_word' id='word_1_250' title='bbox 1070 2719 1201 2781; x_wconf 74' lang='lat' dir='ltr'><strong>aaaoibit</strong></span> <span class='ocrx_word' id='word_1_251' title='bbox 1214 2739 1261 2780; x_wconf 80' lang='lat' dir='ltr'><strong>ra·</strong></span> <span class='ocrx_word' id='word_1_252' title='bbox 1274 2735 1327 2792; x_wconf 71' lang='lat' dir='ltr'><strong>sap.</strong></span> <span class='ocrx_word' id='word_1_253' title='bbox 1341 2737 1361 2792; x_wconf 92' lang='lat'><strong>1,</strong></span> <span class='ocrx_word' id='word_1_254' title='bbox 1374 2739 1394 2781; x_wconf 84' lang='grc' dir='ltr'><strong>ι.</strong></span> 
     </span>
     <span class='ocr_line' id='line_1_26' title="bbox 95 2816 1260 2904; baseline 0 -22"><span class='ocrx_word' id='word_1_255' title='bbox 95 2825 228 2901; x_wconf 83' lang='lat' dir='ltr'><strong>pc&#39;eatcia,</strong></span> <span class='ocrx_word' id='word_1_256' title='bbox 253 2841 305 2882; x_wconf 87' lang='lat' dir='ltr'><strong>aer</strong></span> <span class='ocrx_word' id='word_1_257' title='bbox 322 2821 503 2882; x_wconf 76' lang='lat' dir='ltr'><strong>habitabilia</strong></span> <span class='ocrx_word' id='word_1_258' title='bbox 522 2841 640 2900; x_wconf 81' lang='lat' dir='ltr'><strong>corpore</strong></span> <span class='ocrx_word' id='word_1_259' title='bbox 656 2821 777 2882; x_wconf 83' lang='lat' dir='ltr'><strong>obaom&#39;o</strong></span> <span class='ocrx_word' id='word_1_260' title='bbox 796 2833 924 2899; x_wconf 84' lang='lat' dir='ltr'><strong>peccatu.</strong></span> <span class='ocrx_word' id='word_1_261' title='bbox 972 2816 1032 2884; x_wconf 85' lang='lat' dir='ltr'><strong>Serl</strong></span> <span class='ocrx_word' id='word_1_262' title='bbox 1055 2832 1085 2882; x_wconf 91' lang='lat' dir='ltr'><strong>et</strong></span> <span class='ocrx_word' id='word_1_263' title='bbox 1106 2821 1181 2904; x_wconf 86' lang='lat' dir='ltr'><strong>apud</strong></span> <span class='ocrx_word' id='word_1_264' title='bbox 1202 2816 1260 2882; x_wconf 82' lang='lat' dir='ltr'><strong>lta·</strong></span> 
     </span>
     <span class='ocr_line' id='line_1_27' title="bbox 97 2921 1413 3006; baseline 0.002 -20"><span class='ocrx_word' id='word_1_265' title='bbox 97 2923 209 2986; x_wconf 86' lang='lat' dir='ltr'><strong>nielem</strong></span> <span class='ocrx_word' id='word_1_266' title='bbox 224 2923 265 2986; x_wconf 92' lang='lat' dir='ltr'><strong>ita</strong></span> <span class='ocrx_word' id='word_1_267' title='bbox 285 2923 320 2986; x_wconf 89' lang='lat' dir='ltr'><strong>de</strong></span> <span class='ocrx_word' id='word_1_268' title='bbox 336 2921 513 3005; x_wconf 83' lang='lat' dir='ltr'><strong>martyribus</strong></span> <span class='ocrx_word' id='word_1_269' title='bbox 529 2921 670 3006; x_wconf 84' lang='lat' dir='ltr'><strong>seriptum</strong></span> <span class='ocrx_word' id='word_1_270' title='bbox 688 2932 749 2986; x_wconf 74' lang='lat' dir='ltr'><strong>ests</strong></span> <span class='ocrx_word' id='word_1_271' title='bbox 774 2925 839 2984; x_wconf 87' lang='lat' dir='ltr'><strong>Noa</strong></span> <span class='ocrx_word' id='word_1_272' title='bbox 855 2926 1013 2987; x_wconf 77' lang='lat' dir='ltr'><strong>damrautus</strong></span> <span class='ocrx_word' id='word_1_273' title='bbox 1029 2934 1072 2984; x_wconf 83' lang='lat' dir='ltr'><strong>est</strong></span> <span class='ocrx_word' id='word_1_274' title='bbox 1092 2926 1122 2984; x_wconf 86' lang='lat' dir='ltr'><strong>ia</strong></span> <span class='ocrx_word' id='word_1_275' title='bbox 1144 2925 1258 2984; x_wconf 86' lang='lat' dir='ltr'><strong>illorum</strong></span> <span class='ocrx_word' id='word_1_276' title='bbox 1272 2942 1365 2998; x_wconf 67' lang='lat' dir='ltr'><strong>uuna,</strong></span> <span class='ocrx_word' id='word_1_277' title='bbox 1379 2942 1413 2988; x_wconf 83' lang='lat' dir='ltr'><strong>m.</strong></span> 
     </span>
     <span class='ocr_line' id='line_1_28' title="bbox 98 3021 1261 3108; baseline -0.001 -20"><span class='ocrx_word' id='word_1_278' title='bbox 98 3047 207 3106; x_wconf 73' lang='lat' dir='ltr'><strong>corpus</strong></span> <span class='ocrx_word' id='word_1_279' title='bbox 222 3031 313 3108; x_wconf 71' lang='grc' dir='ltr'><strong>ι’ςιιίι,</strong></span> <span class='ocrx_word' id='word_1_280' title='bbox 339 3037 367 3086; x_wconf 85' lang='lat' dir='ltr'><strong>et</strong></span> <span class='ocrx_word' id='word_1_281' title='bbox 381 3027 502 3105; x_wconf 80' lang='lat' dir='ltr'><strong>capillus</strong></span> <span class='ocrx_word' id='word_1_282' title='bbox 520 3029 622 3104; x_wconf 73' lang='lat' dir='ltr'><strong>captat</strong></span> <span class='ocrx_word' id='word_1_283' title='bbox 637 3027 750 3086; x_wconf 84' lang='lat' dir='ltr'><strong>illoram</strong></span> <span class='ocrx_word' id='word_1_284' title='bbox 765 3045 821 3086; x_wconf 87' lang='lat' dir='ltr'><strong>aaa</strong></span> <span class='ocrx_word' id='word_1_285' title='bbox 837 3029 920 3086; x_wconf 88' lang='lat' dir='ltr'><strong>ursit.</strong></span> <span class='ocrx_word' id='word_1_286' title='bbox 961 3021 1043 3102; x_wconf 76' lang='lat' dir='ltr'><strong>¹lteuu</strong></span> <span class='ocrx_word' id='word_1_287' title='bbox 1058 3023 1088 3086; x_wconf 89' lang='lat' dir='ltr'><strong>iu</strong></span> <span class='ocrx_word' id='word_1_288' title='bbox 1105 3024 1261 3108; x_wconf 85' lang='lat' dir='ltr'><strong>evangelio</strong></span> 
     </span>
     <span class='ocr_line' id='line_1_29' title="bbox 99 3128 1412 3207; baseline -0.002 -15"><span class='ocrx_word' id='word_1_289' title='bbox 99 3129 257 3192; x_wconf 79' lang='lat' dir='ltr'><strong>dominusc</strong></span> <span class='ocrx_word' id='word_1_290' title='bbox 280 3132 433 3207; x_wconf 83' lang='lat' dir='ltr'><strong>Propterea</strong></span> <span class='ocrx_word' id='word_1_291' title='bbox 448 3131 511 3188; x_wconf 86' lang='lat' dir='ltr'><strong>dr&#39;cu</strong></span> <span class='ocrx_word' id='word_1_292' title='bbox 526 3129 613 3200; x_wconf 77' lang='lat' dir='ltr'><strong>acta,</strong></span> <span class='ocrx_word' id='word_1_293' title='bbox 638 3130 735 3189; x_wconf 84' lang='lat' dir='ltr'><strong>Nolite</strong></span> <span class='ocrx_word' id='word_1_294' title='bbox 752 3128 872 3189; x_wconf 76' lang='lat' dir='ltr'><strong>solliciti</strong></span> <span class='ocrx_word' id='word_1_295' title='bbox 885 3149 945 3188; x_wconf 83' lang='lat' dir='ltr'><strong>csse</strong></span> <span class='ocrx_word' id='word_1_296' title='bbox 961 3131 1030 3207; x_wconf 77' lang='lat' dir='ltr'><strong>parit</strong></span> <span class='ocrx_word' id='word_1_297' title='bbox 1044 3129 1258 3200; x_wconf 79' lang='lat' dir='ltr'><strong>manducabilia,</strong></span> <span class='ocrx_word' id='word_1_298' title='bbox 1268 3145 1412 3202; x_wconf 68' lang='lat' dir='ltr'><strong>mitaneas.</strong></span> 
     </span>
     <span class='ocr_line' id='line_1_30' title="bbox 97 3234 1261 3312; baseline -0.002 -20"><span class='ocrx_word' id='word_1_299' title='bbox 97 3243 154 3292; x_wconf 84' lang='lat' dir='ltr'><strong>aut</strong></span> <span class='ocrx_word' id='word_1_300' title='bbox 169 3235 238 3312; x_wconf 82' lang='lat' dir='ltr'><strong>quid</strong></span> <span class='ocrx_word' id='word_1_301' title='bbox 250 3234 418 3292; x_wconf 73' lang='lat' dir='ltr'><strong>attineamini:</strong></span> <span class='ocrx_word' id='word_1_302' title='bbox 443 3252 535 3292; x_wconf 85' lang='lat' dir='ltr'><strong>aoaae</strong></span> <span class='ocrx_word' id='word_1_303' title='bbox 548 3235 641 3290; x_wconf 75' lang='lat' dir='ltr'><strong>onemo</strong></span> <span class='ocrx_word' id='word_1_304' title='bbox 652 3234 749 3309; x_wconf 73' lang='lat' dir='ltr'><strong>pluras</strong></span> <span class='ocrx_word' id='word_1_305' title='bbox 762 3241 806 3291; x_wconf 85' lang='lat' dir='ltr'><strong>est</strong></span> <span class='ocrx_word' id='word_1_306' title='bbox 816 3251 899 3310; x_wconf 81' lang='lat' dir='ltr'><strong>quum</strong></span> <span class='ocrx_word' id='word_1_307' title='bbox 916 3251 990 3304; x_wconf 83' lang='lat' dir='ltr'><strong>eruc,</strong></span> <span class='ocrx_word' id='word_1_308' title='bbox 1015 3241 1044 3290; x_wconf 90' lang='lat' dir='ltr'><strong>et</strong></span> <span class='ocrx_word' id='word_1_309' title='bbox 1060 3251 1162 3309; x_wconf 79' lang='lat' dir='ltr'><strong>corpas</strong></span> <span class='ocrx_word' id='word_1_310' title='bbox 1178 3251 1261 3310; x_wconf 88' lang='lat' dir='ltr'><strong>quam</strong></span> 
     </span>
     <span class='ocr_line' id='line_1_31' title="bbox 98 3329 1412 3416; baseline 0.002 -20"><span class='ocrx_word' id='word_1_311' title='bbox 98 3337 317 3396; x_wconf 67' lang='lat' dir='ltr'><strong>muraenam?</strong></span> <span class='ocrx_word' id='word_1_312' title='bbox 358 3329 426 3394; x_wconf 90' lang='lat' dir='ltr'><strong>Nec</strong></span> <span class='ocrx_word' id='word_1_313' title='bbox 441 3330 536 3396; x_wconf 88' lang='lat' dir='ltr'><strong>miuus</strong></span> <span class='ocrx_word' id='word_1_314' title='bbox 551 3331 701 3416; x_wconf 87' lang='lat' dir='ltr'><strong>apostulus</strong></span> <span class='ocrx_word' id='word_1_315' title='bbox 719 3331 763 3396; x_wconf 89' lang='lat' dir='ltr'><strong>bis</strong></span> <span class='ocrx_word' id='word_1_316' title='bbox 780 3331 897 3410; x_wconf 85' lang='lat' dir='ltr'><strong>verbis,</strong></span> <span class='ocrx_word' id='word_1_317' title='bbox 921 3335 966 3394; x_wconf 87' lang='lat' dir='ltr'><strong>Ne</strong></span> <span class='ocrx_word' id='word_1_318' title='bbox 977 3337 1069 3412; x_wconf 77' lang='lat' dir='ltr'><strong>igitar</strong></span> <span class='ocrx_word' id='word_1_319' title='bbox 1083 3344 1183 3411; x_wconf 78' lang='lat' dir='ltr'><strong>regnet</strong></span> <span class='ocrx_word' id='word_1_320' title='bbox 1194 3354 1260 3412; x_wconf 85' lang='lat' dir='ltr'><strong>per·</strong></span> <span class='ocrx_word' id='word_1_321' title='bbox 1274 3354 1369 3409; x_wconf 71' lang='lat' dir='ltr'><strong>acme,</strong></span> <span class='ocrx_word' id='word_1_322' title='bbox 1382 3353 1412 3398; x_wconf 78' lang='grc' dir='ltr'><strong>ιι</strong></span> 
     </span>
     <span class='ocr_line' id='line_1_32' title="bbox 97 3434 1261 3520; baseline 0 -22"><span class='ocrx_word' id='word_1_323' title='bbox 97 3449 197 3498; x_wconf 83' lang='lat' dir='ltr'><strong>catum</strong></span> <span class='ocrx_word' id='word_1_324' title='bbox 214 3440 243 3498; x_wconf 82' lang='lat' dir='ltr'><strong>in</strong></span> <span class='ocrx_word' id='word_1_325' title='bbox 263 3436 380 3496; x_wconf 82' lang='lat' dir='ltr'><strong>mortali</strong></span> <span class='ocrx_word' id='word_1_326' title='bbox 392 3446 484 3496; x_wconf 83' lang='lat' dir='ltr'><strong>uestro</strong></span> <span class='ocrx_word' id='word_1_327' title='bbox 499 3456 631 3515; x_wconf 75' lang='lat' dir='ltr'><strong>corpore,</strong></span> <span class='ocrx_word' id='word_1_328' title='bbox 656 3455 763 3520; x_wconf 89' lang='lat' dir='ltr'><strong>corpus</strong></span> <span class='ocrx_word' id='word_1_329' title='bbox 778 3455 810 3498; x_wconf 88' lang='lat' dir='ltr'><strong>se</strong></span> <span class='ocrx_word' id='word_1_330' title='bbox 828 3435 864 3498; x_wconf 89' lang='lat' dir='ltr'><strong>tle</strong></span> <span class='ocrx_word' id='word_1_331' title='bbox 883 3455 919 3498; x_wconf 91' lang='lat' dir='ltr'><strong>eo</strong></span> <span class='ocrx_word' id='word_1_332' title='bbox 943 3457 1000 3518; x_wconf 90' lang='lat' dir='ltr'><strong>quo</strong></span> <span class='ocrx_word' id='word_1_333' title='bbox 1019 3434 1188 3500; x_wconf 86' lang='lat' dir='ltr'><strong>circumdati</strong></span> <span class='ocrx_word' id='word_1_334' title='bbox 1212 3455 1261 3498; x_wconf 88' lang='lat' dir='ltr'><strong>su-</strong></span> 
     </span>
     <span class='ocr_line' id='line_1_33' title="bbox 98 3537 1413 3622; baseline 0 -20"><span class='ocrx_word' id='word_1_335' title='bbox 98 3559 168 3602; x_wconf 87' lang='lat' dir='ltr'><strong>mus</strong></span> <span class='ocrx_word' id='word_1_336' title='bbox 184 3537 319 3622; x_wconf 84' lang='lat' dir='ltr'><strong>accipere</strong></span> <span class='ocrx_word' id='word_1_337' title='bbox 334 3537 533 3617; x_wconf 68' lang='lat' dir='ltr'><strong>demonstrat,</strong></span> <span class='ocrx_word' id='word_1_338' title='bbox 558 3557 592 3600; x_wconf 90' lang='lat' dir='ltr'><strong>ao</strong></span> <span class='ocrx_word' id='word_1_339' title='bbox 607 3557 740 3602; x_wconf 74' lang='lat' dir='ltr'><strong>rursumz</strong></span> <span class='ocrx_word' id='word_1_340' title='bbox 766 3542 847 3616; x_wconf 81' lang='lat' dir='ltr'><strong>Quod</strong></span> <span class='ocrx_word' id='word_1_341' title='bbox 861 3542 1020 3618; x_wconf 77' lang='lat' dir='ltr'><strong>a&#39;sprritus</strong></span> <span class='ocrx_word' id='word_1_342' title='bbox 1035 3542 1105 3612; x_wconf 80' lang='lat' dir='ltr'><strong>a‘us,</strong></span> <span class='ocrx_word' id='word_1_343' title='bbox 1131 3543 1183 3618; x_wconf 83' lang='lat' dir='ltr'><strong>pua&#39;</strong></span> <span class='ocrx_word' id='word_1_344' title='bbox 1197 3557 1413 3614; x_wconf 76' lang='lat' dir='ltr'><strong>rur-nom.s‚11.</strong></span> 
     </span>
     <span class='ocr_line' id='line_1_34' title="bbox 97 3641 1261 3722; baseline -0.003 -18"><span class='ocrx_word' id='word_1_345' title='bbox 97 3645 202 3704; x_wconf 82' lang='lat' dir='ltr'><strong>mtam&#39;t</strong></span> <span class='ocrx_word' id='word_1_346' title='bbox 215 3645 324 3713; x_wconf 82' lang='lat' dir='ltr'><strong>lecum,</strong></span> <span class='ocrx_word' id='word_1_347' title='bbox 349 3642 503 3702; x_wconf 81' lang='lat' dir='ltr'><strong>habitatin</strong></span> <span class='ocrx_word' id='word_1_348' title='bbox 528 3641 623 3713; x_wconf 53' lang='lat' dir='ltr'><strong>nubum</strong></span> <span class='ocrx_word' id='word_1_349' title='bbox 653 3646 705 3722; x_wconf 86' lang='lat' dir='ltr'><strong>pai</strong></span> <span class='ocrx_word' id='word_1_350' title='bbox 720 3645 869 3702; x_wconf 77' lang='lat' dir='ltr'><strong>suscitavit</strong></span> <span class='ocrx_word' id='word_1_351' title='bbox 884 3643 1025 3701; x_wconf 72' lang='lat' dir='ltr'><strong>Christum</strong></span> <span class='ocrx_word' id='word_1_352' title='bbox 1045 3645 1199 3702; x_wconf 79' lang='lat' dir='ltr'><strong>amortuis</strong></span> <span class='ocrx_word' id='word_1_353' title='bbox 1220 3644 1261 3704; x_wconf 84' lang='lat' dir='ltr'><strong>ni-</strong></span> 
     </span>
     <span class='ocr_line' id='line_1_35' title="bbox 97 3741 1412 3826; baseline 0 -18"><span class='ocrx_word' id='word_1_354' title='bbox 97 3745 231 3826; x_wconf 69' lang='lat' dir='ltr'><strong>urfieabit</strong></span> <span class='ocrx_word' id='word_1_355' title='bbox 244 3754 274 3803; x_wconf 82' lang='lat' dir='ltr'><strong>ct</strong></span> <span class='ocrx_word' id='word_1_356' title='bbox 287 3744 419 3804; x_wconf 82' lang='lat' dir='ltr'><strong>mortalr&#39;a</strong></span> <span class='ocrx_word' id='word_1_357' title='bbox 437 3763 557 3822; x_wconf 63' lang='lat' dir='ltr'><strong>romara</strong></span> <span class='ocrx_word' id='word_1_358' title='bbox 575 3755 679 3804; x_wconf 79' lang='lat' dir='ltr'><strong>uerna.</strong></span> <span class='ocrx_word' id='word_1_359' title='bbox 729 3741 806 3806; x_wconf 87' lang='lat' dir='ltr'><strong>Tum</strong></span> <span class='ocrx_word' id='word_1_360' title='bbox 826 3742 883 3806; x_wconf 89' lang='lat' dir='ltr'><strong>alio</strong></span> <span class='ocrx_word' id='word_1_361' title='bbox 902 3742 985 3806; x_wconf 75' lang='lat' dir='ltr'><strong>locor</strong></span> <span class='ocrx_word' id='word_1_362' title='bbox 1017 3745 1054 3802; x_wconf 87' lang='lat' dir='ltr'><strong>Si</strong></span> <span class='ocrx_word' id='word_1_363' title='bbox 1072 3747 1181 3804; x_wconf 70' lang='lat' dir='ltr'><strong>deamat</strong></span> <span class='ocrx_word' id='word_1_364' title='bbox 1193 3763 1256 3822; x_wconf 82' lang='lat' dir='ltr'><strong>peu,</strong></span> <span class='ocrx_word' id='word_1_365' title='bbox 1269 3762 1412 3820; x_wconf 70' lang='lat' dir='ltr'><strong>numnam.</strong></span> 
     </span>
     <span class='ocr_line' id='line_1_36' title="bbox 97 3848 1260 3928; baseline -0.001 -20"><span class='ocrx_word' id='word_1_366' title='bbox 97 3851 242 3928; x_wconf 77' lang='lat' dir='ltr'><strong>Quantam</strong></span> <span class='ocrx_word' id='word_1_367' title='bbox 260 3867 316 3907; x_wconf 86' lang='lat' dir='ltr'><strong>aaa</strong></span> <span class='ocrx_word' id='word_1_368' title='bbox 330 3867 392 3906; x_wconf 82' lang='lat' dir='ltr'><strong>sum</strong></span> <span class='ocrx_word' id='word_1_369' title='bbox 409 3865 525 3919; x_wconf 82' lang='lat' dir='ltr'><strong>manus,</strong></span> <span class='ocrx_word' id='word_1_370' title='bbox 549 3867 604 3908; x_wconf 87' lang='lat' dir='ltr'><strong>aaa</strong></span> <span class='ocrx_word' id='word_1_371' title='bbox 626 3866 686 3906; x_wconf 86' lang='lat' dir='ltr'><strong>sum</strong></span> <span class='ocrx_word' id='word_1_372' title='bbox 708 3868 745 3906; x_wconf 81' lang='lat' dir='ltr'><strong>ea</strong></span> <span class='ocrx_word' id='word_1_373' title='bbox 763 3867 899 3926; x_wconf 73' lang='lat' dir='ltr'><strong>corpore,-</strong></span> <span class='ocrx_word' id='word_1_374' title='bbox 923 3867 978 3908; x_wconf 86' lang='lat' dir='ltr'><strong>aon</strong></span> <span class='ocrx_word' id='word_1_375' title='bbox 1000 3848 1061 3906; x_wconf 80' lang='lat' dir='ltr'><strong>clleo</strong></span> <span class='ocrx_word' id='word_1_376' title='bbox 1082 3867 1139 3907; x_wconf 85' lang='lat' dir='ltr'><strong>aaa</strong></span> <span class='ocrx_word' id='word_1_377' title='bbox 1160 3857 1204 3928; x_wconf 80' lang='lat' dir='ltr'><strong>eat</strong></span> <span class='ocrx_word' id='word_1_378' title='bbox 1222 3868 1260 3907; x_wconf 82' lang='lat' dir='ltr'><strong>ea</strong></span> 
     </span>
     <span class='ocr_line' id='line_1_37' title="bbox 97 3944 1412 4031; baseline 0 -19"><span class='ocrx_word' id='word_1_379' title='bbox 97 3970 233 4031; x_wconf 70' lang='lat' dir='ltr'><strong>corpore.</strong></span> <span class='ocrx_word' id='word_1_380' title='bbox 282 3944 372 4010; x_wconf 83' lang='lat' dir='ltr'><strong>ltem:</strong></span> <span class='ocrx_word' id='word_1_381' title='bbox 401 3952 442 4008; x_wconf 81' lang='lat' dir='ltr'><strong>Et</strong></span> <span class='ocrx_word' id='word_1_382' title='bbox 462 3969 518 4009; x_wconf 86' lang='lat' dir='ltr'><strong>aaa</strong></span> <span class='ocrx_word' id='word_1_383' title='bbox 541 3950 701 4028; x_wconf 71' lang='lat' dir='ltr'><strong>infirmatam</strong></span> <span class='ocrx_word' id='word_1_384' title='bbox 719 3949 867 4010; x_wconf 80' lang='lat' dir='ltr'><strong>Abraham</strong></span> <span class='ocrx_word' id='word_1_385' title='bbox 880 3950 960 4028; x_wconf 79' lang='lat' dir='ltr'><strong>fide,</strong></span> <span class='ocrx_word' id='word_1_386' title='bbox 986 3952 1412 4026; x_wconf 77' lang='lat' dir='ltr'><strong>noauaimaduertitnon.t,1t.</strong></span> 
     </span>
     <span class='ocr_line' id='line_1_38' title="bbox 97 4047 1412 4132; baseline 0.002 -18"><span class='ocrx_word' id='word_1_387' title='bbox 97 4073 209 4132; x_wconf 73' lang='lat' dir='ltr'><strong>corpas</strong></span> <span class='ocrx_word' id='word_1_388' title='bbox 226 4071 305 4111; x_wconf 85' lang='lat' dir='ltr'><strong>suam</strong></span> <span class='ocrx_word' id='word_1_389' title='bbox 327 4061 476 4112; x_wconf 85' lang='lat' dir='ltr'><strong>mortuum.</strong></span> <span class='ocrx_word' id='word_1_390' title='bbox 520 4047 652 4112; x_wconf 87' lang='lat' dir='ltr'><strong>Deinde:</strong></span> <span class='ocrx_word' id='word_1_391' title='bbox 684 4053 758 4110; x_wconf 86' lang='lat' dir='ltr'><strong>Nam</strong></span> <span class='ocrx_word' id='word_1_392' title='bbox 778 4071 829 4110; x_wconf 82' lang='lat' dir='ltr'><strong>acc</strong></span> <span class='ocrx_word' id='word_1_393' title='bbox 846 4069 939 4111; x_wconf 86' lang='lat' dir='ltr'><strong>omnes</strong></span> <span class='ocrx_word' id='word_1_394' title='bbox 955 4052 1136 4132; x_wconf 73' lang='lat' dir='ltr'><strong>manifestari</strong></span> <span class='ocrx_word' id='word_1_395' title='bbox 1153 4063 1412 4130; x_wconf 76' lang='lat' dir='ltr'><strong>oportctuccr.s,1c.</strong></span> 
     </span>
     <span class='ocr_line' id='line_1_39' title="bbox 97 4155 1260 4234; baseline 0 -18"><span class='ocrx_word' id='word_1_396' title='bbox 97 4166 171 4216; x_wconf 83' lang='lat' dir='ltr'><strong>uate</strong></span> <span class='ocrx_word' id='word_1_397' title='bbox 188 4155 316 4214; x_wconf 82' lang='lat' dir='ltr'><strong>tribunal</strong></span> <span class='ocrx_word' id='word_1_398' title='bbox 329 4155 454 4228; x_wconf 80' lang='lat' dir='ltr'><strong>Christi,-</strong></span> <span class='ocrx_word' id='word_1_399' title='bbox 483 4163 518 4213; x_wconf 87' lang='lat' dir='ltr'><strong>ut</strong></span> <span class='ocrx_word' id='word_1_400' title='bbox 532 4155 641 4234; x_wconf 84' lang='lat' dir='ltr'><strong>reserat</strong></span> <span class='ocrx_word' id='word_1_401' title='bbox 655 4155 845 4234; x_wconf 71' lang='lat' dir='ltr'><strong>unusquisque</strong></span> <span class='ocrx_word' id='word_1_402' title='bbox 861 4173 933 4232; x_wconf 83' lang='lat' dir='ltr'><strong>quae</strong></span> <span class='ocrx_word' id='word_1_403' title='bbox 951 4173 1136 4232; x_wconf 78' lang='lat' dir='ltr'><strong>percorpus,</strong></span> <span class='ocrx_word' id='word_1_404' title='bbox 1161 4175 1260 4216; x_wconf 85' lang='lat' dir='ltr'><strong>secuu-</strong></span> 
     </span>
     <span class='ocr_line' id='line_1_40' title="bbox 98 4251 1410 4338; baseline 0.001 -18"><span class='ocrx_word' id='word_1_405' title='bbox 98 4261 170 4320; x_wconf 85' lang='lat' dir='ltr'><strong>dum</strong></span> <span class='ocrx_word' id='word_1_406' title='bbox 186 4277 258 4337; x_wconf 84' lang='lat' dir='ltr'><strong>puue</strong></span> <span class='ocrx_word' id='word_1_407' title='bbox 270 4260 371 4335; x_wconf 78' lang='lat' dir='ltr'><strong>geam&#39;t.</strong></span> <span class='ocrx_word' id='word_1_408' title='bbox 415 4251 507 4318; x_wconf 87' lang='lat' dir='ltr'><strong>ltem:</strong></span> <span class='ocrx_word' id='word_1_409' title='bbox 530 4257 676 4337; x_wconf 75' lang='lat' dir='ltr'><strong>Epistulae</strong></span> <span class='ocrx_word' id='word_1_410' title='bbox 691 4257 799 4336; x_wconf 82' lang='lat' dir='ltr'><strong>quu‘dem</strong></span> <span class='ocrx_word' id='word_1_411' title='bbox 812 4276 917 4334; x_wconf 70' lang='lat' dir='ltr'><strong>grume</strong></span> <span class='ocrx_word' id='word_1_412' title='bbox 929 4257 1077 4338; x_wconf 75' lang='lat' dir='ltr'><strong>etsartcs3</strong></span> <span class='ocrx_word' id='word_1_413' title='bbox 1096 4262 1410 4335; x_wconf 65' lang='lat' dir='ltr'><strong>praesentaremus.</strong></span> 
     </span>
    </p>
   </div>
   <div class='ocr_carea' id='block_1_3' title="bbox 94 4407 1259 4543">
    <p class='ocr_par' dir='ltr' id='par_1_3' title="bbox 94 4407 1259 4543">
     <span class='ocr_line' id='line_1_41' title="bbox 136 4407 1259 4474; baseline 0.001 -12"><span class='ocrx_word' id='word_1_414' title='bbox 136 4411 163 4462; x_wconf 83' lang='lat'><strong>3.</strong></span> <span class='ocrx_word' id='word_1_415' title='bbox 181 4407 488 4474; x_wconf 75' lang='lat' dir='ltr'><strong>Fmtcsreueurxpupiuur.</strong></span> <span class='ocrx_word' id='word_1_416' title='bbox 518 4411 596 4471; x_wconf 81' lang='lat' dir='ltr'><strong>Quam</strong></span> <span class='ocrx_word' id='word_1_417' title='bbox 610 4411 668 4460; x_wconf 84' lang='lat' dir='ltr'><strong>sort-</strong></span> <span class='ocrx_word' id='word_1_418' title='bbox 701 4411 760 4460; x_wconf 79' lang='lat' dir='ltr'><strong>ttoni</strong></span> <span class='ocrx_word' id='word_1_419' title='bbox 775 4413 922 4468; x_wconf 79' lang='lat' dir='ltr'><strong>caumatum,</strong></span> <span class='ocrx_word' id='word_1_420' title='bbox 937 4410 1000 4470; x_wconf 79' lang='lat' dir='ltr'><strong>quoa</strong></span> <span class='ocrx_word' id='word_1_421' title='bbox 1014 4422 1084 4471; x_wconf 79' lang='lat' dir='ltr'><strong>penes</strong></span> <span class='ocrx_word' id='word_1_422' title='bbox 1097 4425 1134 4462; x_wconf 82' lang='lat' dir='ltr'><strong>ma</strong></span> <span class='ocrx_word' id='word_1_423' title='bbox 1148 4416 1188 4462; x_wconf 81' lang='lat' dir='ltr'><strong>ert.</strong></span> <span class='ocrx_word' id='word_1_424' title='bbox 1221 4426 1259 4463; x_wconf 77' lang='lat' dir='ltr'><strong>us·</strong></span> 
     </span>
     <span class='ocr_line' id='line_1_42' title="bbox 94 4473 970 4543; baseline -0.002 -15"><span class='ocrx_word' id='word_1_425' title='bbox 94 4485 199 4543; x_wconf 70' lang='lat' dir='ltr'><strong>ptumum</strong></span> <span class='ocrx_word' id='word_1_426' title='bbox 206 4477 668 4541; x_wconf 59' lang='lat' dir='ltr'><strong>domebeudotumorpmeampttselrct-</strong></span> <span class='ocrx_word' id='word_1_427' title='bbox 701 4473 828 4542; x_wconf 76' lang='grc' dir='ltr'><strong>κρώμειοι</strong></span> <span class='ocrx_word' id='word_1_428' title='bbox 844 4479 880 4526; x_wconf 82' lang='lat' dir='ltr'><strong>at.</strong></span> <span class='ocrx_word' id='word_1_429' title='bbox 895 4479 970 4539; x_wconf 73' lang='lat' dir='ltr'><strong>princ.</strong></span> 
     </span>
    </p>
   </div>
   <div class='ocr_carea' id='block_1_4' title="bbox 0 0 1592 4930">
    <p class='ocr_par' dir='ltr' id='par_1_4' title="bbox 0 0 1592 4930">
     <span class='ocr_line' id='line_1_43' title="bbox 0 0 1592 4930; baseline 0 0"><span class='ocrx_word' id='word_1_430' title='bbox 0 0 1592 4930; x_wconf 95' lang='lat' dir='ltr'><strong> </strong></span> 
     </span>
    </p>
   </div>
  </div>
 </body>
</html>
