3128 4930
354 253 491 306 tenatur
507 253 572 306 Ltu.
582 253 614 309 ll.
631 255 713 310 ἸὉΜ.
726 257 746 308 l.
760 253 861 309 ΗΑΕΒ.
875 255 952 310 nvn.
1174 249 1231 311 151

81 373 196 438 insanin
214 394 330 460 passum
349 393 417 438 esse
433 384 544 460 patrem
567 397 625 440 non
645 374 789 440 dubitavit
808 396 956 441 asserere.
1003 373 1111 444 Sedet
1131 381 1235 444 maiori

81 478 200 561 quadam
224 476 393 561 arrogantia
414 497 449 539 ac
467 476 604 541 vecordia
627 477 721 542 elatus
743 498 811 542 sese
834 476 990 566 Mopsum,
1020 483 1139 546 tratrem
1162 504 1236 547 vero

81 600 162 642 auum
182 579 335 643 Aaronem
353 599 421 642 esee
437 579 522 644 (linit.
569 576 650 642 lnter
667 579 739 644 haec
762 579 867 646 bertae
888 583 1047 646 memoriae
1071 585 1237 671 presbyteri

82 680 140 746 eins
159 680 205 746 rei
229 683 304 746 loma
319 681 442 766 permoti
462 681 607 746 hominem
623 682 784 762 advocant,
809 685 902 768 deque
921 683 966 748 lris
987 686 1121 750 omnibus
1143 688 1234 752 inter-

81 794 200 868 rogent,
225 795 391 848 utrumnam
410 793 468 847 tam
488 782 732 848 contumeliosum
748 785 777 850 in
800 795 913 871 patrem
935 788 1041 872 dogma
1066 790 1235 874 proposuis-

80 897 132 950 set.
165 885 209 950 At
223 886 272 949 ille
287 906 387 949 corern
402 885 642 969 presbyterorum
658 907 800 952 consessu
818 889 975 972 productus
990 889 1113 954 inficiari
1129 892 1234 976 primu,

80 989 151 1072 qnorl
174 999 242 1052 ante
266 989 359 1074 ipsum
383 1007 469 1052 cerno
489 998 575 1052 atrox
599 988 669 1054 tttut
691 1000 779 1075 atque
796 990 918 1055 exitiale
936 991 1019 1057 virus
1041 993 1232 1058 evomuisset.

79 1088 187 1155 Postea
206 1111 291 1170 vero,
316 1112 380 1154 cnm
397 1089 508 1154 rabiem
525 1110 608 1154 suctu
627 1091 786 1172 nonnullis,
811 1104 843 1156 nt
858 1093 896 1156 ita
913 1093 1020 1173 dicam,
1044 1096 1233 1179 aspersisset,

80 1213 110 1256 ac
134 1193 237 1256 decem
262 1194 324 1256 lere
341 1192 474 1258 homines
497 1192 552 1256 sibi
569 1193 772 1273 adiunxisset,
797 1195 938 1259 maiorem
957 1197 987 1262 in
1005 1197 1170 1282 superbiam
1192 1207 1235 1262 nt·

79 1315 130 1378 que
154 1294 342 1360 insolentiam
364 1295 459 1359 elatus
486 1305 573 1378 etque
599 1294 737 1359 audacior
761 1298 855 1362 lactus
877 1298 969 1382 palam
994 1298 1130 1362 haeresin
1151 1320 1235 1364 snam

79 1396 291 1462 disseminavit.
338 1394 465 1460 Proinde
483 1416 600 1461 rursum
622 1397 697 1460 idern
715 1397 755 1462 illi
772 1399 938 1484 presbyteri
958 1411 1015 1464 tam
1032 1401 1126 1486 ipsnnr
1148 1399 1235 1486 quarn

80 1499 123 1583 qui
145 1520 179 1563 se
196 1501 231 1564 at
249 1519 315 1563 enm
333 1499 492 1564 infeliciter
510 1510 709 1583 aggregarent
724 1513 892 1580 arcessunt,
915 1513 1002 1587 atque
1018 1501 1122 1566 iisdem
1136 1505 1171 1567 de
1188 1523 1235 1568 re·
1259 1531 1260 1534 ¹

79 1601 129 1665 lrns
150 1601 351 1666 sciscitantur.
397 1598 451 1666 llle
475 1622 540 1664 unm
567 1622 658 1686 grege
682 1622 737 1666 suo
760 1603 886 1666 frontem
911 1603 1074 1690 perfricans
1097 1605 1237 1670 audacter

80 1703 282 1768 contradicere
301 1703 407 1789 eoepit.
454 1705 501 1768 Ao
517 1703 603 1787 qnid,
627 1703 738 1787 inquit,
762 1705 830 1768 meli
849 1705 925 1770 leci?
968 1705 1065 1772 Unum
1079 1708 1164 1772 rleunr
1183 1729 1236 1772 ve·

79 1825 180 1884 necor,
205 1827 294 1870 nnnm
310 1806 392 1886 novi,
416 1825 472 1870 nec
487 1815 606 1891 praeter
620 1806 715 1890 ipsum
729 1806 852 1871 alterum
867 1818 978 1888 natum,
1004 1831 1133 1894 passum,
1157 1831 1236 1876 mor·

78 1919 170 1972 tunm.
215 1907 263 1972 tt
280 1928 366 1993 quam
381 1908 546 1993 opinionem
563 1929 628 1972 uum
641 1893 816 1974 constanter
831 1910 1075 1993 adhaeresceret,
1100 1934 1165 1977 euru
1185 1935 1236 1999 pn·

78 2012 152 2074 n'ter
167 2021 254 2094 atque
270 2010 335 2074 eius
351 2010 509 2097 discipulos
526 2010 562 2075 ab
580 2010 707 2076 aeclesia
723 2012 846 2097 pellunt.
880 2010 1011 2078 Moritur
1028 2014 1133 2079 deinde
1148 2015 1235 2102 paulo

76 2123 143 2197 post
160 2133 226 2176 cnm
243 2113 334 2176 frutre
349 2133 422 2191 suo;
447 2133 541 2197 neque
559 2123 657 2178 tamen
676 2124 726 2178 ant
741 2114 789 2180 illc
805 2114 868 2200 pari
885 2136 919 2178 ac
938 2112 1063 2202 Moyses
1079 2116 1161 2198 olim,
1185 2129 1236 2184 aut

77 2215 140 2280 eins
166 2217 278 2292 irater,
300 2215 403 2278 endem
426 2236 481 2301 qua
499 2215 602 2280 Aaron
623 2215 844 2281 honorificentia
861 2217 967 2304 sepulti
989 2229 1074 2301 sunt3
1099 2231 1236 2306 tanquam

77 2319 154 2382 enim
180 2316 350 2382 desertores
374 2316 480 2382 abiecti
500 2328 588 2396 snrrt,
619 2338 674 2382 nec
695 2318 732 2382 ab
756 2319 814 2383 nlln
834 2320 1043 2386 catholicorum
1066 2323 1235 2408 sepulturae

77 2419 218 2484 mutari.
262 2417 336 2484 Post
351 2419 424 2484 haee
442 2419 491 2504 qni
510 2430 676 2505 corruptam
694 2421 730 2486 eb
748 2442 784 2485 eo
802 2422 963 2488 doctrinam
983 2423 1144 2488 hauserunt
1157 2425 1234 2490 istud

77 2521 169 2606 ipsum
194 2522 301 2606 dogna
326 2521 572 2601 corroborarunt,
602 2522 704 2587 iisdem
728 2523 832 2608 qnilrns
849 2524 978 2609 ipsorum
995 2525 1137 2612 magister
1151 2527 1235 2592 initio

78 2625 177 2688 verbis
195 2625 325 2689 adducti.
369 2623 450 2689 Nam
466 2645 532 2688 curn
548 2624 788 2712 presbyterorum
805 2627 930 2691 concilio
945 2628 1129 2713 percontanti
1143 2629 1235 2694 dinis·

77 2739 122 2790 set
139 2748 229 2792 nnnm
252 2748 287 2790 se
306 2727 390 2792 lenm
412 2727 530 2806 colere,
551 2748 624 2792 vere
648 2725 703 2790 huo
725 2727 762 2792 eb
783 2727 840 2792 illis
860 2749 1032 2816 responsum
1055 2733 1164 2796 nudiitr
1194 2730 1237 2796 Et

78 2851 131 2896 nus
148 2851 238 2894 unnm
256 2850 373 2916 qnoque
392 2829 478 2894 lenm
498 2827 639 2908 colimus,
663 2831 714 2894 sed
738 2833 977 2914 quemadmodum
1001 2834 1130 2918 legitime
1155 2834 1235 2900 illum

77 2934 176 2998 colere
192 2933 343 2998 norimus.
388 2929 550 3017 tritenqna
566 2928 717 2996 Christum
739 2932 879 2998 habemus
898 2955 1003 3015 unum,
1027 2936 1079 3001 sed
1097 2938 1236 3022 quemad·

80 3037 193 3100 modurn
212 3036 361 3114 nouimus,
387 3055 474 3098 naum
493 3030 644 3100 Christum
662 3034 710 3098 lei
726 3033 827 3115 lilium,
852 3057 982 3120 possum,
1006 3042 1150 3124 mumulo
1169 3061 1236 3126 pns-

77 3159 127 3201 sns
141 3149 206 3216 est,
232 3149 396 3217 mortuum,
421 3137 566 3223 quomodo
583 3145 714 3202 mortuus
732 3148 789 3202 est.
836 3135 894 3222 Qui
911 3151 941 3204 et
955 3143 1133 3222 resurrexit,
1158 3143 1235 3207 etin

78 3240 189 3304 coelnrn
207 3241 357 3317 ascendit,
382 3250 410 3303 et
431 3239 466 3303 at
487 3239 578 3326 patris
597 3241 750 3304 dexteram
772 3251 889 3320 manet,
913 3252 944 3306 et
962 3253 1103 3309 venturus
1121 3256 1170 3310 est
1190 3247 1235 3310 in·

78 3342 175 3408 dicare
195 3341 281 3408 vivos
297 3353 327 3406 et
344 3351 488 3406 mortuos.
526 3340 609 3406 llnec
626 3363 680 3407 nos
697 3363 730 3406 ac
748 3342 902 3428 scripturis
918 3344 1012 3409 sceris
1028 3359 1147 3434 accepta
1167 3370 1234 3434 pro-

77 3445 209 3524 litemnr,
235 3465 310 3531 qnae
333 3457 364 3509 et
385 3445 532 3509 novimus.

162 3547 241 3612 llinc
262 3545 404 3612 Nne‘tiani
429 3547 509 3612 velet
534 3548 569 3612 alr
595 3569 631 3612 eo
650 3548 745 3614 avulsi
764 3569 800 3612 nc
821 3551 971 3636 propagati
993 3562 1079 3638 atque
1101 3551 1233 3616 universi
1251 3569 1311 3638 esp.
1327 3571 1358 3622 tt.

77 3651 142 3716 eius
157 3651 293 3715 asseclae
308 3651 384 3714 idem
402 3652 508 3736 dogma
527 3651 716 3736 profitentur,
740 3671 775 3714 ac
796 3651 952 3718 lenaticum
973 3655 1050 3721 illam
1072 3653 1233 3719 doctrinam

77 3754 220 3818 eiusmodi
239 3753 341 3818 verbis
354 3755 498 3818 affirmare
516 3763 660 3818 conentur
676 3751 781 3838 quilius
795 3751 935 3842 Moysen
953 3757 1026 3822 dens
1041 3759 1145 3824 allatus
1168 3767 1232 3821 est:

76 3860 142 3936 Ego
158 3879 219 3918 suna
234 3859 304 3920 deus
314 3869 430 3938 potrum
446 3868 611 3918 canorum.
647 3861 712 3936 Ego
724 3861 847 3938 munus,
871 3871 902 3922 et
910 3881 964 3940 ego
976 3865 1130 3942 poetatur.
1167 3863 1233 3923 Non

75 3971 163 4020 ml
177 3961 231 4021 te'lr'
243 3963 288 4022 dn·
299 3963 388 4022 elteri
404 3969 458 4022 etc.
506 3955 556 4024 Ex
575 3959 681 4044 quibus
697 3960 737 4022 ita
755 3958 947 4044 colligebant:
978 3959 1044 4025 Nos
1062 3961 1157 4046 ipsun
1181 3983 1234 4029 nc·

75 4061 175 4126 vimns
190 4061 298 4128 solum.
345 4059 446 4144 anre
462 4061 488 4125 si
503 4061 628 4126 veniens
641 4057 778 4126 Christus
795 4071 882 4126 natus
898 4072 955 4142 est,
980 4063 1056 4128 idem
1070 4063 1133 4151 ipse
1151 4076 1235 4152 pater
1254 4129 1258 4136 ,

76 4174 175 4226 estet
194 4165 290 4244 lilius,
315 4164 391 4230 idem
410 4165 535 4250 denique
556 4165 691 4228 deusest
712 4163 760 4246 qui
783 4172 812 4227 ct
833 4184 951 4252 semper
972 4165 1027 4230 luit
1046 4178 1078 4231 et
1099 4167 1130 4232 in
1150 4189 1234 4254 prae·

74 4265 174 4331 sentia
189 4268 289 4348 venit,
314 4278 346 4333 ut
363 4266 510 4354 scriptura
528 4266 675 4332 declarat:
698 4270 754 4330 Hic
773 4280 818 4330 est
831 4272 899 4332 dees
915 4281 991 4334 ruas.
1035 4275 1103 4336 Non
1119 4286 1233 4355 reputo·
1245 4289 1366 4387 ⁸suppone⁸¹²

112 4489 176 4542 cn.
190 4492 221 4543 ιι.
237 4519 271 4532 -
299 4491 322 4544 1.
342 4493 439 4543 career
453 4485 498 4559 ep·
515 4482 560 4557 ets,
577 4493 641 4555 queo
655 4494 760 4556 nuuc
774 4495 893 4546 amorre.
928 4495 995 4548 nnn
1008 4497 1094 4552 ιιιιιιι
1110 4488 1158 4562 ἀφ’
1174 4483 1216 4562 ἧς.
