3176 4930
377 253 515 341 niutau
532 253 596 306 crs.
609 253 641 304 u.
657 251 739 306 rom.
754 255 774 306 ι.
791 253 891 304 nans.
905 253 997 305 sxrv.
1206 239 1267 304 293

107 373 193 457 qnasi
213 374 354 438 medicam
373 374 517 459 quandam
538 366 805 460 purgationemits
829 383 953 438 mortem
976 373 1048 438 deus
1072 365 1266 457 excogitauit,

92 482 140 538 'ut
164 497 220 539 nos
241 475 387 540 immunes
408 477 445 540 ab
467 477 547 540 omni
569 477 674 540 damno
697 476 886 559 integrosque
908 486 1083 562 praestaret.
1312 525 1372 591 cap.

194 577 261 662 Age
276 579 371 656 enim,
396 579 532 663 quonium
547 578 645 644 moltis
661 577 696 642 ad
713 579 740 641 id
757 577 902 662 exemplis
919 597 992 662 opus
1007 587 1066 655 est,
1091 575 1158 640 hine
1176 575 1267 662 potis·
1281 593 1408 644 xxxtv.

106 679 215 744 simum
231 681 290 744 ista
311 680 551 759 consideremus;
575 702 670 765 nequo
688 679 768 765 prius
785 679 821 742 alr
839 701 875 743 cn
893 690 1066 764 argumento
1083 661 1414 742 discedamoslxxllll

105 803 193 867 qnam
209 781 238 845 io
257 783 411 847 clariorem
431 784 655 868 explicationem
673 803 707 846 ac
725 781 927 868 prolationem
943 793 1044 846 nostra
1063 781 1184 844 desierit
1199 803 1267 846 ora·

106 885 163 948 tio.
209 881 337 949 Perinde
360 886 450 970 igitur
468 884 628 969 contigisse
652 885 720 948 mihi
744 885 862 947 videtur
877 905 912 946 sc
928 883 1166 969 sipcritissiunus
1188 884 1267 968 qnis-

105 988 184 1073 pism
210 988 318 1052 artifex
337 987 487 1072 egregiam
510 1007 548 1051 ex
566 1009 639 1051 auro
657 998 709 1050 aut
727 986 784 1050 alia
800 987 923 1050 materia
943 995 1066 1050 statuam
1084 1007 1101 1049 a
1121 1006 1155 1050 sc
1178 985 1267 1049 fabri-

104 1100 201 1154 catam
219 1111 254 1152 ae
271 1089 410 1154 membris
427 1089 564 1154 omnibus
582 1089 725 1152 concinne
745 1089 956 1173 eleganterque
972 1087 1144 1173 perpolitam
1159 1087 1264 1151 iterum

104 1193 232 1273 condet,
258 1193 333 1277 quod
353 1193 432 1256 illam
458 1192 581 1256 subinde
598 1191 634 1253 ab
654 1191 835 1274 nequissimo
857 1192 955 1274 aliquo
973 1191 1116 1254 foedatam
1136 1190 1266 1254 animad-

101 1295 241 1372 verterit,
266 1295 313 1379 qni
332 1295 405 1358 Ιιιιιι
421 1305 537 1358 ιιιιιιι
554 1292 794 1379 pulchritudinem
815 1313 885 1377 prae
901 1293 1012 1356 invidia
1031 1311 1091 1356 non
1108 1294 1208 1356 ferens
1225 1293 1266 1357 la·

103 1398 170 1461 bem
188 1397 315 1482 aliquam
332 1398 441 1461 inferre
458 1395 621 1472 studuerit,
646 1415 703 1479 qno
722 1392 840 1458 inanem
864 1415 904 1460 ex
930 1393 1039 1459 invidia
1062 1415 1115 1460 sua
1139 1395 1265 1458 fructum

101 1511 237 1586 caperet.
281 1500 495 1568 Animadverte
512 1500 609 1577 enim,
632 1519 650 1560 o
667 1496 885 1583 sapientissime
903 1498 1098 1582 Aglaophon,
1123 1496 1148 1562 si
1164 1499 1264 1561 detor·

101 1613 201 1688 patam
225 1623 260 1666 ac
281 1603 427 1666 foedatam
452 1601 531 1666 illam
556 1601 665 1664 habere
685 1610 809 1676 statuam
832 1600 905 1664 nolit
922 1599 1048 1679 artifex,
1073 1621 1158 1685 quam
1180 1610 1263 1663 tauto

100 1705 201 1769 studio
227 1704 434 1789 diligentiaque
458 1703 634 1781 elaborarit,
663 1724 779 1768 rursum
804 1705 833 1768 in
855 1702 982 1766 animam
1005 1702 1207 1780 inductorum,
1233 1713 1265 1766 ut

100 1809 183 1871 illam
198 1807 353 1872 conflatam
370 1805 463 1892 qualis
481 1816 545 1870 erat
562 1817 649 1870 antea
666 1805 793 1870 reliciat.
837 1804 923 1889 Quod
940 1807 965 1868 si
983 1807 1104 1870 lundene
1121 1806 1217 1870 denuo
1234 1815 1266 1868 et

99 1913 130 1973 in
150 1931 242 1974 onum
263 1928 371 1994 cogere
394 1931 454 1972 uon
478 1907 586 1988 libeat,
611 1910 747 1974 sedeam
773 1909 916 1972 duntaxat
933 1908 1092 1974 emendans
1113 1929 1148 1971 ae
1170 1907 1264 1972 corri-

99 2032 177 2096 gens
197 2013 238 2074 ita
258 2013 299 2076 nti
316 2031 349 2075 sc
367 2011 453 2075 habet
472 2011 638 2095 relinquat,
663 2031 788 2076 necesse
805 2021 850 2074 est
866 2011 927 2094 igni
941 2011 1142 2076 candefactam
1161 2031 1198 2074 ac
1221 2011 1263 2074 fs·
1367 2079 1374 2089 ,

99 2114 167 2178 brili
183 2125 248 2178 arte
264 2123 451 2178 retractatam
467 2114 591 2198 effigiem
606 2135 665 2176 non
680 2113 804 2178 candem
819 2135 939 2177 manere
956 2113 1092 2202 amplius,
1115 2115 1166 2178 scd
1183 2133 1263 2178 oom-

98 2225 243 2280 mutatam
262 2237 295 2280 ac
311 2216 481 2280 distractam
496 2215 603 2280 videri.
649 2214 751 2299 Quare
769 2215 794 2280 si
813 2216 995 2301 praeclarum
1017 2237 1051 2280 ac
1072 2216 1146 2280 labis
1167 2216 1262 2280 omnis

98 2340 212 2406 expers
230 2339 302 2405 opus
323 2339 407 2382 sunm
425 2339 492 2384 esse
510 2317 655 2397 voluerit,
680 2318 825 2402 confringi
845 2319 1025 2403 conterique
1048 2318 1154 2382 iterum
1175 2337 1262 2402 opor·

99 2433 161 2501 tet,
195 2433 226 2485 ιι
249 2421 384 2506 quiequid
408 2421 620 2485 malevolorum
647 2421 748 2484 fraude
773 2431 859 2506 atquc
882 2420 992 2484 invidia
1014 2417 1201 2505 turpitudinis
1226 2439 1262 2482 ιι

97 2525 164 2590 uitii
182 2535 230 2588 eat
249 2523 387 2602 allatum,
418 2523 632 2588 instauratione
654 2543 689 2587 ae
712 2522 888 2586 conflatione
912 2523 1048 2602 tollatur,
1072 2521 1260 2588 simulacrum

99 2647 192 2714 porro
209 2627 302 2712 ipsam
327 2625 472 2710 integrum
496 2637 527 2688 et
542 2625 675 2690 illaesum
694 2626 790 2689 denuo
809 2625 864 2688 sibi
887 2645 971 2708 qoam
994 2624 1171 2689 simillimum
1194 2625 1261 2688 red.-

98 2733 199 2793 dator.
246 2725 290 2792 lta
306 2727 384 2791 enim
402 2738 517 2792 statuae
533 2728 588 2815 ipsi
604 2727 738 2812 contigit,
764 2749 822 2790 nnn
840 2738 872 2791 ut
889 2727 991 2791 artilici
1006 2748 1061 2790 suo
1077 2737 1192 2813 penest,
1217 2735 1260 2790 ιι-

98 2830 188 2896 metsi
211 2830 240 2893 in
262 2851 345 2894 suom
369 2831 520 2894 materiem
544 2831 694 2910 solvatur,
722 2831 773 2894 sed
794 2840 826 2893 ot
848 2829 878 2892 iu
901 2831 1046 2914 integrum
1074 2831 1258 2910 restituatur,

97 2935 182 2998 labes
202 2944 298 2996 nutem
315 2953 417 2998 omncs
434 2953 469 2996 ac
487 2933 643 2997 foeditates
661 2953 725 2996 cum
742 2933 805 3017 ipsa
822 2932 1028 3017 eolliqnatione
1044 2941 1178 3018 pereant,
1200 2953 1259 2996 non

98 3034 225 3120 amplios
242 3036 383 3115 redeunt,
408 3047 563 3121 propterea
580 3037 655 3120 quod
677 3036 707 3098 in
728 3035 806 3098 omni
825 3046 895 3100 arte*
909 3035 1178 3120 praestantissimus
1197 3035 1259 3120 opi·

98 3140 150 3202 fex
171 3158 231 3201 non
252 3138 279 3201 itl
297 3138 373 3222 qood
394 3139 423 3202 in
444 3157 534 3224 opere
555 3159 610 3202 suo
633 3138 820 3222 turpitudinis
840 3148 870 3199 ct
889 3135 1065 3200 offensionis
1078 3137 1185 3221 aliquid
1210 3137 1259 3200 ha·

97 3241 185 3318 beat,
209 3241 261 3303 sed
277 3243 352 3325 quod
372 3239 523 3327 aptissime
538 3239 714 3304 modulatum
733 3239 901 3323 affabreqoe
921 3241 1091 3303 factumest
1112 3240 1167 3302 sibi
1192 3259 1258 3325 pro·

100 3353 203 3428 ponat.
249 3339 330 3406 ldem
353 3343 444 3426 igitur
467 3342 498 3406 in
522 3344 608 3408 ruobis
624 3343 731 3407 fecisse
747 3341 816 3408 mihi
834 3342 906 3405 deos
927 3353 956 3405 ct
971 3341 1192 3406 adruinistrnssc
1214 3343 1258 3406 ui·

97 3447 198 3509 detur.
244 3441 320 3510 Cum
340 3446 416 3509 enim
436 3445 582 3510 hominem
600 3444 850 3529 elegantissimum
870 3464 942 3528 opus
960 3465 1042 3507 suum
1065 3445 1258 3510 fraudolentia

95 3547 212 3612 artibus
235 3558 322 3633 atquc
343 3549 453 3612 invidia
480 3549 608 3633 pessime
629 3547 764 3612 auectam
781 3547 912 3624 rideret,
942 3546 1028 3608 talem
1052 3568 1105 3632 pro
1129 3567 1183 3612 soa
1206 3547 1257 3612 be·

97 3651 244 3736 nignitate
265 3651 434 3734 relinquere
457 3651 566 3729 noluit,
590 3670 628 3715 ne
652 3651 706 3714 hae
725 3651 754 3713 in
778 3671 893 3712 omnam
917 3649 1122 3713 aeternitatem
1145 3650 1257 3714 macula

135 3873 176 3924 to.
194 3871 345 3941 gunsiaco<
359 3867 516 3928 αἰὄλλιιιται
533 3875 644 3926 Guttoad.
696 3877 749 3933 τοῖς
766 3871 795 3928 dl
811 3872 879 3942 cleg.
898 3873 1009 3924 ticttond.

134 3941 176 3992 tt.
194 3939 223 3994 sd
234 3937 296 3995 cairi
305 3931 457 4002 ιῖδιςιῦἱιις
471 3939 500 3997 τὸ
511 3935 552 4008 ἅγ.
567 3937 661 4008 rimosis.
732 3940 771 3993 14.
789 3935 998 4006 ducentenarium
1016 3943 1078 3992 Golt.

95 4007 191 4064 tumet
213 4003 296 4070 ἀσινὲς
316 4009 361 4063 καὶ
381 4005 564 4079 ἀκιβδιὶλιιτιι
585 4027 663 4062 κατι·
733 4011 771 4060 15.
790 4011 830 4060 Sis
845 4011 934 4060 emerici.
946 4009 1059 4059 Goltond.
1092 4010 1159 4060 Libri
1174 4009 1259 4062 tatem

95 4079 152 4144 capi
173 4078 285 4128 Gottood.
698 4073 957 4145 ἑπιτειχὸησόμιιιι,
984 4075 1093 4126 otl'enscs
1109 4081 1179 4128 uertit
1201 4080 1258 4129 Gor·

133 4145 174 4197 ι’).
194 4139 242 4198 tat
260 4149 337 4209 recept
351 4161 381 4198 ec
391 4149 503 4197 Gottond.
530 4147 596 4199 stet
609 4147 661 4196 uut-
696 4147 785 4196 mrim.
990 4193 996 4201 ,

94 4230 125 4278 go
140 4215 253 4276 ριίιιιιιι
266 4211 341 4280 κατὰ,
358 4217 421 4278 quod
432 4217 542 4265 Pctnutuc
554 4217 662 4278 ιριιιιιιι
732 4211 770 4264 16.
787 4215 893 4264 Fortasse
910 4207 1010 4280 εὐφυὲς.

94 4283 215 4332 todteooit
237 4287 258 4331 ιι
273 4286 364 4334 cnemis
386 4285 487 4334 tactusit.
503 4311 538 4324 -
573 4285 662 4337 comto·
730 4279 769 4334 l'l.
794 4278 827 4346 δή
847 4283 958 4332 cottone.
993 4283 1067 4346 Vulgo
1081 4277 1118 4335 δὲ.
1151 4285 1216 4336 idern
1231 4288 1257 4336 ιιι

94 4353 148 4400 rius
162 4351 256 4399 uidetur
269 4353 350 4415 legisse
360 4351 398 4420 τῷ
409 4345 487 4403 circui
501 4350 612 4420 τεχνίτῃ,
630 4355 661 4402 ιι-
693 4366 755 4416 seqq.
773 4365 818 4402 cm.
838 4343 926 4409 uiroc.

95 4419 193 4481 guidem
207 4422 292 4468 antu:
310 4435 374 4504 „per
389 4417 508 4469 artificem
523 4419 627 4486 ipsius.“
733 4420 769 4471 ltl.
795 4421 861 4470 Edttt
885 4420 990 4483 (praefer
1007 4420 1131 4486 (defined.)
1157 4417 1256 4490 qtffe'tpt,

134 4485 173 4537 te.
202 4486 289 4556 χυθῇ,
316 4487 526 4554 consonantium
546 4485 576 4542 ot
593 4485 662 4542 lert·
695 4489 811 4540 mendose.
834 4490 909 4540 ,ιιιιι
920 4490 1008 4550 oteeutt
1022 4484 1112 4558 φθόνῳ
1125 4505 1154 4546 τι
1167 4505 1255 4546 mass
