3116 4934
321 243 457 296 nanann
472 241 536 296 nra.
549 238 579 294 tr.
595 241 676 296 rou.
691 245 710 294 1.
729 239 827 294 naun.
841 241 911 292 arx„
1133 223 1192 292 193

66 375 153 450 ruptam
168 385 266 449 sepem
284 365 321 428 ad
337 360 479 452 publicam
496 363 572 428 viam
591 362 745 447 repererit,
770 373 800 426 et
816 361 882 425 illac
899 363 958 424 iter
973 381 1040 425 csse
1055 361 1111 424 sibi
1130 382 1195 424 cre-

67 467 120 529 dens
134 466 230 530 relicta
250 467 298 531 via
315 465 462 552 paululum
482 463 649 544 deflexerit,
674 474 755 528 ratus
772 463 964 550 propinquum
984 483 1051 527 esse
1067 465 1192 544 exitum,

66 591 192 654 perquem
211 569 309 633 redire
328 570 357 632 iu
374 567 450 632 viam
469 567 572 634 iterum
590 567 700 654 possit,
726 587 780 630 nec
798 567 867 630 illud
887 567 996 646 sciens,
1021 566 1194 630 altissimum

66 670 109 734 illic
126 693 184 735 esse
205 692 318 736 murum
337 692 372 734 ac
388 671 559 756 longissimo
576 669 670 756 spatio
687 671 899 754 interceptum,
924 679 1010 754 atque
1027 669 1068 733 ita
1085 669 1197 733 discor·

66 783 114 852 rat,
135 796 259 859 necque
282 775 375 861 possit
400 774 501 857 egredi
520 773 631 860 uspiam
658 772 802 856 reperiat,
834 793 957 857 cumque
981 793 1040 836 uno
1063 771 1196 835 alterove

65 875 146 940 miliari
165 898 341 963 progressus
365 878 468 956 luerit,
493 876 609 962 longius
630 875 767 960 deinceps
791 874 848 938 iter
872 875 1016 960 supersit,
1042 874 1197 949 neoniam

66 979 195 1063 expediat,
221 980 272 1043 sed
295 980 350 1043 huc
374 979 500 1063 illucque
525 999 557 1042 se
578 980 728 1058 conferat,
753 977 798 1040 bic
822 977 913 1062 igitur
932 978 968 1041 ad
992 997 1058 1040 eum
1082 971 1196 1039 modum

64 1079 196 1162 laborans,
227 1103 321 1168 neque
346 1083 436 1146 ullum
460 1083 494 1146 ad
517 1089 627 1144 rectam
649 1081 726 1144 viam
748 1079 806 1144 iter
826 1079 1005 1164 expediens,
1031 1100 1090 1143 non
1113 1079 1199 1142 aliter

66 1183 175 1248 lonassis
191 1186 325 1249 inueniet
344 1184 470 1270 quamsi
489 1185 590 1247 eadem
612 1205 667 1270 qua
685 1184 837 1268 ingressus
857 1193 922 1246 erat
945 1193 1128 1246 revertatur:
1154 1181 1198 1245 sic

64 1285 172 1352 baeresis
191 1287 306 1366 omnis,
330 1309 396 1352 cum
413 1285 529 1351 itineris
551 1284 753 1371 compendium
774 1285 897 1350 baberet
915 1285 944 1348 in
967 1296 1118 1371 promptu,
1144 1305 1198 1372 per

64 1387 146 1472 longas
166 1391 305 1475 ambages
325 1392 458 1476 digressa
480 1389 509 1452 io
534 1389 739 1454 solidissimum
761 1411 874 1453 taurum
895 1388 1012 1468 incidit,
1037 1387 1199 1452 cuiusmodi

63 1501 98 1552 est
109 1492 286 1576 ignorantiae
303 1493 495 1576 inscitiaeque
513 1491 649 1577 impedita
665 1513 699 1555 ac
717 1503 848 1556 tortuosa
867 1493 968 1556 dexio.
1003 1487 1110 1575 Neque
1126 1511 1199 1554 vero
1292 1500 1295 1510 ⁴

63 1591 175 1658 iarenire
196 1617 322 1680 unquam
346 1593 396 1658 illa
419 1595 543 1680 poterit,
569 1617 625 1680 qua
650 1616 683 1660 se
708 1595 743 1657 ad
768 1607 878 1660 rectam
897 1593 972 1659 viam
991 1595 1118 1672 referat,
1143 1592 1199 1655 nisi

61 1695 88 1756 ad
102 1697 260 1782 primariam
276 1697 371 1777 viam,
396 1697 452 1761 boc
469 1708 516 1762 est
532 1697 661 1781 regiam,
686 1696 743 1761 iter
764 1697 929 1761 retorserit.
977 1694 1009 1760 ld
1031 1697 1107 1780 quod
1130 1717 1199 1758 san-

62 1797 164 1864 ctissimi
181 1798 279 1864 Masis
295 1802 344 1864 lex
360 1811 461 1884 aperte
478 1799 713 1879 vociferabatur,
738 1822 803 1864 cum
821 1797 959 1866 idumaeo
979 1799 1040 1886 regi
1060 1799 1101 1864 ita
1119 1821 1200 1861 man-

60 1899 143 1966 taret:
167 1907 245 1966 llaec
258 1907 329 1965 dicit
331 1905 432 1986 frater
450 1915 515 1964 trans
530 1906 639 1964 Israel:
664 1907 781 1965 Praeter
798 1908 930 1966 tenacitas
948 1915 1010 1965 laos
1026 1904 1151 1965 transibo
1168 1906 1197 1963 in
1206 1900 1354 2010 ¹22³,qu

61 2012 166 2079 arram,
190 2027 274 2088 qnam
291 2011 398 2068 nlnauit
411 2009 539 2067 domebus
558 2009 627 2067 dare
645 2009 777 2088 patrebus
795 2013 918 2081 nostres,
945 2019 1050 2070 terram
1070 2009 1151 2068 melle
1171 2017 1202 2067 et

59 2107 120 2166 laete
142 2121 311 2184 manentem,
344 2120 449 2170 terram
471 2112 729 2184 Amorrhaeorunr,
761 2122 791 2172 et
813 2113 1049 2186 Plaresaeorum,
1074 2121 1104 2171 el
1119 2110 1201 2170 Inlu-

58 2227 188 2286 raeorum,
221 2223 253 2272 et
271 2213 444 2286 Enceorurn,
474 2224 503 2272 et
523 2215 769 2286 chananaeorum,
801 2225 829 2274 et
853 2217 1065 2288 Chaldaeorum,
1097 2224 1201 2274 terram

51 2311 174 2388 fluentant
192 2317 317 2376 melleet
333 2317 416 2375 lacte.
463 2317 528 2376 Non
543 2317 743 2376 declinabimus
760 2319 799 2376 acl
816 2319 960 2378 dexteram
975 2328 1027 2378 aut
1042 2319 1197 2388 sentinam,

58 2433 145 2494 apuam
159 2421 188 2478 in
205 2429 327 2498 argento
346 2418 479 2491 debemus,
505 2428 534 2478 et
547 2419 624 2479 calos
638 2422 756 2499 argenti
767 2422 948 2480 comedemus.
994 2421 1059 2480 Non
1077 2420 1201 2479 declino·

58 2515 135 2579 lr’nue
153 2522 207 2581 dac
222 2523 371 2594 autr'llce,
396 2524 442 2582 aab
460 2525 541 2600 regna
555 2525 732 2600 gandremcr.
779 2517 835 2586 Est
857 2522 933 2585 enim
957 2521 1039 2606 regia
1061 2519 1201 2604 quaedam

58 2619 112 2700 ua,
135 2621 273 2686 nimirum
298 2621 422 2686 ecclesia
441 2621 488 2685 dei
504 2643 539 2687 ac
554 2624 689 2688 veritatis
705 2623 774 2687 iter.
820 2621 1020 2708 Unaquaeque
1037 2643 1110 2686 vero
1131 2621 1203 2688 ista·

57 2741 110 2785 run
124 2723 289 2789 haereseon
307 2725 388 2810 regia
403 2725 543 2789 derelicta
557 2728 605 2792 via
620 2727 656 2790 ad
672 2728 825 2790 dexteram
841 2725 1027 2790 sinistramve
1045 2725 1202 2788 dedectens

56 2823 182 2913 deinceps
205 2827 236 2891 in
256 2825 429 2891 immensum
448 2849 579 2892 errorem
599 2849 667 2892 sese
688 2829 873 2893 committens
892 2827 1049 2914 abripitur,
1074 2827 1149 2892 adeo
1171 2837 1204 2891 ut

57 2927 154 2993 callum
176 2929 317 3015 deinceps
335 2931 451 2994 modum
470 2931 575 2994 babeat
592 2931 621 2994 in
641 2931 770 3016 qualibet
788 2932 899 2996 erroris
914 2929 1083 2994 insolentia.

129 3033 221 3117 Agite
240 3032 356 3117 itaque,
381 3034 426 3097 dei
447 3033 526 3099 servi
549 3055 584 3098 ac
605 3047 725 3098 sanctae
744 3035 790 3098 dei
809 3033 953 3098 ccclesiae
976 3033 1042 3112 tilii,
1067 3031 1116 3118 qui
1137 3053 1203 3098 cer·
1217 3043 1355 3111 eapxttt.

57 3143 104 3196 un
122 3135 188 3199 atei
206 3135 340 3220 regulam
357 3135 567 3220 agnoscitisne
586 3135 661 3200 riam
677 3135 811 3200 veritatis
830 3135 983 3215 inceditis,
1008 3157 1045 3199 ne
1061 3157 1115 3200 vos
1133 3157 1205 3201 con·

55 3239 153 3303 traciae
176 3259 270 3304 voces
293 3237 480 3319 abstrahant,
504 3249 552 3302 aut
575 3239 730 3304 cuiuslibet
751 3238 907 3304 ementitae
929 3249 1028 3303 sectae
1051 3259 1204 3304 sermones

56 3337 204 3426 decipiant.
252 3337 402 3405 Lubricae
422 3342 528 3427 quippe
545 3341 609 3406 riae
632 3354 700 3406 sunt
717 3364 751 3406 ac
770 3343 946 3428 depravatae
963 3341 1078 3406 illorum
1097 3341 1205 3406 intelli-

54 3445 160 3523 gantiae
176 3442 302 3510 acclivis
319 3453 366 3507 est
381 3444 527 3528 arduaque
545 3443 661 3508 semita.
691 3442 808 3509 Etenim
828 3445 981 3529 magnilica
997 3465 1065 3509 sese
1080 3444 1201 3522 iactant,

55 3554 80 3606 et
96 3547 214 3612 interim
238 3546 353 3611 minora
376 3547 523 3610 nesciunt.
569 3543 752 3612 Libertatem
774 3548 949 3627 ostendunt,
980 3569 1044 3610 cum
1068 3555 1204 3633 peccato·

54 3668 108 3712 run
131 3651 215 3715 servi
242 3648 314 3713 sint.
360 3645 406 3712 De
424 3649 583 3714 maioribus
608 3651 789 3736 gloriantur,
813 3671 909 3735 neque
928 3660 1024 3714 tamen
1045 3650 1093 3714 vel
1115 3667 1205 3735 parva

54 3762 114 3816 suot
133 3751 281 3818 assecuti.

128 3853 247 3920 Veram
274 3854 309 3917 de
333 3873 369 3918 eo
385 3875 495 3938 genere
516 3855 748 3936 baereticorum,
773 3853 821 3941 qui
838 3851 978 3934 Cathari,
1003 3854 1057 3918 boc
1076 3863 1122 3918 est
1136 3857 1210 3915 nm·

54 3969 204 4038 vocantur,
229 3951 430 4040 muletam,
453 3957 508 4022 boc
524 3968 570 4022 est
583 3963 701 4040 Imperi,
728 3961 838 4022 rectius
855 3958 1048 4043 appellentur,
1072 3955 1145 4021 satis
1159 3975 1207 4020 ar-

53 4057 138 4126 bitror
153 4083 170 4125 a
187 4081 239 4124 me
255 4060 398 4125 hactenus
416 4080 483 4125 esse
500 4061 618 4124 dictum.
655 4056 853 4143 Quamobrem
870 4060 971 4122 eadem
988 4058 1104 4122 haeresi
1123 4081 1207 4145 prae-

52 4161 202 4244 termissa,
228 4163 351 4250 perinde
370 4183 405 4227 ac
426 4162 555 4228 basilisci
579 4183 648 4243 ore,
673 4161 738 4247 qui,
769 4161 845 4247 quod
868 4162 903 4225 ad
929 4161 1057 4246 speciem
1080 4163 1206 4226 nominis

53 4266 168 4346 attinet,
194 4263 356 4330 excellenti
378 4267 500 4350 quadam
516 4266 641 4332 nominis
660 4264 855 4352 appellatione
875 4274 1024 4346 censetur,
1048 4263 1104 4329 boc
1118 4265 1208 4350 igitur

53 4415 291 4500 Ι(ιταιλιμπλιική
307 4433 358 4484 epo.
392 4419 458 4472 bibat
471 4422 555 4473 babent
566 4417 614 4476 πά-
682 4419 823 4471 Ganxtll.
841 4447 875 4458 -
909 4417 931 4472 1.
947 4421 983 4472 ln
1000 4415 1207 4487 daffelaolpeba?

54 4503 83 4540 ⁴²¹⁴
101 4487 195 4630 zinzila.
209 4567 348 4614 numan.
361 4569 424 4615 tna
964 4579 1003 4642 13
