3186 4928
374 247 510 302 ransnn
527 248 591 300 mo.
602 247 635 300 ιι.
652 235 735 300 ron.
746 245 778 298 n.
796 246 895 300 nana.
908 210 990 298 'cxc
1200 231 1260 296 ³93

113 369 274 436 clarissime
288 369 391 456 iniget,
415 367 556 433 nonnniio
572 367 683 454 pudore
701 367 766 432 ilios
786 367 882 446 afficit,
907 387 944 430 nc
963 365 1098 430 sincerae
1115 363 1262 450 evangeiii

113 473 270 559 cognitioni
286 471 401 560 penitus
417 491 582 558 repugnare
598 471 764 536 videantur.
811 466 910 552 Quare
926 467 966 531 ita
983 465 1145 551 disputant:
1170 467 1262 531 homi·

113 597 179 640 nem
196 576 285 640 inisse
299 572 417 655 iesum,
441 574 487 638 cni
504 575 540 637 de
556 573 640 638 coelo
654 573 777 638 verbum
792 571 984 658 aspiraverit3
1010 570 1085 633 node
1100 570 1150 634 iila
1165 568 1263 634 omnia

113 679 148 742 dc
168 678 281 764 seipso,
306 688 450 762 qnatenus
469 687 516 740 εει
538 676 641 756 homo,
665 675 828 760 profitetur.
874 672 991 738 Etenim
1017 683 1099 758 pater
1121 692 1195 736 unns
1217 683 1263 737 cst

113 801 176 844 cum
198 780 258 843 iilic
281 781 370 860 dens3
403 779 490 843 horno
508 799 582 844 vero
599 799 640 842 ex
658 779 791 842 interiori
814 777 916 840 ordine
938 775 1085 862 propriam
1107 796 1262 860 personam

113 884 315 969 praesefert.
358 880 402 946 lta
420 901 563 968 personae
581 881 700 945 omnino
717 879 910 946 conficiuntur
928 881 1014 945 duae.
1049 879 1162 944 Verum
1178 879 1264 941 homo

112 987 183 1050 dens
208 1003 293 1062 esse,
318 983 517 1048 omortaiinm
535 985 663 1048 omnium
685 982 891 1061 stolidissime,
915 993 1001 1067 atque
1020 982 1056 1046 ab
1073 981 1195 1045 coelesti
1216 1001 1264 1042 sn-

112 1087 219 1175 pientia
235 1087 429 1151 alienissime!
456 1087 504 1171 qni
520 1089 636 1171 potest?
667 1085 783 1163 Potest,
807 1085 835 1150 id
853 1085 928 1169 qnod
947 1084 1069 1163 asseris,
1094 1084 1180 1148 homo
1196 1101 1262 1146 essa

111 1189 236 1276 simplex
253 1189 301 1274 qni
319 1189 359 1252 ita
376 1189 412 1252 de
428 1209 462 1252 se
478 1188 623 1273 ioqniturc
648 1193 706 1268 (toi
717 1193 789 1251 vidit
802 1211 860 1262 mc,
886 1191 956 1250 ordr't
969 1200 999 1248 et
1009 1194 1143 1268 patrem
1184 1183 1261 1249 Nam
1272 1197 1414 1254 tamnen

109 1295 241 1358 sidonio
258 1290 402 1355 eiusmodi
427 1300 474 1354 est
491 1292 584 1374 qualis
608 1303 654 1356 εει
675 1303 775 1378 pater,
799 1290 870 1354 niirii
892 1289 939 1353 hic
960 1287 1131 1352 abdomine
1153 1287 1264 1352 discre-

109 1396 200 1482 pabit.
243 1393 337 1478 Atqui
360 1393 432 1457 dens
450 1393 591 1471 verbnm,
616 1394 665 1478 qni
683 1392 897 1480 perfectissime
916 1402 1049 1456 naturam
1069 1391 1198 1454 dominis
1220 1391 1265 1454 in·

111 1498 190 1576 doit,
215 1497 363 1582 perfectus
383 1515 476 1579 aeque
493 1496 565 1560 dens
581 1517 601 1558 a·
616 1509 699 1580 patre
721 1506 789 1559 ante
808 1496 904 1559 omnia
922 1494 1110 1581 progenitus,
1135 1506 1197 1557 nort
1210 1493 1263 1555 mi·

109 1621 166 1666 nus
184 1601 248 1664 iure
270 1619 355 1684 qnam
374 1597 527 1660 evidenter
545 1598 580 1660 de
605 1599 703 1683 seipso
725 1607 866 1662 testatur:
900 1602 958 1677 Qui
973 1601 1044 1660 uidit
1063 1620 1121 1672 me,
1147 1601 1218 1660 milit
1236 1609 1267 1660 ct

103 1715 234 1786 patrem
258 1700 500 1786 quemadmodum
518 1721 558 1764 ex
573 1695 746 1765 ludaeorum
763 1701 799 1763 de
817 1701 865 1764 iiio
883 1721 1020 1764 sermone
1036 1709 1167 1764 euastata
1198 1703 1263 1762 Non
1271 1713 1375 1769 tonus,
1383 1714 1415 1758 ιε

107 1812 181 1870 entur
196 1809 302 1880 colum,
328 1802 368 1866 ait
386 1800 530 1883 loannes,
555 1805 728 1885 quaerebant
741 1807 901 1884 cirterstcere
917 1807 1021 1885 aprum,
1046 1807 1122 1885 qnod
1134 1804 1262 1886 dcccsrc-

107 1920 201 1983 ceret,
224 1911 276 1970 red
291 1912 391 1981 etrum,
416 1909 482 1986 quin
497 1909 597 1987 filium
616 1911 664 1970 dcr'
680 1929 741 1968 rece
762 1910 883 1981 diceret,
907 1910 1050 1988 aequalem
1072 1911 1122 1968 deo
1143 1911 1263 1988 amissum

104 2033 247 2074 εεεενεπε.
282 2005 361 2072 Nam
380 2029 444 2071 cnm
461 2008 518 2071 iliis
534 2008 634 2073 verbis
650 2007 759 2072 utitur:
784 2012 842 2088 Qui
852 2014 923 2071 ccidit
936 2032 989 2084 mc,
1014 2014 1085 2072 ocidit
1099 2021 1129 2070 ct
1139 2021 1259 2090 pomam

107 2112 259 2197 aequalem
283 2109 338 2175 sibi
362 2111 446 2174 deum
467 2121 580 2196 patrem
604 2109 767 2174 constituit.
813 2112 855 2175 At
879 2111 965 2177 homo
985 2111 1089 2176 similis
1110 2113 1184 2190 deo,
1214 2123 1263 2174 ant

106 2215 192 2278 sicut
208 2215 297 2292 deus,
322 2234 466 2279 essenon
490 2223 605 2299 potest,
628 2213 679 2276 sed
700 2213 725 2276 is
745 2212 881 2277 nimirum
902 2215 951 2298 qni
970 2236 986 2278 a
1008 2215 1063 2278 deo
1087 2225 1169 2300 patre
1192 2215 1264 2277 dens

107 2317 295 2402 unigenaqoe
312 2317 513 2381 iilinsrcrera
529 2315 685 2401 prooessit.
731 2313 777 2379 Dc
797 2337 853 2400 quo
876 2317 931 2381 ista
956 2326 1080 2380 testator
1100 2317 1261 2402 apostotus.

108 2423 170 2499 (iai
184 2441 247 2480 caen
262 2423 291 2480 rit
303 2421 403 2504 sorma
422 2423 471 2480 dcr'
482 2431 570 2492 esset,
594 2441 650 2480 non
666 2423 794 2499 ropr'rrom
809 2421 967 2481 arbitretur
980 2432 1025 2482 est
1040 2442 1101 2482 esse
1120 2423 1262 2501 aqualem
1276 2431 1334 2478 Ριιι.
1347 2435 1367 2488 ι,
1382 2435 1401 2480 ι.

105 2527 176 2596 deo,
201 2525 252 2583 aad
269 2527 444 2602 semetipsum
469 2525 626 2587 cornonioc't
648 2524 769 2600 sormam
791 2527 870 2584 serni
889 2527 1039 2602 occrpaeas.
1087 2519 1135 2584 Ex
1159 2521 1264 2605 quibus

103 2623 159 2688 iiia
176 2623 277 2702 verba,
301 2627 335 2685 ln
348 2626 444 2706 sorno
461 2635 544 2698 essct,
570 2623 604 2687 ad
624 2625 709 2688 deum
727 2623 885 2708 pertinent.
932 2621 1018 2705 Quod
1036 2635 1131 2688 antem
1148 2624 1183 2687 ad
1200 2643 1264 2688 ser·

104 2727 196 2790 videm
220 2727 343 2789 iormnrn
363 2726 486 2804 attinet,
511 2726 700 2790 extrinsecus
717 2725 837 2790 ascitam
859 2745 926 2790 csse
944 2726 1088 2805 declarat,
1114 2747 1168 2790 nec
1185 2727 1263 2790 iilius

103 2828 264 2914 aliquando
285 2828 377 2891 inisse
394 2829 553 2912 significat.
600 2825 659 2892 Sed
678 2847 821 2912 persaepe
838 2828 944 2892 accidit
961 2840 993 2893 ut
1011 2829 1143 2892 saivator
1163 2839 1265 2893 noster

103 2953 141 2996 ae
160 2930 295 2995 dominns
311 2927 397 2995 lesus
415 2927 553 2995 Christus
574 2930 703 3014 deasque
723 2931 845 2994 verbum
869 2932 1010 3016 quaedam
1033 2931 1159 2995 linusano
1183 2953 1263 2995 moro

103 3033 189 3098 etad
207 3033 354 3097 hominnm
372 3031 544 3097 affectiones
561 3033 779 3096 accommodate
795 3034 936 3118 proferat.
969 3030 1055 3116 Quod
1070 3044 1130 3098 tom
1146 3033 1264 3098 minime

105 3135 180 3200 fecit
195 3157 259 3200 curn
279 3136 406 3216 diceret,
429 3141 461 3198 A
479 3147 564 3216 patre
580 3157 639 3198 roeo
661 3139 752 3210 eccm,
777 3147 807 3196 et
822 3141 911 3198 cento.
956 3135 1063 3223 Neque
1086 3138 1164 3202 enim
1186 3139 1262 3202 istud
1272 3143 1417 3202 roureto.

103 3259 149 3304 ex
171 3238 297 3302 hominis
316 3247 420 3302 natura
442 3237 588 3320 proticisci
609 3238 713 3323 potnit.
759 3235 818 3302 Sed
841 3238 869 3301 id
889 3241 1002 3304 demum
1026 3241 1177 3324 usurpavit
1199 3261 1263 3303 com

102 3344 143 3406 de
160 3361 196 3406 εε
213 3341 278 3405 inre
294 3341 334 3404 its
355 3349 480 3404 testatus
498 3350 561 3404 estc
593 3343 631 3402 Si
649 3361 702 3420 ego
725 3345 911 3404 testiinonium
933 3343 1067 3422 perhibeo
1091 3347 1126 3404 de
1146 3347 1415 3424 met'pstt,1⁰¹t¹²⁶.!i·

103 3449 294 3508 momontum
310 3465 398 3506 meam
416 3465 472 3506 noc
486 3455 530 3505 cst
542 3463 657 3518 oernm5
681 3463 737 3526 qno
754 3461 836 3506 suam
855 3443 1062 3508 humanitatom
1080 3447 1261 3509 ostenderet.

102 3549 150 3612 Αι
166 3569 184 3612 ε
200 3547 348 3611 contrario
364 3547 400 3610 de
418 3567 471 3610 sua
494 3545 646 3610 divinitate
662 3561 830 3608 sermonem
852 3546 1026 3626 instituens,
1050 3552 1131 3624 Etsi,
1156 3547 1416 3632 inquieto-naen·

101 3675 160 3735 ego
181 3655 366 3714 testemonium
382 3651 518 3732 perhibeo
537 3653 572 3710 de
587 3654 706 3730 mopso,
732 3653 917 3711 ternirmm'nm
933 3671 1020 3712 meum
1038 3673 1133 3712 oerum
1147 3662 1207 3726 ect,·
1232 3659 1263 3712 ut

102 3775 210 3822 rerem
232 3754 263 3817 in
285 3773 318 3816 se
341 3751 521 3817 divinitatem
545 3761 632 3836 atque
654 3750 861 3816 humanitatem
885 3754 1075 3838 exprimeret.

192 3851 340 3938 Quocirca
359 3875 453 3938 neque
472 3854 511 3918 dii
530 3866 615 3932 sunt,
640 3874 734 3938 neque
758 3866 858 3940 patres
876 3855 952 3934 dun,
977 3875 1072 3940 neque
1090 3855 1173 3920 verbi
1196 3875 1262 3942 per·
1280 3859 1415 3928 eapvnt.

99 3979 182 4026 sons
205 3958 332 4038 tollitur,
357 3958 493 4042 quoniam
512 3956 563 4020 diii
578 3955 716 4020 divinitas
733 3978 916 4043 nequaquam
933 3960 964 4023 in
983 3981 1071 4023 unum
1091 3979 1156 4022 cum
1179 3969 1262 4045 patre

98 4063 260 4128 condatur.
303 4057 374 4126 Non
393 4061 470 4124 enim
487 4059 562 4124 filins
578 4059 699 4122 alterins
717 4069 763 4122 est
778 4081 862 4144 quam
883 4072 966 4146 pater
983 4061 1183 4140 substantiae,
1207 4064 1259 4128 sed

99 4163 368 4232 consubstantialis
393 4163 482 4249 patri.
526 4160 633 4248 Neque
657 4172 826 4247 potestant
849 4163 969 4227 alterins
994 4183 1063 4227 εεεε
1084 4183 1102 4228 a
1126 4163 1261 4248 genitore

96 4264 307 4347 substantiae,
330 4275 381 4330 ant
397 4265 527 4330 eiusdem
543 4264 742 4343 substantiae,
767 4286 801 4330 ao
816 4286 942 4352 persona
959 4266 1077 4330 minime
1093 4268 1258 4351 distinctae,

96 4373 155 4437 sed
180 4367 460 4434 consubstantialem
486 4389 570 4449 esse,
602 4369 643 4432 uti
670 4368 815 4448 diximus,
848 4380 976 4454 oportet.
1020 4367 1082 4434 lam
1106 4390 1177 4434 vero
1201 4393 1259 4435 non

94 4474 215 4542 idcirco
234 4472 310 4538 iden
327 4493 395 4538 esso
416 4482 599 4562 compatre,
624 4473 699 4561 qnod
718 4472 753 4540 ad
773 4472 932 4542 essentiam
949 4472 1070 4556 attinet,
1095 4475 1257 4566 negandum
