3168 4926
364 287 501 339 sennen
517 287 581 340 era.
595 289 626 338 u.
644 289 726 341 rom.
739 289 758 340 r.
776 287 875 338 naen.
886 287 1002 340 xnvnr.
1218 276 1256 338 21

102 427 159 490 que
180 406 313 470 cernitur
335 428 421 490 quam
444 428 519 491 quae
539 407 658 493 spiritus
680 409 792 486 sancti,
816 407 865 492 qni
882 428 935 492 per
949 407 1106 492 propbetas
1125 406 1193 470 olim
1216 406 1259 470 lc·

103 521 189 572 cutus
211 515 275 588 est',
301 529 442 592 germana
464 511 600 574 videatur
621 532 655 572 ac
677 510 806 594 propria.

187 609 316 695 Quodsi
335 612 451 674 veritati
472 613 652 675 mendacium
669 613 833 676 admiscere
852 608 1015 689 voluerint,
1040 623 1069 674 et
1091 622 1257 674 accuratum

103 735 255 778 sacrarum
276 714 427 780 literarum
448 715 630 778 dissimulare
654 736 791 793 sensum,
816 735 850 778 ac
871 714 936 777 loca
960 715 1100 796 quaedam
1123 733 1260 776 accumu-

100 819 161 880 lare
181 819 290 902 quibus
308 839 439 880 errorem
458 839 540 881 suum
558 819 717 902 procudunt
734 828 763 880 et
781 817 886 880 divinis
903 815 1029 879 oraculis
1046 837 1131 900 qnam
1148 816 1259 879 similli-

100 943 176 982 nmm
198 921 325 983 reddant
343 931 410 1004 puta
429 920 504 1003 quod
523 920 668 1005 scriptura
684 920 809 996 dixerit,
841 923 925 982 Misit
941 921 1009 979 dem
1027 917 1178 993 ἔκστασιν,
1199 923 1252 981 too
1274 933 1332 976 con.
1344 932 1409 988 ntr-

99 1037 141 1084 ert
155 1045 303 1103 soporem,
328 1028 358 1084 ἐκ
371 1027 482 1097 Adam,
507 1035 537 1084 et
548 1027 679 1085 dormiit:
704 1022 799 1086 scierit
817 1023 903 1104 longe
920 1020 1005 1082 aliam
1022 1019 1068 1082 uio
1085 1041 1253 1105 essequam

99 1125 125 1187 in
144 1125 264 1188 illorum
285 1125 403 1209 negotio
419 1125 574 1188 rationem.
620 1123 690 1188 Non
708 1125 802 1204 onim,
827 1124 902 1210 quod
919 1124 954 1186 ad
973 1125 1046 1188 istos
1062 1126 1182 1202 attinet,
1206 1145 1258 1186 no·

99 1250 164 1289 amm
183 1227 329 1310 quoddam
356 1248 461 1312 corpus
485 1249 501 1290 a
524 1228 578 1290 deo
602 1227 827 1312 designabatur,
853 1227 934 1289 cuius
955 1228 1066 1312 gratia,
1091 1226 1165 1311 quod
1190 1225 1257 1287 olim

98 1331 218 1392 aldamo
246 1331 373 1407 lecerat,
404 1351 458 1414 pro
485 1351 538 1393 sua
558 1329 746 1414 ‚lterrignitate
773 1341 921 1413 stuporem
951 1330 1129 1392 immitteret.
1179 1325 1257 1390 Num

99 1431 206 1495 Adami
230 1440 334 1515 stupor
352 1430 400 1495 ille
418 1433 512 1494 somni
530 1433 643 1516 quidam
666 1441 767 1516 torpor
784 1431 897 1510 extitit,
923 1453 980 1494 non
1001 1431 1106 1495 mentis
1131 1429 1254 1494 insania.

99 1533 241 1619 Stuporis
258 1555 348 1617 porro
365 1534 539 1597 vocabulum
557 1535 686 1619 pluribus
705 1535 797 1597 modis
812 1533 944 1616 usurpari
960 1534 1047 1596 solet.
1078 1533 1165 1596 Alius
1181 1515 1275 1595 euim*

99 1648 159 1716 cst,
185 1657 275 1719 quern
296 1637 456 1699 vehemens
472 1637 610 1721 quaedam
629 1637 704 1721 porit
719 1637 884 1700 admiratio.
930 1635 1014 1698 Alias
1038 1657 1090 1720 pro
1110 1637 1208 1696 lurore
1225 1645 1257 1724 et

98 1739 213 1802 insania
235 1739 379 1816 sirmitnr,
404 1760 445 1802 ex
462 1761 497 1801 eo
517 1740 591 1822 quod
618 1739 731 1802 artimus
749 1759 765 1801 a
787 1739 936 1824 proposito
958 1737 1110 1816 ἐκστῆναι,
1134 1737 1188 1799 boc
1212 1749 1257 1799 est

99 1842 252 1917 aberrare,
278 1840 395 1904 dieitur.
440 1842 483 1904 At
499 1842 547 1904 ille
564 1863 668 1904 somno
686 1851 789 1924 stupor
807 1841 878 1919 alin,
904 1841 1038 1902 nianirum
1055 1841 1089 1902 od
1107 1839 1255 1902 naturales

100 1944 284 2022 fonctiones,
309 1943 482 2006 referendus
510 1954 555 2007 est
580 1946 751 2029 praesertim
779 1965 842 2006 cum
864 1941 1069 2005 Adamoriro
1096 1952 1198 2004 sancto
1221 1961 1255 2002 ac

99 2046 143 2108 dei
168 2043 304 2108 manibus
328 2045 470 2129 perpolito
492 2045 650 2109 altissimus
672 2046 711 2109 sit
733 2046 781 2109 ille
804 2058 906 2131 stupor
926 2045 1062 2107 iniectus.

182 2143 311 2211 Constat
330 2149 406 2210 enim
428 2169 512 2232 qnam
528 2147 632 2210 merito
652 2149 780 2233 stuporis
798 2148 852 2211 hoc
874 2168 979 2210 nomnen
999 2169 1014 2208 a
1032 2145 1176 2231 scriptura
1194 2146 1254 2206 lue·
1275 2151 1333 2218 Cap.
1352 2151 1382 2200 V·

99 2249 135 2311 rit
158 2261 344 2334 usurpatum.
391 2247 631 2334 Quandoquidem
654 2251 769 2314 bomine
789 2251 941 2334 currsopito
966 2269 1071 2312 sensus
1094 2267 1195 2310 omnies
1218 2247 1253 2310 ad

98 2353 226 2436 quietem
244 2371 312 2413 sese
336 2353 526 2416 transierunt.
572 2351 623 2416 Sic
641 2352 757 2416 videndi
777 2353 911 2430 facultas,
936 2351 1062 2434 exempli
1080 2353 1186 2433 gratia,
1212 2359 1254 2412 tc·

97 2455 183 2517 metsi
201 2473 346 2537 praeseus
360 2454 447 2533 adsit,
468 2455 576 2518 clamis
591 2456 683 2518 cordis
701 2455 905 2518 nihilomnino
923 2454 1074 2526 discernit,
1098 2462 1252 2536 propterea

97 2557 173 2640 quod
201 2567 263 2618 tum
292 2555 341 2618 ille
368 2579 425 2641 quo
451 2579 603 2620 naovemur
628 2557 748 2642 spiritus
773 2559 837 2619 sive
865 2555 959 2618 anicia
987 2553 1155 2637 requiescit.
1201 2549 1253 2618 Sic

97 2657 257 2742 quantam's
279 2657 357 2721 domi
376 2661 534 2744 fragrantia
551 2659 590 2722 sit
609 2670 659 2722 ant
683 2661 795 2737 luctor,
824 2656 892 2721 nibil
918 2667 1013 2718 tamen
1039 2657 1179 2733 odoratu,
1203 2655 1253 2740 qui

95 2781 169 2824 sane
187 2781 332 2845 praesens
350 2771 413 2839 cst,
439 2762 589 2846 percipere
607 2783 779 2846 possumus,
803 2782 838 2822 eo
855 2759 929 2844 qnod
946 2758 1046 2822 sensui
1063 2758 1101 2821 illi
1118 2759 1152 2820 ad
1172 2760 1253 2843 quic·

96 2875 153 2926 tem
172 2863 340 2949 composito
357 2864 439 2926 velnt
457 2865 571 2947 quidam
589 2873 690 2948 torpor
707 2862 847 2946 obrepsit.
895 2857 967 2922 ltem
993 2861 1061 2923 licet
1083 2881 1199 2924 amarus
1221 2862 1251 2926 in

96 2989 147 3029 ore
165 2966 207 3029 sit
223 2985 325 3048 sapor,
350 2976 400 3028 aut
417 2967 524 3044 salsus,
549 2977 600 3029 aut
616 2965 719 3041 dulcis,
744 2963 812 3026 nibil
829 2975 945 3051 gustatu
962 2953 1098 3040 sentitur,
1123 2985 1159 3025 eo
1176 2965 1251 3046 quod

95 3070 230 3154 stupidus
248 3067 294 3130 bic
311 3087 416 3130 sensus
436 3089 470 3130 ac
485 3067 597 3153 sopitus
616 3067 791 3130 lunationem
809 3065 915 3128 nnllam
931 3076 1065 3142 exercet,
1089 3065 1250 3128 cuiusmodi

96 3182 251 3254 praestare
268 3170 394 3254 vigilans
411 3170 535 3234 solebat.
580 3167 684 3232 Manet
700 3179 729 3230 et
745 3167 861 3230 auditus
877 3165 958 3251 ipse,
982 3167 1032 3230 sed
1053 3167 1186 3229 audiendi
1205 3178 1251 3232 est

98 3275 222 3338 incultas
240 3273 352 3335 otiosa:
377 3273 450 3334 adeo
470 3281 500 3334 ut
518 3272 686 3355 plerumque
708 3271 783 3332 donni
804 3270 987 3353 loquentibus
1005 3270 1169 3346 nonnullis,
1194 3269 1249 3332 nisi

97 3379 142 3460 qni
167 3376 279 3438 dormit
306 3375 531 3460 expergefactus
558 3373 660 3449 luerit,
691 3393 765 3456 quae
786 3372 821 3437 ab
845 3373 881 3436 iis
902 3371 1036 3434 dicuntur
1057 3393 1114 3434 nnn
1138 3371 1247 3452 audiat,

97 3481 169 3563 qnod
197 3477 295 3541 omnis
320 3498 355 3538 eo
378 3489 508 3558 tempore
528 3475 690 3558 intercepta
710 3475 748 3538 sit
765 3473 853 3538 actio.
899 3473 1053 3540 Postremo
1074 3496 1137 3538 cnm
1160 3497 1249 3559 qnae·

97 3584 157 3645 dam
185 3601 370 3666 percorpus
393 3579 532 3641 oberrent
554 3577 682 3656 bestiae,
712 3577 812 3640 harum
837 3588 986 3641 contactus
1008 3577 1125 3641 minime
1148 3588 1207 3640 tum
1230 3598 1247 3640 a

98 3685 178 3748 nobis
196 3684 369 3768 percipitur,
391 3681 445 3744 nisi
462 3683 537 3744 lorte
551 3681 750 3745 vehementius
765 3682 948 3765 pupugerint.
982 3677 1074 3744 Cultus
1091 3700 1124 3742 ea
1143 3701 1248 3743 caussa

99 3799 157 3862 est,
190 3785 270 3869 quod
295 3804 401 3848 sensus
424 3783 516 3848 usuri
545 3785 718 3848 domicilium
745 3785 773 3847 iu
798 3785 845 3846 illa
872 3783 965 3845 somni
992 3783 1088 3865 quiete
1110 3783 1144 3842 ab
1168 3781 1246 3844 crunni

98 3891 212 3953 actione
229 3885 407 3951 cessaverit.
445 3882 530 3968 erod
550 3888 663 3971 quidem
680 3907 785 3950 sensus
801 3885 1035 3961 instrumentum,
1060 3905 1122 3946 cum
1140 3884 1177 3946 sit
1194 3906 1245 3947 na-

99 4003 159 4054 tura
179 4002 332 4055 terrenum
350 3987 505 4072 animaque
524 3989 708 4053 nibilominus
727 3987 883 4050 excellenti
907 3986 1083 4070 praeditum,
1108 3988 1182 4070 quod
1203 3988 1244 4051 ita

97 4095 167 4158 deus
189 4091 326 4157 utilitatis
343 4103 462 4154 nostrae
479 4112 585 4155 caussa
601 4090 768 4165 constituit,
792 4110 875 4152 suurn
901 4088 987 4150 babet
1007 4107 1109 4150 somaro
1132 4099 1243 4175 tempus

96 4196 284 4272 attributum,
317 4215 368 4280 pcr
395 4191 472 4277 quod
497 4191 532 4254 ab
552 4193 694 4258 acorrima
720 4189 864 4256 saeuiendi
892 4191 1038 4258 lucratione
1064 4191 1242 4277 inquietam

131 4332 187 4382 Cae.
199 4333 230 4382 V.
249 4360 285 4370 -
320 4329 342 4381 1.
360 4327 480 4395 κέκληκεν
497 4333 588 4380 correct
601 4345 653 4380 cum
721 4327 745 4379 2.
769 4325 886 4396 περιττήν
910 4331 993 4391 scripsi
1013 4345 1066 4380 cum
1083 4333 1178 4380 Petom'c
1199 4345 1243 4392 pro

95 4405 197 4451 ruodo.
238 4403 280 4452 su
304 4402 389 4449 iterum
410 4398 492 4461 cumb
517 4395 592 4461 ,ἐκεῖ
614 4395 652 4460 δὲ,
686 4393 743 4462 περὶ
759 4395 813 4462 τὴν,
831 4400 892 4460 quod
906 4400 957 4449 cod.
970 4401 1067 4462 llbcdip.
1084 4405 1105 4450 et
1117 4403 1173 4450 tiber
1186 4402 1242 4452 Gor·

93 4469 188 4534 inquit,
211 4466 395 4534 περιττοτέρως
416 4463 511 4531 ἐκείνην
535 4465 651 4518 ἔκστασιν
684 4469 748 4518 norit
763 4469 880 4528 praebent.

94 4535 243 4602 aecanos
261 4538 421 4587 Labricctcrea
432 4535 653 4604 boteotftdltham.
