3148 4938
399 265 536 320 casseu
554 265 618 320 nra.
630 267 662 320 u.
679 265 1035 326 nominassemus.
1242 265 1305 330 597

138 385 199 449 iam
217 385 458 450 rern'Eusebias
481 388 573 452 trater
595 399 663 452 tuus
680 385 852 454 Caesareae
877 402 908 454 et
927 389 1134 474 Theodosius,
1159 406 1190 460 et
1204 393 1306 462 Panti-

138 509 214 566 uns,
239 499 270 552 et
287 488 487 569 Athanasius,
513 501 543 554 et
559 489 741 574 Gregorius,
768 503 797 555 ct
813 491 939 573 Atilios,
963 504 994 557 et
1016 495 1177 561 orientales
1195 519 1303 563 ‘amares

137 591 225 653 deum
244 602 382 656 asserunt
404 591 470 656 sine
487 593 547 656 ullo
573 593 716 678 principio
740 605 809 658 aute
834 595 922 658 hlium
939 596 1092 676 existere,
1116 599 1304 665 anathemate

137 693 331 773 daurnantur,
357 705 485 779 excepto
503 692 698 780 Philogonio,
725 694 898 775 hellanico,
929 695 1066 762 Macerio
1089 698 1246 766 haereticis
1268 723 1304 767 se

135 795 369 860 rudimentorum
392 797 459 860 ueni
481 797 594 880 ignaris
614 797 796 877 homiuibus,
828 799 877 883 qui
903 799 991 864 lilium
1015 804 1120 887 partim
1143 805 1303 869 eructatio·

1 915 2 918 ’
135 917 225 978 uem,
258 898 363 983 partim
391 898 554 984 ingenitam
578 900 799 985 productionem
824 901 982 986 appellant.
1029 901 1162 988 Quorum
1186 904 1303 990 quidem

1 1033 3 1038 >
135 999 296 1085 impiorum
319 1019 412 1066 voces
438 1021 475 1064 ne
500 1001 621 1066 auribus
653 1002 769 1088 quidem
796 1002 952 1069 admittere
978 1025 1153 1090 possumus,
1187 1006 1305 1072 etiamsi

1 1115 2 1140 ³
134 1101 219 1166 mille
231 1101 316 1166 uobis
334 1115 444 1167 mortes
458 1103 495 1168 ab
513 1104 672 1169 haereticis
689 1105 884 1169 intententur.
928 1103 995 1169 Nos
1018 1127 1035 1170 e
1061 1109 1211 1172 corrtmrio
1234 1108 1303 1194 quid

1 1219 3 1245 ³
135 1205 256 1268 taudem
272 1205 408 1284 dicimus,
433 1207 590 1287 mubmus,
615 1207 779 1288 docuimus,
803 1217 834 1270 et
851 1207 1010 1272 ducemus?
1045 1207 1192 1274 Nimirum
1212 1209 1303 1274 lilium

134 1327 193 1370 nee
211 1307 372 1392 ingenitum
390 1327 475 1387 esse,
501 1329 555 1373 neu
574 1309 696 1394 ingeniti
716 1309 773 1374 nlla
792 1311 906 1374 ratione
924 1320 1057 1395 partum,
1081 1312 1133 1374 sed
1149 1331 1245 1396 neque
1261 1331 1303 1377 ex

132 1409 269 1474 subiecta
284 1409 382 1494 aliqua
407 1411 530 1474 materia
550 1413 678 1490 lactum,
704 1431 806 1476 varum
825 1411 872 1476 dei
890 1411 1059 1491 voluntate,
1084 1413 1211 1478 consilio
1233 1425 1301 1480 aute

1 1532 2 1563 r
133 1522 267 1597 tempora
290 1512 449 1597 sedulaque
470 1512 656 1593 substitisse,
691 1513 776 1598 plene
799 1515 884 1578 deum
905 1513 1104 1598 unigenitum,
1136 1515 1302 1581 immutabi-

131 1615 212 1690 lem,
237 1613 286 1698 qni
305 1624 461 1699 antequam
485 1615 674 1700 gigneretur,
704 1615 769 1678 sive
786 1627 957 1696 crearetur,
990 1617 1055 1680 sive
1075 1619 1299 1699 decerneretur,

131 1716 392 1797 autluudaretur,
417 1737 474 1780 non
497 1719 562 1782 luit.
608 1715 716 1801 Neque
736 1716 1074 1784 enimoonlactusest.
1121 1719 1189 1785 Nos
1212 1722 1302 1807 igitur
1432 1749 1440 1768 ¹

1 1846 2 1872 t
130 1819 175 1882 cb
193 1819 221 1881 id
243 1819 425 1886 insectantur
449 1820 525 1904 quod
549 1819 695 1883 diximus:
727 1817 906 1904 Principium
928 1819 1016 1884 habet
1034 1821 1128 1901 lilius,
1153 1824 1225 1887 deus
1248 1845 1301 1888 au·

131 1933 195 1985 tem
213 1920 356 2006 principio
381 1933 474 1985 earet.
523 1919 605 1984 llaec
623 1921 752 1985 venandi
771 1921 864 1985 nostri
887 1941 992 1986 caussa
1015 1933 1072 1986 est.
1102 1923 1200 1988 ,Tum
1223 1925 1300 2010 qnod

1 2050 3 2081 t
131 2024 297 2088 asserimus
323 2025 425 2087 eudem
453 2043 470 2086 e
497 2023 588 2086 nihilo
612 2043 692 2086 esse.
739 2020 826 2107 Quod
851 2023 1000 2088 idcircor
1028 2024 1113 2089 nobis
1141 2037 1300 2114 usurpatur

130 2127 202 2213 quia
225 2146 319 2209 neque
340 2125 473 2211 deipara
495 2136 558 2203 est,
591 2145 646 2188 neo
664 2145 704 2188 ex
729 2125 862 2190 subiecta
881 2126 938 2189 ulla
955 2125 1089 2191 materia.
1135 2125 1300 2216 Propterea

131 2251 190 2294 nos
207 2229 248 2292 illi
268 2229 404 2292 hostilem
420 2229 449 2290 in
469 2227 584 2291 modum
603 2237 831 2312 persequuntur.
877 2226 1004 2313 Reliqua
1025 2239 1056 2292 tu
1077 2229 1167 2293 nosti.
1213 2229 1298 2296 Bnne

132 2331 237 2395 valere
262 2341 290 2394 te
313 2351 519 2394 aerumnarum
544 2341 712 2393 uestrarum
735 2349 895 2393 memorem
914 2329 1065 2415 cupimus,
1098 2331 1220 2415 idquea
1242 2333 1298 2398 deo

131 2433 280 2520 petimus,
306 2429 537 2510 Collucianistu,
562 2429 782 2510 venenasset,
807 2431 862 2494 hnc
883 2443 932 2495 est
953 2431 1000 2516 pie
1023 2453 1058 2496 ac
1081 2432 1232 2518 religiose.

208 2535 307 2598 Aliam
328 2545 481 2618 praeterea
497 2532 673 2598 Nicomedia
689 2533 724 2595 ad
741 2532 959 2596 sanctissimum
976 2553 1078 2618 papam
1091 2533 1296 2600 Alexandrum
1316 2540 1440 2609 Capsu.

1 2599 2 2690 l
129 2637 217 2723 quasi
233 2636 398 2701 excusandi
412 2637 457 2699 sui
475 2637 569 2720 gratia
587 2635 706 2720 scripsit
720 2635 808 2720 longe
826 2635 981 2720 superiore
995 2637 1043 2700 illa
1060 2635 1204 2722 peiorem,
1219 2657 1295 2722 quae

1 2780 2 2794 κ
130 2751 223 2804 totam
247 2738 325 2804 illius
348 2749 394 2803 est
415 2757 532 2803 veneno
555 2759 590 2802 ac
608 2736 831 2802 contumeliosis
848 2736 879 2800 iu
897 2736 1027 2802 divinum
1046 2759 1154 2802 numen
1173 2738 1297 2804 vocibus

128 2843 255 2922 relecta,
272 2862 358 2926 quam
372 2841 584 2905 Alexandriam
601 2839 691 2904 misit.
724 2837 799 2902 Earn
817 2859 872 2903 uos
888 2838 1100 2904 subiiciendam
1115 2841 1294 2926 putarimus.

428 3028 587 3080 EPISTOLA
607 3027 674 3078 Allll
693 3027 738 3078 AD
757 3025 1006 3078 ALEXANDRUM.

217 3147 312 3214 Beato
335 3167 427 3235 papae
450 3159 479 3211 et
501 3148 641 3232 episcopo
664 3157 767 3211 nostro
784 3146 975 3226 Alexandro,
1001 3147 1169 3233 presbyteri
1188 3158 1218 3212 et
1234 3147 1295 3212 dia-

128 3253 201 3317 coni
223 3252 347 3316 salutem
371 3251 400 3314 iu
423 3250 553 3314 domiuo.

168 3361 185 3376 ⁴
218 3351 309 3418 Fides
325 3353 374 3416 illa
397 3373 481 3438 quam
506 3362 534 3416 et
558 3373 574 3415 a
594 3351 754 3415 nlaioribus
779 3351 965 3436 accepimus,
997 3362 1029 3414 et
1049 3373 1066 3415 a
1084 3361 1112 3416 te
1128 3351 1293 3432 didicimus,

127 3457 303 3523 beatissime
323 3477 413 3541 papa,
445 3453 589 3519 eiusmodi
609 3464 666 3518 est.
712 3448 870 3517 Credimus
895 3454 1107 3532 brandeum,
1131 3455 1226 3518 solum
1251 3455 1296 3518 in·

126 3557 282 3646 genitum,
306 3559 400 3622 solum
417 3545 583 3637 aeternum,
607 3555 701 3620 solnm
717 3555 859 3641 principio
875 3565 1039 3634 carentem,
1063 3557 1159 3620 solum
1176 3575 1292 3635 verum,

127 3662 227 3728 solum
247 3661 459 3740 immortalem,
484 3661 578 3724 sulum
596 3657 777 3744 sapientem,
802 3656 1036 3736 solumbonum,
1060 3658 1154 3722 solum
1170 3675 1295 3743 praepo·

128 3773 260 3842 mntem,
285 3764 380 3828 solum
400 3763 543 3843 iudicem,
569 3761 697 3826 omnium
714 3759 943 3838 moderatorem,
967 3771 997 3823 et
1012 3758 1305 3839 administratorem,

126 3867 301 3944 immotum,
324 3876 355 3930 et
369 3864 595 3944 immutabilem,
618 3864 746 3942 iustum,
771 3862 879 3927 bouum
903 3862 995 3947 legis,
1024 3872 1055 3924 et
1072 3859 1292 3946 prophetarum,

126 3991 167 4034 ac
187 3967 256 4032 novi
272 3967 439 4034 testamenti
454 3967 566 4052 pariter
583 3966 687 4032 deums
716 3964 766 4049 qui
784 3963 966 4049 unigenitum
988 3962 1078 4028 lilium
1095 3973 1164 4028 anta
1186 3961 1295 4048 sempi-

127 4083 216 4137 terna
243 4081 375 4156 tempora
399 4069 517 4154 geuuits
550 4091 602 4154 per
625 4089 710 4154 quem
736 4077 766 4132 et
788 4067 909 4148 secula,
940 4067 1104 4151 etreliqua
1128 4063 1297 4150 procrearit

127 4173 243 4238 omnia.
291 4172 439 4237 Genuisse
457 4193 547 4258 porro
567 4171 689 4236 dicimus
708 4169 824 4256 reipsa,
850 4189 908 4234 non
927 4169 1026 4254 specie
1046 4179 1150 4246 tenus,
1174 4186 1209 4231 ac
1225 4166 1295 4231 sub·

164 4291 191 4344 2
209 4285 457 4360 damnarinnpturp
474 4293 524 4343 eod.
540 4283 638 4355 nmen.
764 4287 788 4343 d.
808 4285 881 4357 μόνον
897 4303 945 4340 non
961 4290 1046 4352 upum
1058 4289 1084 4338 ta
1102 4284 1138 4338 sd
1152 4283 1234 4340 anau.
1249 4287 1296 4339 Ga-

164 4359 191 4411 3.
209 4354 398 4428 ἀπεσταλμένον
411 4363 462 4413 cod
471 4361 585 4424 ammae
602 4365 624 4411 rt
638 4361 695 4422 lert,
729 4361 776 4410 lon.
793 4363 864 4421 repet.

124 4433 155 4482 m·
172 4429 252 4495 [odor.
763 4427 786 4476 5.
805 4421 879 4492 μόνον
902 4421 990 4491 spirans
1016 4422 1131 4483 πάντων,
1163 4419 1295 4504 διοικητήν

730 4495 887 4546 dtattarerunt
904 4494 1034 4544 amamur
1050 4497 1072 4542 st
1088 4493 1207 4562 renum,
