<?xml version="1.0" encoding="UTF-8"?>
<!DOCTYPE html PUBLIC "-//W3C//DTD XHTML 1.0 Transitional//EN"
    "http://www.w3.org/TR/xhtml1/DTD/xhtml1-transitional.dtd">
<html xmlns="http://www.w3.org/1999/xhtml" xml:lang="en" lang="en">
 <head>
  <title>
</title>
<meta http-equiv="Content-Type" content="text/html;charset=utf-8" />
  <meta name='ocr-system' content='tesseract 3.04.00' />
  <meta name='ocr-capabilities' content='ocr_page ocr_carea ocr_par ocr_line ocrx_word'/>
</head>
<body>
  <div class='ocr_page' id='page_1' title='image "./corporishaerese02oehlgoog_0429.png"; bbox 0 0 3186 4928; ppageno 0'>
   <div class='ocr_carea' id='block_1_1' title="bbox 335 191 1070 254">
    <p class='ocr_par' dir='ltr' id='par_1_1' title="bbox 335 191 1070 254">
     <span class='ocr_line' id='line_1_1' title="bbox 335 191 1070 254; baseline -0.001 0"><span class='ocrx_word' id='word_1_1' title='bbox 335 191 396 254; x_wconf 82' lang='lat'><strong><em>408</em></strong></span> <span class='ocrx_word' id='word_1_2' title='bbox 758 197 1070 254; x_wconf 78' lang='grc' dir='ltr'><strong><em>ειαοτττειειτιτιιτ</em></strong></span> 
     </span>
    </p>
   </div>
   <div class='ocr_carea' id='block_1_2' title="bbox 216 311 1494 1330">
    <p class='ocr_par' dir='ltr' id='par_1_2' title="bbox 336 311 1491 508">
     <span class='ocr_line' id='line_1_2' title="bbox 336 311 1490 405; baseline -0.001 -21"><span class='ocrx_word' id='word_1_3' title='bbox 336 323 492 401; x_wconf 76' lang='grc' dir='ltr'><strong><em>ποταμίας,</em></strong></span> <span class='ocrx_word' id='word_1_4' title='bbox 516 318 550 395; x_wconf 87' lang='grc' dir='ltr'><strong><em>δς</em></strong></span> <span class='ocrx_word' id='word_1_5' title='bbox 566 311 605 402; x_wconf 81' lang='grc' dir='ltr'><strong><em>ἦν</em></strong></span> <span class='ocrx_word' id='word_1_6' title='bbox 622 317 699 404; x_wconf 78' lang='grc' dir='ltr'><strong><em>άνήρ</em></strong></span> <span class='ocrx_word' id='word_1_7' title='bbox 717 315 793 384; x_wconf 85' lang='grc' dir='ltr'><strong><em>κατά</em></strong></span> <span class='ocrx_word' id='word_1_8' title='bbox 808 316 906 384; x_wconf 87' lang='grc' dir='ltr'><strong><em>πάντα</em></strong></span> <span class='ocrx_word' id='word_1_9' title='bbox 921 317 1109 403; x_wconf 85' lang='grc' dir='ltr'><strong><em>Χριστιανός,</em></strong></span> <span class='ocrx_word' id='word_1_10' title='bbox 1131 319 1181 385; x_wconf 76' lang='grc' dir='ltr'><strong><em>καὶ</em></strong></span> <span class='ocrx_word' id='word_1_11' title='bbox 1199 321 1257 384; x_wconf 69' lang='grc' dir='ltr'><strong><em>έέν</em></strong></span> <span class='ocrx_word' id='word_1_12' title='bbox 1269 321 1366 405; x_wconf 86' lang='grc' dir='ltr'><strong><em>έργοις</em></strong></span> <span class='ocrx_word' id='word_1_13' title='bbox 1381 321 1490 384; x_wconf 83' lang='grc' dir='ltr'><strong><em>δικαιο-</em></strong></span> 
     </span>
     <span class='ocr_line' id='line_1_3' title="bbox 337 419 1491 508; baseline -0.003 -19"><span class='ocrx_word' id='word_1_14' title='bbox 337 421 432 505; x_wconf 87' lang='grc' dir='ltr'><strong><em>σύνης</em></strong></span> <span class='ocrx_word' id='word_1_15' title='bbox 447 421 710 504; x_wconf 69' lang='grc' dir='ltr'><strong><em>θαυμασιώτατος,</em></strong></span> <span class='ocrx_word' id='word_1_16' title='bbox 732 419 836 504; x_wconf 79' lang='grc' dir='ltr'><strong><em>χήραις</em></strong></span> <span class='ocrx_word' id='word_1_17' title='bbox 851 421 905 503; x_wconf 82' lang='grc' dir='ltr'><strong><em>μέν</em></strong></span> <span class='ocrx_word' id='word_1_18' title='bbox 921 423 1059 506; x_wconf 75' lang='grc' dir='ltr'><strong><em>έπαρκοῖν</em></strong></span> <span class='ocrx_word' id='word_1_19' title='bbox 1073 422 1125 487; x_wconf 80' lang='grc' dir='ltr'><strong><em>καλ</em></strong></span> <span class='ocrx_word' id='word_1_20' title='bbox 1140 424 1278 505; x_wconf 87' lang='grc' dir='ltr'><strong><em>πένησιν,</em></strong></span> <span class='ocrx_word' id='word_1_21' title='bbox 1300 419 1446 508; x_wconf 79' lang='grc' dir='ltr'><strong><em>ὀρφανοῖς</em></strong></span> <span class='ocrx_word' id='word_1_22' title='bbox 1460 423 1491 487; x_wconf 79' lang='grc' dir='ltr'><strong><em>δὲ</em></strong></span> 
     </span>
    </p>

    <p class='ocr_par' dir='ltr' id='par_1_3' title="bbox 216 522 1494 1330">
     <span class='ocr_line' id='line_1_4' title="bbox 216 522 1492 611; baseline -0.002 -19"><span class='ocrx_word' id='word_1_23' title='bbox 216 547 267 592; x_wconf 73' lang='grc' dir='ltr'><strong><em>Μ·</em></strong></span> <span class='ocrx_word' id='word_1_24' title='bbox 279 535 323 582; x_wconf 73' lang='lat'><strong><em>⁸²³·</em></strong></span> <span class='ocrx_word' id='word_1_25' title='bbox 337 527 388 590; x_wconf 79' lang='grc' dir='ltr'><strong><em>καὶ</em></strong></span> <span class='ocrx_word' id='word_1_26' title='bbox 412 533 474 601; x_wconf 86' lang='grc' dir='ltr'><strong><em>τοῖς</em></strong></span> <span class='ocrx_word' id='word_1_27' title='bbox 494 526 678 606; x_wconf 85' lang='grc' dir='ltr'><strong><em>ένδεομένοις</em></strong></span> <span class='ocrx_word' id='word_1_28' title='bbox 698 527 857 590; x_wconf 84' lang='grc' dir='ltr'><strong><em>διανοεῖται</em></strong></span> <span class='ocrx_word' id='word_1_29' title='bbox 876 525 1052 609; x_wconf 84' lang='grc' dir='ltr'><strong><em>προςπλέξαι</em></strong></span> <span class='ocrx_word' id='word_1_30' title='bbox 1074 523 1150 611; x_wconf 89' lang='grc' dir='ltr'><strong><em>πρός</em></strong></span> <span class='ocrx_word' id='word_1_31' title='bbox 1167 522 1220 590; x_wconf 84' lang='grc' dir='ltr'><strong><em>τόν</em></strong></span> <span class='ocrx_word' id='word_1_32' title='bbox 1235 522 1346 609; x_wconf 82' lang='grc' dir='ltr'><strong><em>άνδρα,</em></strong></span> <span class='ocrx_word' id='word_1_33' title='bbox 1367 523 1406 590; x_wconf 75' lang='grc' dir='ltr'><strong><em>ἵν’</em></strong></span> <span class='ocrx_word' id='word_1_34' title='bbox 1419 551 1492 590; x_wconf 81' lang='grc' dir='ltr'><strong><em>υπο-</em></strong></span> 
     </span>
     <span class='ocr_line' id='line_1_5' title="bbox 338 624 1493 714; baseline 0.001 -22"><span class='ocrx_word' id='word_1_35' title='bbox 338 631 447 712; x_wconf 82' lang='grc' dir='ltr'><strong><em>χείριου</em></strong></span> <span class='ocrx_word' id='word_1_36' title='bbox 463 634 569 693; x_wconf 89' lang='grc' dir='ltr'><strong><em>τοῦτον</em></strong></span> <span class='ocrx_word' id='word_1_37' title='bbox 585 625 768 709; x_wconf 86' lang='grc' dir='ltr'><strong><em>κτησάμενος</em></strong></span> <span class='ocrx_word' id='word_1_38' title='bbox 782 630 926 709; x_wconf 72' lang='grc' dir='ltr'><strong><em>δυνηθείη</em></strong></span> <span class='ocrx_word' id='word_1_39' title='bbox 944 624 981 692; x_wconf 88' lang='grc' dir='ltr'><strong><em>δι’</em></strong></span> <span class='ocrx_word' id='word_1_40' title='bbox 997 627 1090 692; x_wconf 81' lang='grc' dir='ltr'><strong><em>αὐτοῦ</em></strong></span> <span class='ocrx_word' id='word_1_41' title='bbox 1105 625 1260 714; x_wconf 76' lang='grc' dir='ltr'><strong><em>κατάρξαι,</em></strong></span> <span class='ocrx_word' id='word_1_42' title='bbox 1284 625 1320 693; x_wconf 88' lang='grc' dir='ltr'><strong><em>ού</em></strong></span> <span class='ocrx_word' id='word_1_43' title='bbox 1335 626 1430 709; x_wconf 87' lang='grc' dir='ltr'><strong><em>μόνον</em></strong></span> <span class='ocrx_word' id='word_1_44' title='bbox 1442 635 1493 710; x_wconf 78' lang='grc' dir='ltr'><strong><em>τῆς</em></strong></span> 
     </span>
     <span class='ocr_line' id='line_1_6' title="bbox 338 727 1493 817; baseline 0.001 -23"><span class='ocrx_word' id='word_1_45' title='bbox 338 733 588 811; x_wconf 77' lang='grc' dir='ltr'><strong><em>Μεσοποταμίας,</em></strong></span> <span class='ocrx_word' id='word_1_46' title='bbox 612 727 685 796; x_wconf 84' lang='grc' dir='ltr'><strong><em>ἄλλά</em></strong></span> <span class='ocrx_word' id='word_1_47' title='bbox 708 731 759 794; x_wconf 81' lang='grc' dir='ltr'><strong><em>καλ</em></strong></span> <span class='ocrx_word' id='word_1_48' title='bbox 778 736 832 794; x_wconf 89' lang='grc' dir='ltr'><strong><em>τοῦ</em></strong></span> <span class='ocrx_word' id='word_1_49' title='bbox 851 732 990 811; x_wconf 88' lang='grc' dir='ltr'><strong><em>κλίματος</em></strong></span> <span class='ocrx_word' id='word_1_50' title='bbox 1008 727 1120 805; x_wconf 86' lang='grc' dir='ltr'><strong><em>παντός</em></strong></span> <span class='ocrx_word' id='word_1_51' title='bbox 1138 737 1193 795; x_wconf 90' lang='grc' dir='ltr'><strong><em>τοῦ</em></strong></span> <span class='ocrx_word' id='word_1_52' title='bbox 1211 727 1286 816; x_wconf 90' lang='grc' dir='ltr'><strong><em>πρδς</em></strong></span> <span class='ocrx_word' id='word_1_53' title='bbox 1308 727 1361 812; x_wconf 76' lang='grc' dir='ltr'><strong><em>τὴν</em></strong></span> <span class='ocrx_word' id='word_1_54' title='bbox 1379 734 1493 817; x_wconf 79' lang='grc' dir='ltr'><strong><em>Συρίαν</em></strong></span> 
     </span>
     <span class='ocr_line' id='line_1_7' title="bbox 337 829 1494 920; baseline 0.003 -26"><span class='ocrx_word' id='word_1_55' title='bbox 337 857 368 896; x_wconf 88' lang='grc' dir='ltr'><strong><em>τε</em></strong></span> <span class='ocrx_word' id='word_1_56' title='bbox 390 833 443 896; x_wconf 85' lang='grc' dir='ltr'><strong><em>καλ</em></strong></span> <span class='ocrx_word' id='word_1_57' title='bbox 462 829 632 914; x_wconf 85' lang='grc' dir='ltr'><strong><em>Ῥωμανίαν.</em></strong></span> <span class='ocrx_word' id='word_1_58' title='bbox 679 831 793 919; x_wconf 88' lang='grc' dir='ltr'><strong><em>Γράφει</em></strong></span> <span class='ocrx_word' id='word_1_59' title='bbox 815 833 847 898; x_wconf 81' lang='grc' dir='ltr'><strong><em>δὲ</em></strong></span> <span class='ocrx_word' id='word_1_60' title='bbox 868 829 948 920; x_wconf 74' lang='grc' dir='ltr'><strong><em>αύτῷ</em></strong></span> <span class='ocrx_word' id='word_1_61' title='bbox 967 829 1120 915; x_wconf 74' lang='grc' dir='ltr'><strong><em>έπιστολῆν</em></strong></span> <span class='ocrx_word' id='word_1_62' title='bbox 1139 830 1213 898; x_wconf 70' lang='grc' dir='ltr'><strong><em>ὗδιά</em></strong></span> <span class='ocrx_word' id='word_1_63' title='bbox 1234 831 1395 918; x_wconf 87' lang='grc' dir='ltr'><strong><em>Τύρβωνος</em></strong></span> <span class='ocrx_word' id='word_1_64' title='bbox 1413 831 1494 907; x_wconf 84' lang='grc' dir='ltr'><strong><em>τινός</em></strong></span> 
     </span>
     <span class='ocr_line' id='line_1_8' title="bbox 338 930 1493 1020; baseline 0.002 -22"><span class='ocrx_word' id='word_1_65' title='bbox 338 941 398 999; x_wconf 78' lang='grc' dir='ltr'><strong><em>τῶν</em></strong></span> <span class='ocrx_word' id='word_1_66' title='bbox 414 933 508 1002; x_wconf 87' lang='grc' dir='ltr'><strong><em>αύτοῦ</em></strong></span> <span class='ocrx_word' id='word_1_67' title='bbox 531 941 692 1018; x_wconf 76' lang='grc' dir='ltr'><strong><em>μαθητῶν,</em></strong></span> <span class='ocrx_word' id='word_1_68' title='bbox 716 932 775 1000; x_wconf 86' lang='grc' dir='ltr'><strong><em>άπό</em></strong></span> <span class='ocrx_word' id='word_1_69' title='bbox 793 942 846 1000; x_wconf 91' lang='grc' dir='ltr'><strong><em>τοῦ</em></strong></span> <span class='ocrx_word' id='word_1_70' title='bbox 863 936 990 1019; x_wconf 89' lang='grc' dir='ltr'><strong><em>πέρατος</em></strong></span> <span class='ocrx_word' id='word_1_71' title='bbox 1005 942 1059 1000; x_wconf 88' lang='grc' dir='ltr'><strong><em>τοῦ</em></strong></span> <span class='ocrx_word' id='word_1_72' title='bbox 1079 930 1241 1020; x_wconf 67' lang='grc' dir='ltr'><strong><em>οΣτράγγιι</em></strong></span> <span class='ocrx_word' id='word_1_73' title='bbox 1256 943 1411 1018; x_wconf 88' lang='grc' dir='ltr'><strong><em>ποταμοῦ,</em></strong></span> <span class='ocrx_word' id='word_1_74' title='bbox 1433 933 1493 1000; x_wconf 86' lang='grc' dir='ltr'><strong><em>άπό</em></strong></span> 
     </span>
     <span class='ocr_line' id='line_1_9' title="bbox 339 1034 1494 1124; baseline 0.001 -23"><span class='ocrx_word' id='word_1_75' title='bbox 339 1039 504 1102; x_wconf 88' lang='grc' dir='ltr'><strong><em>Καστέλλου</em></strong></span> <span class='ocrx_word' id='word_1_76' title='bbox 529 1035 710 1124; x_wconf 76' lang='grc' dir='ltr'><strong><em>Ἀραβίωνος</em></strong></span> <span class='ocrx_word' id='word_1_77' title='bbox 736 1036 816 1103; x_wconf 85' lang='grc' dir='ltr'><strong><em>ούτω</em></strong></span> <span class='ocrx_word' id='word_1_78' title='bbox 843 1039 1043 1118; x_wconf 89' lang='grc' dir='ltr'><strong><em>καλουμένου,</em></strong></span> <span class='ocrx_word' id='word_1_79' title='bbox 1072 1036 1138 1119; x_wconf 76' lang='grc' dir='ltr'><strong><em>ἣτις</em></strong></span> <span class='ocrx_word' id='word_1_80' title='bbox 1161 1034 1182 1120; x_wconf 79' lang='grc' dir='ltr'><em>ἦ</em></span> <span class='ocrx_word' id='word_1_81' title='bbox 1207 1036 1345 1120; x_wconf 74' lang='grc' dir='ltr'><strong><em>έπιστολή</em></strong></span> <span class='ocrx_word' id='word_1_82' title='bbox 1369 1047 1494 1123; x_wconf 72' lang='grc' dir='ltr'><strong><em>περιεῖχε</em></strong></span> 
     </span>
     <span class='ocr_line' id='line_1_10' title="bbox 336 1137 1494 1225; baseline 0.003 -21"><span class='ocrx_word' id='word_1_83' title='bbox 336 1137 415 1206; x_wconf 90' lang='grc' dir='ltr'><strong><em>τάδε.</em></strong></span> <span class='ocrx_word' id='word_1_84' title='bbox 461 1144 521 1204; x_wconf 85' lang='grc' dir='ltr'><strong><em>Καί</em></strong></span> <span class='ocrx_word' id='word_1_85' title='bbox 547 1165 598 1222; x_wconf 90' lang='grc' dir='ltr'><strong><em>μοι</em></strong></span> <span class='ocrx_word' id='word_1_86' title='bbox 619 1137 718 1222; x_wconf 80' lang='grc' dir='ltr'><strong><em>λαβύν</em></strong></span> <span class='ocrx_word' id='word_1_87' title='bbox 741 1137 896 1225; x_wconf 78' lang='grc' dir='ltr'><strong><em>άνύγνωσι</em></strong></span> <span class='ocrx_word' id='word_1_88' title='bbox 919 1137 951 1205; x_wconf 86' lang='grc' dir='ltr'><strong><em>τδ</em></strong></span> <span class='ocrx_word' id='word_1_89' title='bbox 971 1137 1153 1222; x_wconf 79' lang='grc' dir='ltr'><strong><em>έπιτήδεαμα</em></strong></span> <span class='ocrx_word' id='word_1_90' title='bbox 1173 1147 1226 1224; x_wconf 79' lang='grc' dir='ltr'><strong><em>τῆς</em></strong></span> <span class='ocrx_word' id='word_1_91' title='bbox 1246 1148 1301 1205; x_wconf 88' lang='grc' dir='ltr'><strong><em>τοῦ</em></strong></span> <span class='ocrx_word' id='word_1_92' title='bbox 1322 1137 1494 1218; x_wconf 79' lang='grc' dir='ltr'><strong><em>άπατεῦνος</em></strong></span> 
     </span>
     <span class='ocr_line' id='line_1_11' title="bbox 337 1247 512 1330; baseline 0.023 -4"><span class='ocrx_word' id='word_1_93' title='bbox 337 1247 512 1330; x_wconf 64' lang='grc' dir='ltr'><strong><em>εοιθιείντ·</em></strong></span> 
     </span>
    </p>
   </div>
   <div class='ocr_carea' id='block_1_3' title="bbox 120 1449 1571 4390">
    <p class='ocr_par' dir='ltr' id='par_1_4' title="bbox 694 1449 1138 1504">
     <span class='ocr_line' id='line_1_12' title="bbox 694 1449 1138 1504; baseline -0.002 -1"><span class='ocrx_word' id='word_1_94' title='bbox 694 1449 911 1503; x_wconf 73' lang='grc' dir='ltr'>*ΕΠΙΣΤΟΔΗ</span> <span class='ocrx_word' id='word_1_95' title='bbox 928 1449 1138 1504; x_wconf 79' lang='grc' dir='ltr'><strong>ΜΔΝΙΧΔΙΟΥ.</strong></span> 
     </span>
    </p>

    <p class='ocr_par' dir='ltr' id='par_1_5' title="bbox 339 1547 1496 2047">
     <span class='ocr_line' id='line_1_13' title="bbox 425 1547 1496 1636; baseline 0.004 -20"><span class='ocrx_word' id='word_1_96' title='bbox 425 1557 593 1634; x_wconf 81' lang='grc' dir='ltr'><strong><em>Μανιχαῑος</em></strong></span> <span class='ocrx_word' id='word_1_97' title='bbox 617 1547 779 1627; x_wconf 71' lang='grc' dir='ltr'><strong><em>ἀπόστολος</em></strong></span> <span class='ocrx_word' id='word_1_98' title='bbox 799 1548 895 1632; x_wconf 80' lang='grc' dir='ltr'><strong><em>Ἰησοῦ</em></strong></span> <span class='ocrx_word' id='word_1_99' title='bbox 919 1556 1065 1636; x_wconf 84' lang='grc' dir='ltr'><strong><em>Χριστοῦ,</em></strong></span> <span class='ocrx_word' id='word_1_100' title='bbox 1092 1553 1144 1615; x_wconf 85' lang='grc' dir='ltr'><strong><em>καλ</em></strong></span> <span class='ocrx_word' id='word_1_101' title='bbox 1165 1555 1197 1617; x_wconf 78' lang='grc' dir='ltr'><strong><em>οἱ</em></strong></span> <span class='ocrx_word' id='word_1_102' title='bbox 1219 1550 1274 1616; x_wconf 85' lang='grc' dir='ltr'><strong><em>σύν</em></strong></span> <span class='ocrx_word' id='word_1_103' title='bbox 1299 1553 1366 1635; x_wconf 82' lang='grc' dir='ltr'><strong><em>έμολ</em></strong></span> <span class='ocrx_word' id='word_1_104' title='bbox 1386 1552 1496 1630; x_wconf 74' lang='grc' dir='ltr'><strong><em>πάντες</em></strong></span> 
     </span>
     <span class='ocr_line' id='line_1_14' title="bbox 339 1647 1495 1742; baseline 0.001 -22"><span class='ocrx_word' id='word_1_105' title='bbox 339 1652 418 1738; x_wconf 83' lang='grc' dir='ltr'><strong><em>δι’γιοι</em></strong></span> <span class='ocrx_word' id='word_1_106' title='bbox 434 1656 483 1719; x_wconf 88' lang='grc' dir='ltr'><strong><em>καλ</em></strong></span> <span class='ocrx_word' id='word_1_107' title='bbox 501 1654 660 1739; x_wconf 77' lang='grc' dir='ltr'><strong><em>παρθένοι,</em></strong></span> <span class='ocrx_word' id='word_1_108' title='bbox 683 1655 859 1742; x_wconf 75' lang='grc' dir='ltr'><strong><em>Μαρκέλλω,</em></strong></span> <span class='ocrx_word' id='word_1_109' title='bbox 881 1655 973 1741; x_wconf 79' lang='grc' dir='ltr'><strong><em>τέκνω</em></strong></span> <span class='ocrx_word' id='word_1_110' title='bbox 990 1647 1142 1742; x_wconf 77' lang='grc' dir='ltr'><strong><em>άγαπητῷ,</em></strong></span> <span class='ocrx_word' id='word_1_111' title='bbox 1164 1653 1258 1739; x_wconf 79' lang='grc' dir='ltr'><strong><em>χάρις,</em></strong></span> <span class='ocrx_word' id='word_1_112' title='bbox 1280 1657 1369 1734; x_wconf 83' lang='grc' dir='ltr'><strong><em>έλιος,</em></strong></span> <span class='ocrx_word' id='word_1_113' title='bbox 1391 1655 1495 1742; x_wconf 77' lang='grc' dir='ltr'><strong><em>εἰρήνη</em></strong></span> 
     </span>
     <span class='ocr_line' id='line_1_15' title="bbox 339 1752 1496 1843; baseline 0.003 -23"><span class='ocrx_word' id='word_1_114' title='bbox 339 1754 400 1822; x_wconf 87' lang='grc' dir='ltr'><strong><em>α’πό</em></strong></span> <span class='ocrx_word' id='word_1_115' title='bbox 423 1763 501 1822; x_wconf 77' lang='grc' dir='ltr'><strong><em>θεοῦ</em></strong></span> <span class='ocrx_word' id='word_1_116' title='bbox 523 1755 636 1843; x_wconf 87' lang='grc' dir='ltr'><strong><em>πατρός</em></strong></span> <span class='ocrx_word' id='word_1_117' title='bbox 657 1759 709 1821; x_wconf 87' lang='grc' dir='ltr'><strong><em>καλ</em></strong></span> <span class='ocrx_word' id='word_1_118' title='bbox 724 1761 832 1841; x_wconf 88' lang='grc' dir='ltr'><strong><em>κυρίου</em></strong></span> <span class='ocrx_word' id='word_1_119' title='bbox 849 1753 936 1839; x_wconf 75' lang='grc' dir='ltr'><strong><em>ἡμῶν</em></strong></span> <span class='ocrx_word' id='word_1_120' title='bbox 952 1752 1048 1837; x_wconf 82' lang='grc' dir='ltr'><strong><em>Ἰησοῦ</em></strong></span> <span class='ocrx_word' id='word_1_121' title='bbox 1067 1762 1211 1840; x_wconf 81' lang='grc' dir='ltr'><strong><em>Χριστοῦ,</em></strong></span> <span class='ocrx_word' id='word_1_122' title='bbox 1232 1759 1284 1822; x_wconf 87' lang='grc' dir='ltr'><strong><em>καλ</em></strong></span> <span class='ocrx_word' id='word_1_123' title='bbox 1299 1755 1321 1840; x_wconf 74' lang='grc' dir='ltr'><strong><em>η’</em></strong></span> <span class='ocrx_word' id='word_1_124' title='bbox 1336 1757 1421 1835; x_wconf 80' lang='grc' dir='ltr'><strong><em>δεξιά</em></strong></span> <span class='ocrx_word' id='word_1_125' title='bbox 1443 1767 1496 1825; x_wconf 89' lang='grc' dir='ltr'><strong><em>τοῦ</em></strong></span> 
     </span>
     <span class='ocr_line' id='line_1_16' title="bbox 340 1853 1495 1945; baseline 0.003 -21"><span class='ocrx_word' id='word_1_126' title='bbox 340 1858 442 1940; x_wconf 88' lang='grc' dir='ltr'><strong><em>φωτός</em></strong></span> <span class='ocrx_word' id='word_1_127' title='bbox 457 1858 626 1945; x_wconf 76' lang='grc' dir='ltr'><strong><em>διατηρήσει</em></strong></span> <span class='ocrx_word' id='word_1_128' title='bbox 640 1879 671 1924; x_wconf 88' lang='grc' dir='ltr'><strong><em>σε</em></strong></span> <span class='ocrx_word' id='word_1_129' title='bbox 686 1853 747 1924; x_wconf 87' lang='grc' dir='ltr'><strong><em>άπύ</em></strong></span> <span class='ocrx_word' id='word_1_130' title='bbox 763 1865 816 1924; x_wconf 88' lang='grc' dir='ltr'><strong><em>τοῦ</em></strong></span> <span class='ocrx_word' id='word_1_131' title='bbox 833 1861 990 1934; x_wconf 78' lang='grc' dir='ltr'><strong><em>ἐνεστῶτος</em></strong></span> <span class='ocrx_word' id='word_1_132' title='bbox 1006 1860 1116 1934; x_wconf 83' lang='grc' dir='ltr'><strong><em>αίῦνος</em></strong></span> <span class='ocrx_word' id='word_1_133' title='bbox 1130 1867 1266 1945; x_wconf 91' lang='grc' dir='ltr'><strong><em>πονηροῦ</em></strong></span> <span class='ocrx_word' id='word_1_134' title='bbox 1280 1862 1332 1926; x_wconf 87' lang='grc' dir='ltr'><strong><em>καλ</em></strong></span> <span class='ocrx_word' id='word_1_135' title='bbox 1345 1870 1407 1927; x_wconf 83' lang='grc' dir='ltr'><strong><em>των</em></strong></span> <span class='ocrx_word' id='word_1_136' title='bbox 1423 1883 1495 1944; x_wconf 86' lang='grc' dir='ltr'><strong><em>συμ-</em></strong></span> 
     </span>
     <span class='ocr_line' id='line_1_17' title="bbox 339 1958 1232 2047; baseline -0.002 -21"><span class='ocrx_word' id='word_1_137' title='bbox 339 1960 505 2045; x_wconf 76' lang='grc' dir='ltr'><strong><em>πτωμάτων</em></strong></span> <span class='ocrx_word' id='word_1_138' title='bbox 527 1961 693 2026; x_wconf 79' lang='grc' dir='ltr'><strong><em>αὐτοῦκαὶ</em></strong></span> <span class='ocrx_word' id='word_1_139' title='bbox 717 1964 851 2047; x_wconf 91' lang='grc' dir='ltr'><strong><em>παγίδων</em></strong></span> <span class='ocrx_word' id='word_1_140' title='bbox 872 1968 925 2028; x_wconf 86' lang='grc' dir='ltr'><strong><em>τοῦ</em></strong></span> <span class='ocrx_word' id='word_1_141' title='bbox 946 1967 1088 2046; x_wconf 87' lang='grc' dir='ltr'><strong><em>πονηροῦ.</em></strong></span> <span class='ocrx_word' id='word_1_142' title='bbox 1130 1958 1232 2044; x_wconf 79' lang='grc' dir='ltr'><strong><em>Ἀμην.</em></strong></span> 
     </span>
    </p>

    <p class='ocr_par' dir='ltr' id='par_1_6' title="bbox 338 2055 1499 2767">
     <span class='ocr_line' id='line_1_18' title="bbox 429 2055 1496 2152; baseline 0.003 -24"><span class='ocrx_word' id='word_1_143' title='bbox 429 2061 490 2147; x_wconf 69' lang='grc' dir='ltr'><strong><em>Τὴν</em></strong></span> <span class='ocrx_word' id='word_1_144' title='bbox 507 2065 559 2146; x_wconf 83' lang='grc' dir='ltr'><strong><em>μέν</em></strong></span> <span class='ocrx_word' id='word_1_145' title='bbox 576 2066 645 2148; x_wconf 77' lang='grc' dir='ltr'><strong><em>περὶ</em></strong></span> <span class='ocrx_word' id='word_1_146' title='bbox 662 2065 693 2129; x_wconf 84' lang='grc' dir='ltr'><strong><em>σέ</em></strong></span> <span class='ocrx_word' id='word_1_147' title='bbox 710 2059 831 2150; x_wconf 76' lang='grc' dir='ltr'><strong><em>άγαπην</em></strong></span> <span class='ocrx_word' id='word_1_148' title='bbox 848 2067 984 2150; x_wconf 77' lang='grc' dir='ltr'><strong><em>μεγίστην</em></strong></span> <span class='ocrx_word' id='word_1_149' title='bbox 1001 2055 1095 2130; x_wconf 79' lang='grc' dir='ltr'><strong><em>οὖσαν</em></strong></span> <span class='ocrx_word' id='word_1_150' title='bbox 1116 2065 1276 2145; x_wconf 78' lang='grc' dir='ltr'><strong><em>αίσδηθελς</em></strong></span> <span class='ocrx_word' id='word_1_151' title='bbox 1296 2067 1360 2130; x_wconf 88' lang='grc' dir='ltr'><strong><em>λίαν</em></strong></span> <span class='ocrx_word' id='word_1_152' title='bbox 1376 2065 1496 2152; x_wconf 72' lang='grc' dir='ltr'><strong><em>ἐχάρην,</em></strong></span> 
     </span>
     <span class='ocr_line' id='line_1_19' title="bbox 338 2157 1498 2252; baseline 0.003 -21"><span class='ocrx_word' id='word_1_153' title='bbox 338 2165 394 2250; x_wconf 73' lang='grc' dir='ltr'><strong><em>τὴν</em></strong></span> <span class='ocrx_word' id='word_1_154' title='bbox 413 2168 447 2232; x_wconf 85' lang='grc' dir='ltr'><strong><em>δέ</em></strong></span> <span class='ocrx_word' id='word_1_155' title='bbox 468 2171 566 2232; x_wconf 87' lang='grc' dir='ltr'><strong><em>πίστιν</em></strong></span> <span class='ocrx_word' id='word_1_156' title='bbox 585 2163 640 2232; x_wconf 87' lang='grc' dir='ltr'><strong><em>ούκ</em></strong></span> <span class='ocrx_word' id='word_1_157' title='bbox 665 2158 757 2234; x_wconf 83' lang='grc' dir='ltr'><strong><em>οὖσαν</em></strong></span> <span class='ocrx_word' id='word_1_158' title='bbox 780 2164 856 2232; x_wconf 86' lang='grc' dir='ltr'><strong><em>κατά</em></strong></span> <span class='ocrx_word' id='word_1_159' title='bbox 878 2166 930 2231; x_wconf 84' lang='grc' dir='ltr'><strong><em>τόν</em></strong></span> <span class='ocrx_word' id='word_1_160' title='bbox 947 2164 1044 2252; x_wconf 80' lang='grc' dir='ltr'><strong><em>όρθδν</em></strong></span> <span class='ocrx_word' id='word_1_161' title='bbox 1066 2157 1155 2252; x_wconf 83' lang='grc' dir='ltr'><strong><em>λόγου</em></strong></span> <span class='ocrx_word' id='word_1_162' title='bbox 1180 2164 1361 2250; x_wconf 62' lang='grc' dir='ltr'><strong><em>’ἠχθέσθην</em></strong></span> <span class='ocrx_word' id='word_1_163' title='bbox 1394 2167 1498 2235; x_wconf 76' lang='grc' dir='ltr'><strong><em>Ὅθεν</em></strong></span> 
     </span>
     <span class='ocr_line' id='line_1_20' title="bbox 339 2265 1499 2357; baseline 0.003 -22"><span class='ocrx_word' id='word_1_164' title='bbox 339 2268 417 2357; x_wconf 85' lang='grc' dir='ltr'><strong><em>πρός</em></strong></span> <span class='ocrx_word' id='word_1_165' title='bbox 432 2268 644 2356; x_wconf 77' lang='grc' dir='ltr'><strong><em>ἐπανόρθωσιν</em></strong></span> <span class='ocrx_word' id='word_1_166' title='bbox 658 2277 713 2334; x_wconf 89' lang='grc' dir='ltr'><strong><em>τοῦ</em></strong></span> <span class='ocrx_word' id='word_1_167' title='bbox 727 2277 788 2336; x_wconf 83' lang='grc' dir='ltr'><strong><em>των</em></strong></span> <span class='ocrx_word' id='word_1_168' title='bbox 802 2267 976 2353; x_wconf 80' lang='grc' dir='ltr'><strong><em>άνθροίπων</em></strong></span> <span class='ocrx_word' id='word_1_169' title='bbox 990 2271 1095 2355; x_wconf 83' lang='grc' dir='ltr'><strong><em>γένους</em></strong></span> <span class='ocrx_word' id='word_1_170' title='bbox 1107 2265 1295 2349; x_wconf 81' lang='grc' dir='ltr'><strong><em>άποσταλελς,</em></strong></span> <span class='ocrx_word' id='word_1_171' title='bbox 1317 2271 1499 2354; x_wconf 69' lang='grc' dir='ltr'><strong><em>φειδόμενος</em></strong></span> 
     </span>
     <span class='ocr_line' id='line_1_21' title="bbox 339 2368 1499 2464; baseline 0.001 -26"><span class='ocrx_word' id='word_1_172' title='bbox 339 2399 369 2438; x_wconf 86' lang='grc' dir='ltr'><strong><em>τε</em></strong></span> <span class='ocrx_word' id='word_1_173' title='bbox 390 2379 450 2438; x_wconf 76' lang='grc' dir='ltr'><strong><em>τοῖν</em></strong></span> <span class='ocrx_word' id='word_1_174' title='bbox 472 2370 572 2464; x_wconf 85' lang='grc' dir='ltr'><strong><em>άπάτη</em></strong></span> <span class='ocrx_word' id='word_1_175' title='bbox 593 2374 644 2438; x_wconf 79' lang='grc' dir='ltr'><strong><em>καί</em></strong></span> <span class='ocrx_word' id='word_1_176' title='bbox 664 2369 763 2463; x_wconf 86' lang='grc' dir='ltr'><strong><em>πλάνη</em></strong></span> <span class='ocrx_word' id='word_1_177' title='bbox 781 2371 906 2448; x_wconf 78' lang='grc' dir='ltr'><strong><em>ἑαυτούς</em></strong></span> <span class='ocrx_word' id='word_1_178' title='bbox 927 2368 1151 2452; x_wconf 77' lang='grc' dir='ltr'><strong><em>ἐκδεδωκότων,</em></strong></span> <span class='ocrx_word' id='word_1_179' title='bbox 1172 2379 1264 2438; x_wconf 88' lang='grc' dir='ltr'><strong><em>ταῦτα</em></strong></span> <span class='ocrx_word' id='word_1_180' title='bbox 1282 2370 1318 2438; x_wconf 86' lang='grc' dir='ltr'><strong><em>τά</em></strong></span> <span class='ocrx_word' id='word_1_181' title='bbox 1337 2372 1499 2458; x_wconf 83' lang='grc' dir='ltr'><strong><em>γράμματα</em></strong></span> 
     </span>
     <span class='ocr_line' id='line_1_22' title="bbox 340 2471 1499 2564; baseline 0.001 -22"><span class='ocrx_word' id='word_1_182' title='bbox 340 2475 418 2564; x_wconf 85' lang='grc' dir='ltr'><strong><em>πρδς</em></strong></span> <span class='ocrx_word' id='word_1_183' title='bbox 433 2477 464 2542; x_wconf 84' lang='grc' dir='ltr'><strong><em>σέ</em></strong></span> <span class='ocrx_word' id='word_1_184' title='bbox 481 2471 644 2562; x_wconf 86' lang='grc' dir='ltr'><strong><em>άναγκαῖον</em></strong></span> <span class='ocrx_word' id='word_1_185' title='bbox 661 2473 817 2562; x_wconf 75' lang='grc' dir='ltr'><strong><em>ἡγησάμην</em></strong></span> <span class='ocrx_word' id='word_1_186' title='bbox 839 2473 1023 2554; x_wconf 75' lang='grc' dir='ltr'><strong><em>ἀποστεῖλαι,</em></strong></span> <span class='ocrx_word' id='word_1_187' title='bbox 1046 2480 1164 2559; x_wconf 77' lang='grc' dir='ltr'><strong><em>πρῶτον</em></strong></span> <span class='ocrx_word' id='word_1_188' title='bbox 1181 2475 1234 2557; x_wconf 81' lang='grc' dir='ltr'><strong><em>μέν</em></strong></span> <span class='ocrx_word' id='word_1_189' title='bbox 1251 2475 1327 2560; x_wconf 87' lang='grc' dir='ltr'><strong><em>πρδς</em></strong></span> <span class='ocrx_word' id='word_1_190' title='bbox 1346 2484 1499 2562; x_wconf 86' lang='grc' dir='ltr'><strong><em>σωτηρίαν</em></strong></span> 
     </span>
     <span class='ocr_line' id='line_1_23' title="bbox 339 2575 1499 2666; baseline -0.002 -21"><span class='ocrx_word' id='word_1_191' title='bbox 339 2586 392 2662; x_wconf 80' lang='grc' dir='ltr'><strong><em>τῆς</em></strong></span> <span class='ocrx_word' id='word_1_192' title='bbox 409 2585 560 2645; x_wconf 67' lang='grc' dir='ltr'><strong><em>’σεαυτοῦ</em></strong></span> <span class='ocrx_word' id='word_1_193' title='bbox 575 2586 690 2662; x_wconf 75' lang='grc' dir='ltr'><strong><em>ψυχῆς,</em></strong></span> <span class='ocrx_word' id='word_1_194' title='bbox 712 2579 811 2644; x_wconf 80' lang='grc' dir='ltr'><strong><em>ἔπειτα</em></strong></span> <span class='ocrx_word' id='word_1_195' title='bbox 831 2578 863 2643; x_wconf 81' lang='grc' dir='ltr'><strong><em>δέ</em></strong></span> <span class='ocrx_word' id='word_1_196' title='bbox 880 2579 931 2642; x_wconf 83' lang='grc' dir='ltr'><strong><em>καλ</em></strong></span> <span class='ocrx_word' id='word_1_197' title='bbox 952 2583 1012 2641; x_wconf 77' lang='grc' dir='ltr'><strong><em>τῶν</em></strong></span> <span class='ocrx_word' id='word_1_198' title='bbox 1028 2575 1091 2658; x_wconf 71' lang='grc' dir='ltr'><strong><em>ἅμα</em></strong></span> <span class='ocrx_word' id='word_1_199' title='bbox 1110 2597 1156 2642; x_wconf 92' lang='grc' dir='ltr'><strong><em>σοι</em></strong></span> <span class='ocrx_word' id='word_1_200' title='bbox 1179 2575 1392 2663; x_wconf 77' lang='grc' dir='ltr'><strong><em>τυγχανόντων,</em></strong></span> <span class='ocrx_word' id='word_1_201' title='bbox 1418 2581 1499 2666; x_wconf 74' lang='grc' dir='ltr'><strong><em>πρός</em></strong></span> 
     </span>
     <span class='ocr_line' id='line_1_24' title="bbox 339 2675 1498 2767; baseline 0.003 -21"><span class='ocrx_word' id='word_1_202' title='bbox 339 2681 372 2747; x_wconf 89' lang='grc' dir='ltr'><strong><em>τδ</em></strong></span> <span class='ocrx_word' id='word_1_203' title='bbox 395 2681 460 2764; x_wconf 66' lang='grc' dir='ltr'><strong><em>’μὴ</em></strong></span> <span class='ocrx_word' id='word_1_204' title='bbox 477 2679 652 2766; x_wconf 87' lang='grc' dir='ltr'><strong><em>άδιάκριτόν</em></strong></span> <span class='ocrx_word' id='word_1_205' title='bbox 668 2703 699 2746; x_wconf 90' lang='grc' dir='ltr'><strong><em>σε</em></strong></span> <span class='ocrx_word' id='word_1_206' title='bbox 715 2683 789 2764; x_wconf 76' lang='grc' dir='ltr'><strong><em>ἔχειν</em></strong></span> <span class='ocrx_word' id='word_1_207' title='bbox 803 2679 856 2745; x_wconf 86' lang='grc' dir='ltr'><strong><em>τόν</em></strong></span> <span class='ocrx_word' id='word_1_208' title='bbox 871 2677 1021 2767; x_wconf 85' lang='grc' dir='ltr'><strong><em>λογισμόν,</em></strong></span> <span class='ocrx_word' id='word_1_209' title='bbox 1043 2675 1085 2754; x_wconf 83' lang='grc' dir='ltr'><strong><em>ύς</em></strong></span> <span class='ocrx_word' id='word_1_210' title='bbox 1100 2681 1131 2744; x_wconf 85' lang='grc' dir='ltr'><strong><em>οἱ</em></strong></span> <span class='ocrx_word' id='word_1_211' title='bbox 1143 2686 1204 2744; x_wconf 76' lang='grc' dir='ltr'><strong><em>νῦν</em></strong></span> <span class='ocrx_word' id='word_1_212' title='bbox 1221 2676 1431 2766; x_wconf 80' lang='grc' dir='ltr'><strong><em>άπλουστέρυν</em></strong></span> <span class='ocrx_word' id='word_1_213' title='bbox 1447 2711 1498 2750; x_wconf 85' lang='grc' dir='ltr'><strong><em>κοι-</em></strong></span> 
     </span>
    </p>

    <p class='ocr_par' dir='ltr' id='par_1_7' title="bbox 120 2779 1571 4390">
     <span class='ocr_line' id='line_1_25' title="bbox 187 2779 1498 2870; baseline 0.002 -22"><span class='ocrx_word' id='word_1_214' title='bbox 187 2853 191 2862; x_wconf 47' lang='lat'><em>,</em></span> <span class='ocrx_word' id='word_1_215' title='bbox 339 2783 506 2870; x_wconf 76' lang='grc' dir='ltr'><strong><em>θηγεμόνες</em></strong></span> <span class='ocrx_word' id='word_1_216' title='bbox 519 2783 693 2850; x_wconf 76' lang='grc' dir='ltr'><strong><em>διδάσκουσι</em></strong></span> <span class='ocrx_word' id='word_1_217' title='bbox 706 2785 838 2869; x_wconf 89' lang='grc' dir='ltr'><strong><em>λέγοντες</em></strong></span> <span class='ocrx_word' id='word_1_218' title='bbox 851 2780 884 2847; x_wconf 89' lang='grc' dir='ltr'><strong><em>τδ</em></strong></span> <span class='ocrx_word' id='word_1_219' title='bbox 901 2779 1020 2867; x_wconf 77' lang='grc' dir='ltr'><strong><em>άγαθόν</em></strong></span> <span class='ocrx_word' id='word_1_220' title='bbox 1034 2783 1085 2846; x_wconf 84' lang='grc' dir='ltr'><strong><em>καλ</em></strong></span> <span class='ocrx_word' id='word_1_221' title='bbox 1099 2780 1132 2846; x_wconf 90' lang='grc' dir='ltr'><strong><em>τδ</em></strong></span> <span class='ocrx_word' id='word_1_222' title='bbox 1148 2781 1242 2848; x_wconf 90' lang='grc' dir='ltr'><strong><em>κακόν</em></strong></span> <span class='ocrx_word' id='word_1_223' title='bbox 1256 2779 1317 2850; x_wconf 71' lang='lat' dir='ltr'><strong><em>ini</em></strong></span> <span class='ocrx_word' id='word_1_224' title='bbox 1330 2791 1383 2848; x_wconf 86' lang='grc' dir='ltr'><strong><em>τοῦ</em></strong></span> <span class='ocrx_word' id='word_1_225' title='bbox 1395 2782 1498 2852; x_wconf 80' lang='grc' dir='ltr'><strong><em>αύτοῦ</em></strong></span> 
     </span>
     <span class='ocr_line' id='line_1_26' title="bbox 227 2881 1497 2973; baseline 0.001 -20"><span class='ocrx_word' id='word_1_226' title='bbox 227 2890 232 2899; x_wconf 84' lang='grc'><em>“</em></span> <span class='ocrx_word' id='word_1_227' title='bbox 342 2890 504 2973; x_wconf 82' lang='grc' dir='ltr'><strong><em>φέρεσθαι,</em></strong></span> <span class='ocrx_word' id='word_1_228' title='bbox 527 2889 578 2952; x_wconf 84' lang='grc' dir='ltr'><strong><em>καί</em></strong></span> <span class='ocrx_word' id='word_1_229' title='bbox 596 2891 666 2970; x_wconf 91' lang='grc' dir='ltr'><strong><em>μίαν</em></strong></span> <span class='ocrx_word' id='word_1_230' title='bbox 682 2884 775 2972; x_wconf 76' lang='grc' dir='ltr'><strong><em>όρχην</em></strong></span> <span class='ocrx_word' id='word_1_231' title='bbox 794 2887 1010 2971; x_wconf 83' lang='grc' dir='ltr'><strong><em>είςηγούμενοι,</em></strong></span> <span class='ocrx_word' id='word_1_232' title='bbox 1032 2881 1070 2949; x_wconf 86' lang='grc' dir='ltr'><strong><em>ού</em></strong></span> <span class='ocrx_word' id='word_1_233' title='bbox 1090 2888 1303 2972; x_wconf 88' lang='grc' dir='ltr'><strong><em>διακρίνοντες,</em></strong></span> <span class='ocrx_word' id='word_1_234' title='bbox 1325 2886 1394 2952; x_wconf 70' lang='lat' dir='ltr'><strong><em>viii</em></strong></span> <span class='ocrx_word' id='word_1_235' title='bbox 1417 2892 1497 2954; x_wconf 83' lang='grc' dir='ltr'><strong><em>διαι-</em></strong></span> 
     </span>
     <span class='ocr_line' id='line_1_27' title="bbox 340 2984 1495 3078; baseline -0.001 -21"><span class='ocrx_word' id='word_1_236' title='bbox 340 2997 460 3078; x_wconf 85' lang='grc' dir='ltr'><strong><em>ροῦντες</em></strong></span> <span class='ocrx_word' id='word_1_237' title='bbox 475 2989 535 3056; x_wconf 87' lang='grc' dir='ltr'><strong><em>άπδ</em></strong></span> <span class='ocrx_word' id='word_1_238' title='bbox 551 2997 605 3055; x_wconf 85' lang='grc' dir='ltr'><strong><em>τοῦ</em></strong></span> <span class='ocrx_word' id='word_1_239' title='bbox 621 2987 720 3071; x_wconf 84' lang='grc' dir='ltr'><strong><em>φωτός</em></strong></span> <span class='ocrx_word' id='word_1_240' title='bbox 737 2987 770 3054; x_wconf 85' lang='grc' dir='ltr'><strong><em>τά</em></strong></span> <span class='ocrx_word' id='word_1_241' title='bbox 787 2987 908 3067; x_wconf 86' lang='grc' dir='ltr'><strong><em>σκότος,</em></strong></span> <span class='ocrx_word' id='word_1_242' title='bbox 929 2989 980 3052; x_wconf 85' lang='grc' dir='ltr'><strong><em>καλ</em></strong></span> <span class='ocrx_word' id='word_1_243' title='bbox 996 2985 1030 3052; x_wconf 88' lang='grc' dir='ltr'><strong><em>τδ</em></strong></span> <span class='ocrx_word' id='word_1_244' title='bbox 1048 2984 1167 3071; x_wconf 84' lang='grc' dir='ltr'><strong><em>άγαθόν</em></strong></span> <span class='ocrx_word' id='word_1_245' title='bbox 1182 2985 1242 3053; x_wconf 87' lang='grc' dir='ltr'><strong><em>άπδ</em></strong></span> <span class='ocrx_word' id='word_1_246' title='bbox 1258 2995 1312 3055; x_wconf 89' lang='grc' dir='ltr'><strong><em>τοῦ</em></strong></span> <span class='ocrx_word' id='word_1_247' title='bbox 1328 2996 1427 3054; x_wconf 84' lang='grc' dir='ltr'><strong><em>κακοῦ</em></strong></span> <span class='ocrx_word' id='word_1_248' title='bbox 1445 2993 1495 3058; x_wconf 82' lang='grc' dir='ltr'><strong><em>καλ</em></strong></span> 
     </span>
     <span class='ocr_line' id='line_1_28' title="bbox 340 3087 1495 3178; baseline 0.003 -21"><span class='ocrx_word' id='word_1_249' title='bbox 340 3091 475 3174; x_wconf 89' lang='grc' dir='ltr'><strong><em>φαύλου,</em></strong></span> <span class='ocrx_word' id='word_1_250' title='bbox 500 3095 550 3158; x_wconf 88' lang='grc' dir='ltr'><strong><em>καλ</em></strong></span> <span class='ocrx_word' id='word_1_251' title='bbox 565 3091 618 3158; x_wconf 88' lang='grc' dir='ltr'><strong><em>τόν</em></strong></span> <span class='ocrx_word' id='word_1_252' title='bbox 632 3095 744 3170; x_wconf 75' lang='grc' dir='ltr'><strong><em>ἔξωθεν</em></strong></span> <span class='ocrx_word' id='word_1_253' title='bbox 760 3089 925 3177; x_wconf 73' lang='grc' dir='ltr'><strong><em>ἄνθρωπον</em></strong></span> <span class='ocrx_word' id='word_1_254' title='bbox 940 3087 999 3155; x_wconf 84' lang='grc' dir='ltr'><strong><em>ύπδ</em></strong></span> <span class='ocrx_word' id='word_1_255' title='bbox 1017 3095 1070 3154; x_wconf 89' lang='grc' dir='ltr'><strong><em>τοῦ</em></strong></span> <span class='ocrx_word' id='word_1_256' title='bbox 1087 3092 1190 3168; x_wconf 76' lang='grc' dir='ltr'><strong><em>ἔνδον,</em></strong></span> <span class='ocrx_word' id='word_1_257' title='bbox 1213 3089 1282 3168; x_wconf 61' lang='grc' dir='ltr'><strong><em>έιύς</em></strong></span> <span class='ocrx_word' id='word_1_258' title='bbox 1302 3096 1495 3178; x_wconf 84' lang='grc' dir='ltr'><strong><em>προελπομεν,</em></strong></span> 
     </span>
     <span class='ocr_line' id='line_1_29' title="bbox 339 3191 1495 3281; baseline 0.001 -20"><span class='ocrx_word' id='word_1_259' title='bbox 339 3192 411 3262; x_wconf 71' lang='lat' dir='ltr'><strong><em>iiii</em></strong></span> <span class='ocrx_word' id='word_1_260' title='bbox 427 3203 585 3280; x_wconf 85' lang='grc' dir='ltr'><strong><em>κιρνῦντες</em></strong></span> <span class='ocrx_word' id='word_1_261' title='bbox 599 3197 650 3260; x_wconf 87' lang='grc' dir='ltr'><strong><em>καλ</em></strong></span> <span class='ocrx_word' id='word_1_262' title='bbox 665 3197 926 3281; x_wconf 78' lang='grc' dir='ltr'><strong><em>ἐγκαταμιγνύντες</em></strong></span> <span class='ocrx_word' id='word_1_263' title='bbox 939 3191 1068 3278; x_wconf 76' lang='grc' dir='ltr'><strong><em>θάτερον</em></strong></span> <span class='ocrx_word' id='word_1_264' title='bbox 1081 3194 1199 3281; x_wconf 79' lang='grc' dir='ltr'><strong><em>θατέρῳ</em></strong></span> <span class='ocrx_word' id='word_1_265' title='bbox 1212 3191 1250 3259; x_wconf 89' lang='grc' dir='ltr'><strong><em>ού</em></strong></span> <span class='ocrx_word' id='word_1_266' title='bbox 1261 3195 1410 3260; x_wconf 80' lang='grc' dir='ltr'><strong><em>παύονται</em></strong></span> <span class='ocrx_word' id='word_1_267' title='bbox 1448 3195 1495 3262; x_wconf 82' lang='grc' dir='ltr'><strong><em>Σύ</em></strong></span> 
     </span>
     <span class='ocr_line' id='line_1_30' title="bbox 339 3291 1496 3382; baseline 0.003 -20"><span class='ocrx_word' id='word_1_268' title='bbox 339 3299 382 3377; x_wconf 84' lang='grc' dir='ltr'><strong><em>δέ,</em></strong></span> <span class='ocrx_word' id='word_1_269' title='bbox 402 3291 427 3362; x_wconf 74' lang='grc' dir='ltr'><strong><em>οδ</em></strong></span> <span class='ocrx_word' id='word_1_270' title='bbox 440 3300 554 3378; x_wconf 88' lang='grc' dir='ltr'><strong><em>τέκνον,</em></strong></span> <span class='ocrx_word' id='word_1_271' title='bbox 570 3296 612 3381; x_wconf 75' lang='grc' dir='ltr'><strong><em>μὴ</em></strong></span> <span class='ocrx_word' id='word_1_272' title='bbox 625 3301 674 3363; x_wconf 82' lang='grc' dir='ltr'><strong><em>λ’σα</em></strong></span> <span class='ocrx_word' id='word_1_273' title='bbox 688 3307 750 3373; x_wconf 89' lang='grc' dir='ltr'><strong><em>τοῖς</em></strong></span> <span class='ocrx_word' id='word_1_274' title='bbox 766 3305 884 3372; x_wconf 82' lang='grc' dir='ltr'><strong><em>πολλοῖς</em></strong></span> <span class='ocrx_word' id='word_1_275' title='bbox 897 3303 955 3361; x_wconf 81' lang='grc' dir='ltr'><strong><em>τοῦν</em></strong></span> <span class='ocrx_word' id='word_1_276' title='bbox 969 3293 1141 3382; x_wconf 72' lang='grc' dir='ltr'><strong><em>ἀνθρώπων</em></strong></span> <span class='ocrx_word' id='word_1_277' title='bbox 1157 3293 1313 3382; x_wconf 72' lang='grc' dir='ltr'><strong><em>ἀλογίστως</em></strong></span> <span class='ocrx_word' id='word_1_278' title='bbox 1326 3298 1376 3362; x_wconf 83' lang='grc' dir='ltr'><strong><em>καλ</em></strong></span> <span class='ocrx_word' id='word_1_279' title='bbox 1388 3293 1496 3376; x_wconf 74' lang='grc' dir='ltr'><strong><em>ἅπλῶς</em></strong></span> 
     </span>
     <span class='ocr_line' id='line_1_31' title="bbox 338 3393 1571 3489; baseline 0.002 -24"><span class='ocrx_word' id='word_1_280' title='bbox 338 3398 501 3484; x_wconf 88' lang='grc' dir='ltr'><strong><em>α’μφότερα,</em></strong></span> <span class='ocrx_word' id='word_1_281' title='bbox 526 3398 566 3477; x_wconf 70' lang='grc' dir='ltr'><strong><em>οἱς</em></strong></span> <span class='ocrx_word' id='word_1_282' title='bbox 581 3399 619 3465; x_wconf 82' lang='grc' dir='ltr'><strong><em>δν</em></strong></span> <span class='ocrx_word' id='word_1_283' title='bbox 632 3398 726 3483; x_wconf 76' lang='grc' dir='ltr'><strong><em>τύχοι,</em></strong></span> <span class='ocrx_word' id='word_1_284' title='bbox 749 3398 871 3489; x_wconf 71' lang='grc' dir='ltr'><strong><em>ἐνούσης,</em></strong></span> <span class='ocrx_word' id='word_1_285' title='bbox 893 3399 968 3481; x_wconf 85' lang='grc' dir='ltr'><strong><em>μηδέ</em></strong></span> <span class='ocrx_word' id='word_1_286' title='bbox 982 3403 1021 3486; x_wconf 81' lang='grc' dir='ltr'><strong><em>τῷ</em></strong></span> <span class='ocrx_word' id='word_1_287' title='bbox 1037 3405 1090 3482; x_wconf 78' lang='grc' dir='ltr'><strong><em>τῆς</em></strong></span> <span class='ocrx_word' id='word_1_288' title='bbox 1105 3393 1298 3484; x_wconf 81' lang='grc' dir='ltr'><strong><em>άγαθοσύνης</em></strong></span> <span class='ocrx_word' id='word_1_289' title='bbox 1312 3406 1376 3489; x_wconf 75' lang='grc' dir='ltr'><strong><em>θεῷ</em></strong></span> <span class='ocrx_word' id='word_1_290' title='bbox 1392 3402 1492 3468; x_wconf 66' lang='lat' dir='ltr'><strong><em>‘oiva-</em></strong></span> <span class='ocrx_word' id='word_1_291' title='bbox 1570 3439 1571 3446; x_wconf 43' lang='grc' dir='ltr'><strong><em>ι</em></strong></span> 
     </span>
     <span class='ocr_line' id='line_1_32' title="bbox 336 3499 1493 3588; baseline 0.003 -22"><span class='ocrx_word' id='word_1_292' title='bbox 336 3507 448 3568; x_wconf 78' lang='grc' dir='ltr'><strong><em>τίθεσο.</em></strong></span> <span class='ocrx_word' id='word_1_293' title='bbox 480 3500 586 3588; x_wconf 75' lang='grc' dir='ltr'><strong><em>Ἀρχήν</em></strong></span> <span class='ocrx_word' id='word_1_294' title='bbox 600 3502 655 3588; x_wconf 91' lang='grc' dir='ltr'><strong><em>γάρ</em></strong></span> <span class='ocrx_word' id='word_1_295' title='bbox 670 3504 721 3574; x_wconf 85' lang='grc' dir='ltr'><strong><em>κοιλ</em></strong></span> <span class='ocrx_word' id='word_1_296' title='bbox 738 3503 827 3581; x_wconf 88' lang='grc' dir='ltr'><strong><em>τέλος,</em></strong></span> <span class='ocrx_word' id='word_1_297' title='bbox 850 3503 900 3566; x_wconf 87' lang='grc' dir='ltr'><strong><em>καλ</em></strong></span> <span class='ocrx_word' id='word_1_298' title='bbox 914 3499 967 3566; x_wconf 90' lang='grc' dir='ltr'><strong><em>τόν</em></strong></span> <span class='ocrx_word' id='word_1_299' title='bbox 982 3500 1094 3568; x_wconf 91' lang='grc' dir='ltr'><strong><em>τούτων</em></strong></span> <span class='ocrx_word' id='word_1_300' title='bbox 1108 3504 1221 3588; x_wconf 85' lang='grc' dir='ltr'><strong><em>πατέρα</em></strong></span> <span class='ocrx_word' id='word_1_301' title='bbox 1237 3510 1296 3567; x_wconf 73' lang='grc' dir='ltr'><strong><em>τῶν</em></strong></span> <span class='ocrx_word' id='word_1_302' title='bbox 1307 3511 1417 3581; x_wconf 79' lang='grc' dir='ltr'><strong><em>κακοῦν,</em></strong></span> <span class='ocrx_word' id='word_1_303' title='bbox 1443 3507 1493 3571; x_wconf 63' lang='lat' dir='ltr'><strong><em>ini</em></strong></span> 
     </span>
     <span class='ocr_line' id='line_1_33' title="bbox 337 3597 1493 3692; baseline 0.002 -21"><span class='ocrx_word' id='word_1_304' title='bbox 337 3604 392 3672; x_wconf 85' lang='grc' dir='ltr'><strong><em>τόν</em></strong></span> <span class='ocrx_word' id='word_1_305' title='bbox 406 3603 482 3672; x_wconf 81' lang='grc' dir='ltr'><strong><em>θεδν</em></strong></span> <span class='ocrx_word' id='word_1_306' title='bbox 497 3605 708 3692; x_wconf 76' lang='grc' dir='ltr'><strong><em>ἀναφέρουσιν,</em></strong></span> <span class='ocrx_word' id='word_1_307' title='bbox 732 3597 774 3670; x_wconf 76' lang='grc' dir='ltr'><strong><em>οδν</em></strong></span> <span class='ocrx_word' id='word_1_308' title='bbox 786 3604 819 3670; x_wconf 90' lang='grc' dir='ltr'><strong><em>τό</em></strong></span> <span class='ocrx_word' id='word_1_309' title='bbox 834 3606 916 3680; x_wconf 89' lang='grc' dir='ltr'><strong><em>τέλος</em></strong></span> <span class='ocrx_word' id='word_1_310' title='bbox 932 3604 1062 3690; x_wconf 85' lang='grc' dir='ltr'><strong><em>κατάρας</em></strong></span> <span class='ocrx_word' id='word_1_311' title='bbox 1076 3604 1170 3690; x_wconf 85' lang='grc' dir='ltr'><strong><em>έγγύς.</em></strong></span> <span class='ocrx_word' id='word_1_312' title='bbox 1218 3603 1295 3671; x_wconf 85' lang='grc' dir='ltr'><strong><em>Ούτε</em></strong></span> <span class='ocrx_word' id='word_1_313' title='bbox 1308 3604 1365 3692; x_wconf 83' lang='grc' dir='ltr'><strong><em>γάρ</em></strong></span> <span class='ocrx_word' id='word_1_314' title='bbox 1382 3609 1413 3671; x_wconf 84' lang='grc' dir='ltr'><strong><em>έν</em></strong></span> <span class='ocrx_word' id='word_1_315' title='bbox 1428 3617 1493 3684; x_wconf 84' lang='grc' dir='ltr'><strong><em>τοῖς</em></strong></span> 
     </span>
     <span class='ocr_line' id='line_1_34' title="bbox 338 3705 1489 3796; baseline 0.003 -24"><span class='ocrx_word' id='word_1_316' title='bbox 338 3710 502 3794; x_wconf 73' lang='grc' dir='ltr'><strong><em>εἰρημένοις</em></strong></span> <span class='ocrx_word' id='word_1_317' title='bbox 528 3705 727 3794; x_wconf 71' lang='grc' dir='ltr'><strong><em>0εύιιγγελίοις</em></strong></span> <span class='ocrx_word' id='word_1_318' title='bbox 752 3705 821 3794; x_wconf 89' lang='grc' dir='ltr'><strong><em>παρ’</em></strong></span> <span class='ocrx_word' id='word_1_319' title='bbox 842 3707 936 3773; x_wconf 77' lang='grc' dir='ltr'><strong><em>αὐτοῦ</em></strong></span> <span class='ocrx_word' id='word_1_320' title='bbox 959 3715 1013 3773; x_wconf 89' lang='grc' dir='ltr'><strong><em>τοῦ</em></strong></span> <span class='ocrx_word' id='word_1_321' title='bbox 1037 3714 1169 3794; x_wconf 80' lang='grc' dir='ltr'><strong><em>σωτῆρος</em></strong></span> <span class='ocrx_word' id='word_1_322' title='bbox 1189 3705 1277 3792; x_wconf 74' lang='grc' dir='ltr'><strong><em>ἡμων</em></strong></span> <span class='ocrx_word' id='word_1_323' title='bbox 1298 3711 1348 3774; x_wconf 85' lang='grc' dir='ltr'><strong><em>καλ</em></strong></span> <span class='ocrx_word' id='word_1_324' title='bbox 1371 3715 1489 3796; x_wconf 88' lang='grc' dir='ltr'><strong><em>κυρίου,</em></strong></span> 
     </span>
     <span class='ocr_line' id='line_1_35' title="bbox 295 3808 1491 3904; baseline 0.004 -30"><span class='ocrx_word' id='word_1_325' title='bbox 295 3895 299 3904; x_wconf 92' lang='lat'>.</span> <span class='ocrx_word' id='word_1_326' title='bbox 334 3809 431 3894; x_wconf 89' lang='grc' dir='ltr'><strong><em>Ἰησοῦ</em></strong></span> <span class='ocrx_word' id='word_1_327' title='bbox 448 3819 595 3896; x_wconf 88' lang='grc' dir='ltr'><strong><em>Χριστοῦ,</em></strong></span> <span class='ocrx_word' id='word_1_328' title='bbox 617 3809 821 3889; x_wconf 87' lang='grc' dir='ltr'><strong><em>πιστεύουσιν,</em></strong></span> <span class='ocrx_word' id='word_1_329' title='bbox 843 3808 890 3876; x_wconf 82' lang='grc' dir='ltr'><strong><em>ὅτι</em></strong></span> <span class='ocrx_word' id='word_1_330' title='bbox 905 3808 945 3876; x_wconf 86' lang='grc' dir='ltr'><strong><em>ού</em></strong></span> <span class='ocrx_word' id='word_1_331' title='bbox 961 3810 1085 3876; x_wconf 90' lang='grc' dir='ltr'><strong><em>δύναται</em></strong></span> <span class='ocrx_word' id='word_1_332' title='bbox 1104 3813 1229 3898; x_wconf 90' lang='grc' dir='ltr'><strong><em>δένδρον</em></strong></span> <span class='ocrx_word' id='word_1_333' title='bbox 1246 3809 1335 3876; x_wconf 89' lang='grc' dir='ltr'><strong><em>καλδν</em></strong></span> <span class='ocrx_word' id='word_1_334' title='bbox 1354 3812 1491 3897; x_wconf 83' lang='grc' dir='ltr'><strong><em>καρπούς</em></strong></span> 
     </span>
     <span class='ocr_line' id='line_1_36' title="bbox 120 3907 1570 4000; baseline 0 -20"><span class='ocrx_word' id='word_1_335' title='bbox 120 3955 121 3958; x_wconf 61' lang='lat'><em>=</em></span> <span class='ocrx_word' id='word_1_336' title='bbox 215 3935 323 3991; x_wconf 67' lang='lat' dir='ltr'><strong><em>mm.</em></strong></span> <span class='ocrx_word' id='word_1_337' title='bbox 337 3913 449 3992; x_wconf 87' lang='grc' dir='ltr'><strong><em>κακούς</em></strong></span> <span class='ocrx_word' id='word_1_338' title='bbox 470 3921 610 3998; x_wconf 79' lang='grc' dir='ltr'><strong><em>ποιῆσαι,</em></strong></span> <span class='ocrx_word' id='word_1_339' title='bbox 637 3913 709 3978; x_wconf 75' lang='lat' dir='ltr'><strong><em>aiii</em></strong></span> <span class='ocrx_word' id='word_1_340' title='bbox 729 3911 790 3997; x_wconf 74' lang='grc' dir='ltr'><strong><em>μὴν</em></strong></span> <span class='ocrx_word' id='word_1_341' title='bbox 810 3915 933 4000; x_wconf 88' lang='grc' dir='ltr'><strong><em>δένδρον</em></strong></span> <span class='ocrx_word' id='word_1_342' title='bbox 953 3913 1048 3980; x_wconf 86' lang='grc' dir='ltr'><strong><em>κακόν</em></strong></span> <span class='ocrx_word' id='word_1_343' title='bbox 1068 3911 1178 3990; x_wconf 82' lang='grc' dir='ltr'><strong><em>καλούς</em></strong></span> <span class='ocrx_word' id='word_1_344' title='bbox 1199 3910 1337 3999; x_wconf 87' lang='grc' dir='ltr'><strong><em>κάρπους</em></strong></span> <span class='ocrx_word' id='word_1_345' title='bbox 1358 3922 1486 3998; x_wconf 77' lang='grc' dir='ltr'><strong><em>ποιῆσαι</em></strong></span> <span class='ocrx_word' id='word_1_346' title='bbox 1569 3907 1570 3952; x_wconf 53' lang='lat'>³</span> 
     </span>
     <span class='ocr_line' id='line_1_37' title="bbox 369 4051 1486 4118; baseline -0.001 -13"><span class='ocrx_word' id='word_1_347' title='bbox 369 4051 393 4105; x_wconf 77' lang='lat'><strong><em>4.</em></strong></span> <span class='ocrx_word' id='word_1_348' title='bbox 411 4052 438 4107; x_wconf 82' lang='grc' dir='ltr'><strong><em>ίι</em></strong></span> <span class='ocrx_word' id='word_1_349' title='bbox 454 4069 500 4106; x_wconf 85' lang='grc' dir='ltr'><strong><em>οτι.</em></strong></span> <span class='ocrx_word' id='word_1_350' title='bbox 516 4058 541 4104; x_wconf 80' lang='grc' dir='ltr'><strong><em>λιι</em></strong></span> <span class='ocrx_word' id='word_1_351' title='bbox 557 4056 593 4104; x_wconf 82' lang='grc' dir='ltr'><strong><em>ιδ.</em></strong></span> <span class='ocrx_word' id='word_1_352' title='bbox 607 4057 688 4104; x_wconf 81' lang='grc' dir='ltr'><strong><em>Ρείου.</em></strong></span> <span class='ocrx_word' id='word_1_353' title='bbox 708 4055 755 4106; x_wconf 83' lang='lat' dir='ltr'><strong><em>coi.</em></strong></span> <span class='ocrx_word' id='word_1_354' title='bbox 772 4060 842 4117; x_wconf 79' lang='grc' dir='ltr'><strong><em>τερα.</em></strong></span> <span class='ocrx_word' id='word_1_355' title='bbox 927 4057 953 4106; x_wconf 80' lang='lat' dir='ltr'><strong><em>in</em></strong></span> <span class='ocrx_word' id='word_1_356' title='bbox 968 4059 1064 4118; x_wconf 80' lang='grc' dir='ltr'><strong><em>οιτοηιιε</em></strong></span> <span class='ocrx_word' id='word_1_357' title='bbox 1079 4057 1138 4106; x_wconf 76' lang='grc' dir='ltr'><strong><em>λΐοτο</em></strong></span> <span class='ocrx_word' id='word_1_358' title='bbox 1151 4069 1210 4118; x_wconf 75' lang='grc' dir='ltr'><strong><em>ππ,</em></strong></span> <span class='ocrx_word' id='word_1_359' title='bbox 1233 4069 1279 4105; x_wconf 87' lang='grc' dir='ltr'><strong><em>κοιι</em></strong></span> <span class='ocrx_word' id='word_1_360' title='bbox 1293 4059 1358 4104; x_wconf 71' lang='lat' dir='ltr'><strong><em>esici</em></strong></span> <span class='ocrx_word' id='word_1_361' title='bbox 1372 4057 1399 4104; x_wconf 76' lang='lat' dir='ltr'><strong><em>in</em></strong></span> <span class='ocrx_word' id='word_1_362' title='bbox 1414 4057 1486 4105; x_wconf 73' lang='grc' dir='ltr'><strong><em>ισσὶι.</em></strong></span> 
     </span>
     <span class='ocr_line' id='line_1_38' title="bbox 369 4115 1486 4188; baseline 0 -16"><span class='ocrx_word' id='word_1_363' title='bbox 369 4123 393 4172; x_wconf 85' lang='grc'><strong><em>5.</em></strong></span> <span class='ocrx_word' id='word_1_364' title='bbox 411 4115 476 4176; x_wconf 82' lang='grc' dir='ltr'><strong><em>σύτο)</em></strong></span> <span class='ocrx_word' id='word_1_365' title='bbox 495 4120 553 4188; x_wconf 79' lang='grc' dir='ltr'><strong><em>διὰ,</em></strong></span> <span class='ocrx_word' id='word_1_366' title='bbox 576 4125 639 4186; x_wconf 80' lang='grc' dir='ltr'><strong><em>φασδ</em></strong></span> <span class='ocrx_word' id='word_1_367' title='bbox 656 4126 739 4172; x_wconf 74' lang='lat' dir='ltr'><strong><em>vitium</em></strong></span> <span class='ocrx_word' id='word_1_368' title='bbox 755 4125 895 4188; x_wconf 79' lang='grc' dir='ltr'><strong><em>ίμφοςτσμλί</em></strong></span> <span class='ocrx_word' id='word_1_369' title='bbox 963 4123 1133 4174; x_wconf 66' lang='lat' dir='ltr'><strong><em>cii.v1.-</em></strong></span> <span class='ocrx_word' id='word_1_370' title='bbox 1169 4123 1190 4174; x_wconf 86' lang='grc' dir='ltr'><strong><em>ί.</em></strong></span> <span class='ocrx_word' id='word_1_371' title='bbox 1209 4125 1245 4174; x_wconf 76' lang='lat' dir='ltr'><strong><em>iia</em></strong></span> <span class='ocrx_word' id='word_1_372' title='bbox 1259 4124 1325 4184; x_wconf 73' lang='lat' dir='ltr'><strong><em>editi,</em></strong></span> <span class='ocrx_word' id='word_1_373' title='bbox 1341 4129 1363 4172; x_wconf 86' lang='grc' dir='ltr'><strong><em>εί</em></strong></span> <span class='ocrx_word' id='word_1_374' title='bbox 1377 4125 1428 4172; x_wconf 83' lang='grc' dir='ltr'><strong><em>τοιλ</em></strong></span> <span class='ocrx_word' id='word_1_375' title='bbox 1441 4126 1486 4174; x_wconf 84' lang='grc' dir='ltr'><strong><em>λιιι.</em></strong></span> 
     </span>
     <span class='ocr_line' id='line_1_39' title="bbox 335 4192 1485 4253; baseline 0.003 -15"><span class='ocrx_word' id='word_1_376' title='bbox 335 4192 395 4251; x_wconf 73' lang='lat' dir='ltr'><strong><em>sitii,</em></strong></span> <span class='ocrx_word' id='word_1_377' title='bbox 412 4205 441 4239; x_wconf 84' lang='grc' dir='ltr'><strong><em>επ</em></strong></span> <span class='ocrx_word' id='word_1_378' title='bbox 457 4193 492 4240; x_wconf 84' lang='grc' dir='ltr'><strong><em>εδ.</em></strong></span> <span class='ocrx_word' id='word_1_379' title='bbox 507 4205 544 4253; x_wconf 78' lang='lat' dir='ltr'><strong><em>pr.</em></strong></span> <span class='ocrx_word' id='word_1_380' title='bbox 562 4193 653 4253; x_wconf 74' lang='lat' dir='ltr'><strong><em>repetiit</em></strong></span> <span class='ocrx_word' id='word_1_381' title='bbox 666 4193 784 4241; x_wconf 80' lang='grc' dir='ltr'><strong><em>Ρείουῐαι.</em></strong></span> <span class='ocrx_word' id='word_1_382' title='bbox 928 4205 989 4242; x_wconf 85' lang='grc' dir='ltr'><strong><em>σοι.</em></strong></span> <span class='ocrx_word' id='word_1_383' title='bbox 1003 4207 1064 4253; x_wconf 82' lang='grc' dir='ltr'><strong><em>εεο.;</em></strong></span> <span class='ocrx_word' id='word_1_384' title='bbox 1081 4193 1144 4242; x_wconf 78' lang='lat' dir='ltr'><strong><em>idem</em></strong></span> <span class='ocrx_word' id='word_1_385' title='bbox 1160 4208 1176 4241; x_wconf 88' lang='grc' dir='ltr'><strong><em>ο</em></strong></span> <span class='ocrx_word' id='word_1_386' title='bbox 1188 4205 1220 4241; x_wconf 79' lang='grc' dir='ltr'><strong><em>ιιι</em></strong></span> <span class='ocrx_word' id='word_1_387' title='bbox 1234 4205 1272 4253; x_wconf 78' lang='lat' dir='ltr'><strong><em>pr.</em></strong></span> <span class='ocrx_word' id='word_1_388' title='bbox 1287 4205 1341 4240; x_wconf 85' lang='grc' dir='ltr'><strong><em>ουιπ</em></strong></span> <span class='ocrx_word' id='word_1_389' title='bbox 1355 4193 1406 4242; x_wconf 66' lang='lat' dir='ltr'><strong><em>cod</em></strong></span> <span class='ocrx_word' id='word_1_390' title='bbox 1416 4193 1485 4241; x_wconf 68' lang='grc' dir='ltr'><strong><em>λλελ</em></strong></span> 
     </span>
     <span class='ocr_line' id='line_1_40' title="bbox 369 4255 1135 4328; baseline 0.003 -20"><span class='ocrx_word' id='word_1_391' title='bbox 369 4256 394 4308; x_wconf 77' lang='grc' dir='ltr'><strong><em>ὃ.</em></strong></span> <span class='ocrx_word' id='word_1_392' title='bbox 413 4259 527 4322; x_wconf 73' lang='grc' dir='ltr'><strong><em>δίτοκροε</em></strong></span> <span class='ocrx_word' id='word_1_393' title='bbox 542 4261 610 4322; x_wconf 67' lang='lat' dir='ltr'><strong><em>fluvii</em></strong></span> <span class='ocrx_word' id='word_1_394' title='bbox 627 4263 648 4308; x_wconf 87' lang='grc' dir='ltr'><strong><em>εί</em></strong></span> <span class='ocrx_word' id='word_1_395' title='bbox 665 4261 759 4308; x_wconf 77' lang='grc' dir='ltr'><strong><em>σοιίιίλί</em></strong></span> <span class='ocrx_word' id='word_1_396' title='bbox 772 4261 896 4310; x_wconf 82' lang='grc' dir='ltr'><strong><em>λτοδίοιιίι</em></strong></span> <span class='ocrx_word' id='word_1_397' title='bbox 927 4262 995 4310; x_wconf 75' lang='grc' dir='ltr'><strong><em>λούει</em></strong></span> <span class='ocrx_word' id='word_1_398' title='bbox 1011 4255 1135 4328; x_wconf 72' lang='grc' dir='ltr'><strong><em>η’χέοξληι.</em></strong></span> 
     </span>
     <span class='ocr_line' id='line_1_41' title="bbox 336 4326 1272 4390; baseline 0.003 -16"><span class='ocrx_word' id='word_1_399' title='bbox 336 4327 420 4374; x_wconf 82' lang='grc' dir='ltr'><strong><em>ωεοίίο</em></strong></span> <span class='ocrx_word' id='word_1_400' title='bbox 443 4327 469 4387; x_wconf 75' lang='grc' dir='ltr'><strong><em>μί</em></strong></span> <span class='ocrx_word' id='word_1_401' title='bbox 488 4329 593 4376; x_wconf 75' lang='lat' dir='ltr'><strong><em>iniciis</em></strong></span> <span class='ocrx_word' id='word_1_402' title='bbox 614 4329 721 4377; x_wconf 74' lang='lat' dir='ltr'><strong><em>Archelai</em></strong></span> <span class='ocrx_word' id='word_1_403' title='bbox 744 4328 894 4390; x_wconf 79' lang='grc' dir='ltr'><strong><em>οΖοτοριιλο</em></strong></span> <span class='ocrx_word' id='word_1_404' title='bbox 960 4327 985 4378; x_wconf 81' lang='grc'><strong><em>2.</em></strong></span> <span class='ocrx_word' id='word_1_405' title='bbox 1002 4326 1090 4382; x_wconf 73' lang='grc' dir='ltr'><strong><em>ἑαυτοῦ</em></strong></span> <span class='ocrx_word' id='word_1_406' title='bbox 1108 4329 1159 4378; x_wconf 78' lang='lat' dir='ltr'><strong>cod.</strong></span> <span class='ocrx_word' id='word_1_407' title='bbox 1175 4327 1272 4390; x_wconf 79' lang='grc' dir='ltr'><strong><em>ίελεδλς.</em></strong></span> 
     </span>
    </p>
   </div>
   <div class='ocr_carea' id='block_1_4' title="bbox 336 4389 1483 4534">
    <p class='ocr_par' dir='ltr' id='par_1_8' title="bbox 336 4389 1483 4534">
     <span class='ocr_line' id='line_1_42' title="bbox 336 4389 1483 4462; baseline 0.002 -18"><span class='ocrx_word' id='word_1_408' title='bbox 336 4395 404 4444; x_wconf 69' lang='lat' dir='ltr'><strong><em>editis</em></strong></span> <span class='ocrx_word' id='word_1_409' title='bbox 419 4407 491 4456; x_wconf 76' lang='grc' dir='ltr'><strong><em>μαργ.</em></strong></span> <span class='ocrx_word' id='word_1_410' title='bbox 503 4392 526 4444; x_wconf 87' lang='grc'><strong><em>7.</em></strong></span> <span class='ocrx_word' id='word_1_411' title='bbox 543 4394 614 4456; x_wconf 79' lang='grc'><strong>100.,</strong></span> <span class='ocrx_word' id='word_1_412' title='bbox 631 4400 653 4444; x_wconf 84' lang='grc' dir='ltr'><strong><em>τί</em></strong></span> <span class='ocrx_word' id='word_1_413' title='bbox 668 4391 692 4445; x_wconf 89' lang='grc'><strong><em>9.</em></strong></span> <span class='ocrx_word' id='word_1_414' title='bbox 707 4391 747 4446; x_wconf 83' lang='grc'><strong><em>99.</em></strong></span> <span class='ocrx_word' id='word_1_415' title='bbox 765 4395 819 4445; x_wconf 85' lang='grc'><strong>100.</strong></span> <span class='ocrx_word' id='word_1_416' title='bbox 959 4395 984 4447; x_wconf 85' lang='grc'><strong><em>3.</em></strong></span> <span class='ocrx_word' id='word_1_417' title='bbox 1002 4394 1031 4449; x_wconf 90' lang='grc' dir='ltr'><strong><em>τδ</em></strong></span> <span class='ocrx_word' id='word_1_418' title='bbox 1049 4394 1088 4462; x_wconf 69' lang='grc' dir='ltr'><strong><em>μή</em></strong></span> <span class='ocrx_word' id='word_1_419' title='bbox 1104 4389 1246 4462; x_wconf 71' lang='grc' dir='ltr'><strong><em>ἀδιάκριτον</em></strong></span> <span class='ocrx_word' id='word_1_420' title='bbox 1270 4398 1415 4447; x_wconf 74' lang='lat' dir='ltr'><strong><em>coniecerunt</em></strong></span> <span class='ocrx_word' id='word_1_421' title='bbox 1431 4397 1483 4445; x_wconf 74' lang='lat' dir='ltr'><em>Cor-</em></span> 
     </span>
     <span class='ocr_line' id='line_1_43' title="bbox 369 4459 1481 4534; baseline 0.003 -21"><span class='ocrx_word' id='word_1_422' title='bbox 369 4461 382 4492; x_wconf 77' lang='lat'>*</span> <span class='ocrx_word' id='word_1_423' title='bbox 407 4459 530 4524; x_wconf 72' lang='lat' dir='ltr'><strong><em>inscriptio</em></strong></span> <span class='ocrx_word' id='word_1_424' title='bbox 550 4464 676 4526; x_wconf 82' lang='grc' dir='ltr'><strong><em>τμιιιοίοε,</em></strong></span> <span class='ocrx_word' id='word_1_425' title='bbox 699 4476 760 4526; x_wconf 77' lang='lat' dir='ltr'><strong><em>quae</em></strong></span> <span class='ocrx_word' id='word_1_426' title='bbox 780 4465 894 4527; x_wconf 67' lang='lat' dir='ltr'><strong><em>reperitur</em></strong></span> <span class='ocrx_word' id='word_1_427' title='bbox 925 4479 979 4515; x_wconf 83' lang='grc' dir='ltr'><strong><em>τισι.</em></strong></span> <span class='ocrx_word' id='word_1_428' title='bbox 996 4467 1104 4517; x_wconf 78' lang='grc' dir='ltr'><strong><em>τιΡείου.</em></strong></span> <span class='ocrx_word' id='word_1_429' title='bbox 1138 4459 1181 4520; x_wconf 80' lang='grc' dir='ltr'><strong><em>τδι</em></strong></span> <span class='ocrx_word' id='word_1_430' title='bbox 1194 4459 1340 4534; x_wconf 75' lang='grc' dir='ltr'><strong><em>ἀδιάκριτον</em></strong></span> <span class='ocrx_word' id='word_1_431' title='bbox 1354 4465 1481 4517; x_wconf 72' lang='grc' dir='ltr'><strong><em>οστλλλαλ</em></strong></span> 
     </span>
    </p>
   </div>
   <div class='ocr_carea' id='block_1_5' title="bbox 0 0 1603 4928">
    <p class='ocr_par' dir='ltr' id='par_1_9' title="bbox 0 0 1603 4928">
     <span class='ocr_line' id='line_1_44' title="bbox 0 0 1603 4928; baseline 0 0"><span class='ocrx_word' id='word_1_432' title='bbox 0 0 1603 4928; x_wconf 95' lang='lat' dir='ltr'><strong><em> </em></strong></span> 
     </span>
    </p>
   </div>
  </div>
 </body>
</html>
