3116 4934
342 239 478 292 raanan
497 239 559 291 ura.
572 240 604 291 n.
621 239 704 292 ron.
717 239 736 290 r.
753 237 852 290 uuna.
865 237 963 292 avan.¹
1167 225 1227 290 169

157 355 218 425 seu
236 361 340 424 borum
356 360 482 444 insignis
499 341 640 445 quaedam
657 369 705 423 est
717 358 851 422 stultitia.
896 355 975 422 Nam
993 357 1018 420 si
1036 357 1104 423 iilud
1120 357 1227 443 exequi
1248 369 1307 438 cap.
1328 371 1361 420 u.

80 463 173 526 uolunt
188 464 266 548 quod
285 475 332 527 est
347 463 377 526 in
395 463 549 545 euangelio
564 463 723 547 scriptume
747 464 1034 524 Sa‘seoadcb'aaaera't
1047 473 1075 523 te
1087 465 1176 523 ultam
1193 467 1384 546 eam-¹⁸.⁸3

81 565 201 627 menime
218 571 292 640 tuas,
323 567 456 628 abscinde
477 568 530 626 abs
550 578 594 626 re.-
624 569 740 646 capena
758 569 831 626 enain
856 565 911 626 tibi
927 569 1038 626 tancre
1059 569 1088 626 a'n
1110 585 1229 644 regnam

80 671 210 729 coetorum
232 671 379 742 aluredum,
404 680 456 729 unt
474 687 619 742 mancam,
644 680 698 730 aut
713 689 828 728 curcum
847 678 916 740 etc„
942 665 1090 750 quomodo
1106 687 1228 750 regnum

81 770 218 832 coetorum
237 770 351 854 ingredi
369 770 487 832 mutilus
499 769 642 854 quispiam
660 771 777 854 putasti
804 767 882 832 Nam
900 768 925 830 si
940 769 1089 832 coetorum
1107 790 1229 854 reguum

81 873 199 956 perierta
225 873 330 936 babeat
348 873 464 950 omnia,
489 871 560 934 nibil
579 872 607 934 in
628 893 660 934 se
678 871 766 961 babet
780 872 993 956 imperfectum.
1039 869 1141 955 ltaque
1164 893 1229 936 cum

80 974 219 1038 bominum
236 995 361 1059 corpora
379 984 554 1058 resurgent,
578 973 718 1038 universa
736 973 823 1037 simul
841 973 970 1038 membra
989 983 1163 1058 resurgent,
1187 975 1230 1038 sic

79 1087 216 1140 uteorum
235 1075 345 1140 unitum
362 1077 476 1160 penitus
493 1077 686 1161 relinquatur.
729 1075 774 1140 Aa
788 1077 814 1139 ai
830 1076 948 1140 omnino
965 1095 1121 1159 resurgere
1139 1097 1230 1138 mem·

80 1179 150 1241 bmm
168 1179 290 1264 aliquod
308 1199 461 1261 negemus,
487 1199 524 1241 ne
541 1189 633 1242 totam
648 1179 765 1262 quidem
782 1199 888 1264 corpas
905 1188 1052 1261 resurget.
1099 1175 1185 1261 Quod
1205 1179 1233 1242 si

79 1282 231 1344 membrum
256 1281 326 1344 ittuu
350 1303 458 1358 unum,
481 1283 558 1366 quod
581 1281 782 1360 scandaiizat,
807 1281 1028 1366 relinquendum
1045 1279 1100 1360 sit,
1125 1301 1230 1344 conse·

79 1403 160 1466 quens
175 1393 224 1448 est
241 1383 349 1446 nullum
366 1397 397 1447 ut
414 1403 536 1468 prorsus
552 1383 747 1468 relinquatur.
782 1381 898 1446 Etenim
914 1383 1042 1447 membra
1060 1403 1115 1447 nus
1132 1381 1230 1446 omnia

79 1485 360 1550 scandalizaverunt.
406 1483 482 1568 Quis
500 1496 597 1549 autem
623 1486 735 1570 estqui
754 1505 910 1549 corsuum
932 1486 960 1550 in
986 1485 1121 1551 omnibns
1143 1505 1231 1551 sceo-

79 1589 162 1650 datum
182 1587 328 1652 abiiciens
350 1588 480 1650 areilere
500 1599 587 1672 atque
605 1599 756 1674 amputare
774 1589 887 1673 possiti
930 1587 1064 1674 Quippe,
1088 1593 1137 1652 lde
1159 1594 1230 1652 riete-
1243 1587 1331 1686 ¹³3¹&

78 1693 213 1766 trieribus,
242 1690 353 1775 inquit,
378 1695 716 1774 eaeantsorm'catebnes,
741 1695 899 1765 contro-n,
925 1694 1065 1767 libidines,
1090 1703 1119 1753 et
1136 1696 1167 1754 id
1179 1713 1231 1773 ge·
1282 1673 1289 1696 ’

78 1815 123 1854 aas
143 1805 251 1855 cetera.
300 1790 409 1875 Ecquis
431 1793 880 1878 igiturcorsuumabrumpeti
922 1793 1031 1871 Ausi,
1058 1795 1230 1860 utnuucui·

77 1894 162 1958 iorum
182 1897 243 1959 fert
259 1883 395 1980 impietas
416 1906 447 1958 et
465 1897 609 1976 amerrtia,
634 1917 742 1981 cuspus
762 1897 879 1960 minime
903 1897 1050 1980 resurgit,
1074 1898 1141 1982 quid
1165 1907 1230 1962 tao-

78 1997 134 2060 dem
161 2009 264 2062 nostra
290 2001 399 2077 roiert,
432 1999 507 2083 quod
535 1999 570 2062 ab
597 1997 654 2062 iiiia
680 1999 843 2062 asseritur?
887 1995 963 2062 Cum
990 2001 1066 2063 carim
1092 2001 1230 2064 universa

77 2101 200 2165 membra
225 2100 356 2164 coeleste
375 2121 499 2184 regnum
523 2101 641 2166 minime
664 2101 778 2184 ingredi
797 2101 930 2186 possint,
954 2101 1021 2186 quid
1044 2103 1149 2167 attinet
1171 2123 1230 2166 uuo

77 2203 164 2267 soium
190 2202 318 2266 mutilari
344 2203 494 2282 membro,
527 2204 643 2266 numid
669 2205 725 2268 alia
747 2223 929 2288 nequaquam
951 2205 1124 2289 perficiant?
1165 2203 1229 2271 iam

77 2325 144 2368 uero
161 2306 186 2370 si
202 2326 311 2388 corpus
328 2304 476 2370 excitatur
498 2305 555 2390 (uti
574 2325 644 2370 rere
659 2305 795 2386 assidit),
820 2317 904 2369 estne
922 2317 954 2368 ut
973 2307 1002 2370 iu
1021 2327 1114 2389 regno
1132 2308 1229 2370 coelo·

79 2427 136 2469 rum
156 2429 291 2470 mancum
314 2408 420 2492 aliquid
437 2409 474 2470 sit
494 2419 544 2471 aut
566 2409 717 2471 mutilum?
759 2406 869 2472 Nonne
894 2409 984 2494 turpis
1004 2409 1144 2492 quaedam
1162 2429 1230 2472 coe·

78 2508 154 2572 lestis
180 2511 257 2574 iliius
278 2511 361 2594 regni
384 2513 482 2574 futura
504 2510 700 2594 speciosam,
726 2510 751 2573 si
771 2521 903 2574 truncata
926 2511 1054 2574 membra
1071 2511 1106 2573 ad
1124 2511 1231 2596 sempi-

79 2620 186 2676 ternam
212 2613 291 2677 iiiam
318 2613 442 2695 gloriam
467 2612 678 2676 admittantur?
724 2611 884 2676 Praeterea
912 2614 937 2676 si
963 2614 1124 2678 membrum
1146 2613 1229 2690 ittuu,

80 2717 150 2798 quod
174 2715 342 2779 scandalum
369 2715 505 2798 praebet,
530 2714 691 2780 abscissum
719 2716 824 2795 fauerit,
849 2727 1026 2802 amputatum
1051 2716 1148 2801 utique
1171 2725 1228 2794 est,

79 2837 110 2880 ac
125 2817 247 2902 proinde
263 2837 318 2880 neo
335 2818 479 2902 peccavit.
525 2815 611 2901 Quod
629 2839 693 2882 cum
712 2818 752 2880 ita
770 2818 820 2897 sit,
844 2819 968 2904 primum
985 2819 1112 2882 omnium
1131 2839 1231 2882 resur-

79 2939 145 3002 gere
165 2919 260 3004 i-psnm
284 2930 417 3005 oportet,
442 2921 517 3004 quod
541 2919 659 2983 minime
682 2920 860 3004 pensaverit.

158 3019 272 3086 Verum
290 3022 465 3107 quicumque
486 3021 521 3085 ad
543 3022 598 3086 boc
622 3023 846 3108 perpetrandum
866 3023 980 3087 ‘iacinns
1001 3021 1126 3108 prompti
1149 3033 1230 3103 suut,
1252 3027 1312 3095 cap.
1327 3028 1369 3078 ¹¹¹·

80 3133 106 3184 et
126 3126 270 3200 audaces,
296 3123 331 3188 ab
351 3125 429 3188 omni
448 3145 561 3208 genere
582 3124 730 3188 hominum
753 3125 866 3189 alicnus
883 3147 916 3190 se
933 3137 1129 3209 extorresque
1153 3127 1232 3189 iece-

81 3237 151 3289 runt.
197 3225 277 3291 Nam
296 3247 392 3310 neque
412 3227 467 3290 viri
485 3237 564 3303 sarit,
590 3237 708 3312 propter
725 3239 901 3312 amputatam
921 3227 997 3292 iliam
1015 3227 1147 3312 corporis
1165 3249 1231 3313 par·

81 3337 149 3408 tem,
174 3349 271 3415 neque
297 3331 440 3408 feminae,
466 3339 647 3414 repugnante
668 3329 782 3394 seilicet
807 3340 930 3393 naturae
953 3329 1139 3410 conditione,
1163 3351 1232 3396 esse

80 3443 206 3514 possunt.
252 3430 312 3497 Sed
330 3441 359 3495 et
375 3431 540 3496 istiusmodi
558 3432 727 3496 certaminis
747 3454 855 3496 corona
873 3453 908 3496 ao
927 3435 1086 3519 praemium
1105 3434 1233 3518 appetic-

80 3533 152 3598 tinue
165 3535 246 3598 truita
265 3533 379 3620 concipi
399 3544 506 3619 potest.
551 3531 701 3617 Siquidem
721 3555 761 3598 ex
780 3535 872 3598 tribus
889 3536 1050 3621 spadonum
1066 3537 1229 3615 ordinibus,

79 3657 145 3718 qaas
165 3636 302 3700 dominus
320 3636 483 3714 recensuit,
506 3636 542 3702 ad
561 3636 670 3700 nubium
686 3638 806 3701 cannino
827 3639 961 3702 reuocari
978 3649 1111 3724 possunt.
1157 3636 1232 3700 Sunt
1248 3637 1333 3738 {2¹¹1}

78 3744 153 3814 earm,
178 3740 285 3824 inquit,
310 3743 441 3812 eunuchi,
467 3744 566 3821 quiec
582 3753 678 3802 uentre
695 3747 796 3804 matris
810 3763 880 3804 snae
893 3747 957 3804 nati
970 3755 1046 3804 sant.
1095 3739 1140 3804 ttti
1157 3761 1231 3803 vero
1275 3724 1284 3748 ’

79 3841 178 3904 notiam
196 3840 386 3905 castrationis
402 3862 474 3904 suae
491 3842 603 3927 euripum
621 3843 786 3923 susstinent,
810 3865 905 3930 neque
920 3845 979 3908 utto
997 3863 1030 3907 se
1046 3842 1159 3906 sceiere
1178 3840 1229 3906 ob·

78 3943 276 4022 strinxerunt,
302 3965 338 4006 ec
356 3946 431 4028 qnod
448 3943 490 4008 ita
507 3945 536 4009 in
554 3946 647 4010 trucem
665 3945 839 4030 prodierint.
887 3943 947 4010 Sed
967 3967 1061 4032 nequo
1080 3954 1231 4030 peccatum

78 4043 160 4106 nilum
175 4045 333 4110 admittere
348 4059 482 4132 possunt,
504 4050 579 4132 quod
596 4050 630 4111 ad
648 4069 709 4110 rem
726 4047 841 4132 quidem
854 4069 1012 4112 veneream
1028 4048 1145 4126 attinet,
1165 4069 1231 4111 cum
1274 4087 1275 4094 κ
1338 4062 1345 4076 ·

77 4147 210 4211 membris
225 4147 285 4212 iuis
303 4161 422 4213 careant
443 4171 517 4234 quae
533 4152 568 4213 ad
585 4147 695 4212 soboiis
713 4150 952 4235 propagationem
972 4171 988 4212 a
1006 4151 1060 4214 deo
1076 4161 1145 4216 suut
1160 4172 1231 4215 con·
1306 4148 1309 4156 ⁴

78 4249 143 4313 dita.
188 4248 320 4336 ideoque
344 4254 453 4316 nuttam
478 4273 517 4316 ex
542 4274 576 4316 ea
599 4253 778 4316 castratione
800 4254 883 4336 regni
909 4253 1047 4316 coelestis
1069 4253 1229 4338 praemium

78 4411 235 4454 revenerunt.
271 4408 300 4457 st
315 4421 377 4456 mern
392 4411 509 4470 saeptum
523 4413 572 4470 est,
594 4421 636 4456 ne·
669 4416 765 4458 temere
782 4415 929 4474 occupatum
949 4409 1010 4458 esse.

78 4485 131 4523 cesse
144 4479 176 4524 ert
190 4477 325 4544 προλαβεῖν
339 4477 382 4526 boe
397 4477 446 4526 tneo
460 4479 636 4540 interpretamus
703 4477 728 4528 2.
746 4477 841 4530 dotem
859 4474 995 4546 pendebas.
