3168 4942
393 218 531 271 rtnnnn
548 218 612 272 uta.
623 221 655 272 ιι
673 219 755 274 root.
768 222 801 274 ιι.
819 221 919 276 unsa.
932 221 1031 276 nxrx.
1248 219 1311 284 etc

144 339 219 404 teris
236 337 378 424 dignitate
395 339 491 403 maior
507 349 554 403 est
571 338 704 419 babitus,
728 339 773 406 sie
786 341 837 406 illo
859 343 908 427 qui
933 364 967 406 se
988 345 1149 412 antecessit
1170 347 1307 415 interior.

145 439 294 528 Scriptum
309 452 354 506 est
371 452 486 520 autem,
512 445 582 522 Ques
603 445 772 524 aequabitur
793 449 845 506 deo
866 451 896 507 r'n
908 447 989 525 pileis
1009 450 1080 510 dei?
1110 450 1193 534 qussi
1217 452 1310 516 ceteri
1323 433 1410 544 ¹3:¹2?

145 565 250 610 omnes
261 565 314 629 per
326 543 521 610 catachresim
541 545 591 608 dlii
611 546 817 627 nominentur3
842 546 888 610 bic
904 557 1001 612 nutem
1023 560 1129 615 nature
1146 551 1228 618 solus
1246 576 1305 619 oon

144 647 241 734 gratia
256 647 331 711 lilius
347 648 468 712 existet.
516 651 652 726 monento
674 653 783 712 cnvenit
801 671 907 712 omnem
930 655 1003 712 urbm
1024 657 1176 732 noceantne,
1197 669 1228 718 et
1240 662 1305 721 nul·
1319 657 1402 703 ΒΜ

145 755 193 814 lus
213 771 277 812 enm
298 773 331 812 eo
352 751 572 832 comparabitur.
621 747 699 834 Quid
719 752 809 836 igitur
825 751 945 817 tieuntt
975 750 1163 821 Sublimitate
1180 757 1240 824 lilio
1257 781 1307 846 pn·
1331 711 1398 767 m

144 865 191 918 ter
207 851 369 917 antecellit.
416 849 551 934 Quanam
575 853 666 936 igitur
690 854 719 916 in
744 864 828 940 parte
851 855 1013 920 collocator
1032 858 1126 922 deus?
1169 858 1218 926 Αιι
1241 861 1307 928 loco

144 955 407 1034 circumscribitur,
428 965 461 1018 ut
475 953 562 1040 spatii
582 956 642 1039 ipss
659 957 817 1040 descriptio
835 959 912 1042 quod
932 959 1026 1023 maius
1044 971 1090 1025 est
1107 962 1309 1030 demonstret?

145 1059 236 1143 Atqui
263 1058 335 1122 deus
354 1057 475 1142 spiritus
498 1067 554 1120 est.
604 1055 686 1121 Unde
703 1057 799 1122 omnis
823 1059 935 1124 abillis
956 1063 1125 1146 excogitata
1149 1067 1306 1151 peregrina

143 1161 303 1226 verborum
325 1159 440 1224 novitas
456 1160 648 1244 undequaque
664 1162 789 1225 corruit.
834 1159 890 1226 llis
913 1163 1012 1248 itaque
1029 1167 1247 1250 praetermissis
1270 1170 1306 1233 ad

143 1275 260 1329 ceteras
284 1262 398 1326 illorum
423 1261 606 1328 obiectioues
630 1273 827 1328 transeamus.

220 1363 341 1450 Negant
356 1365 433 1428 enim
452 1385 517 1428 cuns
535 1366 584 1450 qni
602 1367 725 1430 mittitur
741 1365 885 1430 mittentis
900 1386 969 1430 esse
985 1367 1123 1450 similem,
1148 1390 1213 1436 com
1229 1373 1304 1439 nlius
1322 1388 1461 1459 capttv.

142 1470 183 1534 sit
199 1470 227 1533 vi
245 1491 279 1532 ac
298 1477 444 1553 potestate
463 1467 510 1551 qui
529 1467 631 1546 mittit,
652 1469 726 1532 alius
742 1468 790 1553 qui
809 1469 944 1547 mittitur,
968 1473 1044 1554 quud
1061 1473 1109 1538 bic
1126 1474 1214 1556 mitti,
1239 1476 1306 1540 mit-

144 1583 209 1636 tere
226 1572 276 1635 ille
292 1572 417 1635 dicator.
465 1568 601 1654 Quodsi
625 1571 740 1635 illorum
765 1571 896 1656 opinioni
920 1584 1072 1638 constaret
1093 1577 1222 1655 veritas,
1247 1599 1306 1642 non

140 1675 200 1738 ianr
225 1684 285 1738 tots
307 1674 483 1758 cognitionis
503 1673 579 1736 rstio
597 1674 632 1736 sd
652 1693 739 1736 unam
756 1673 890 1737 veritatis
912 1675 1060 1759 potentiae
1086 1699 1121 1742 ac
1143 1678 1306 1744 divinitatis

142 1777 377 1860 singularitetem
400 1775 573 1860 pertineret.
620 1773 744 1838 Duobus
763 1775 841 1839 eninr
860 1777 1096 1860 occurrentibus,
1120 1794 1172 1844 sut
1188 1783 1306 1848 mitten·

141 1880 237 1958 tibus,
261 1880 337 1943 lilius
353 1899 411 1942 non
432 1878 556 1963 anrplius
575 1877 650 1941 lilius
666 1878 739 1957 erit,
763 1879 815 1942 sed
836 1879 945 1957 irater,
969 1899 1110 1945 eumuna
1131 1885 1223 1947 irater
1239 1885 1305 1949 exi·

139 1992 215 2060 stat,
241 2003 296 2046 nec
312 1982 436 2067 amplius
451 1981 526 2044 lilius
544 1981 618 2058 erit,
642 1979 699 2044 nisi
718 1981 764 2045 vel
781 1981 967 2062 contusione,
992 1983 1041 2047 vel
1055 1985 1230 2071 adoptione3
1254 1998 1305 2052 aut

138 2087 268 2171 seipsum
296 2085 346 2148 ille
370 2085 482 2163 mittet,
516 2093 568 2147 ant
588 2083 646 2146 duo
669 2082 755 2146 simul
774 2083 942 2163 mittentes,
965 2086 1013 2150 nel
1033 2087 1210 2154 accedentes
1229 2087 1304 2153 diri-

138 2189 249 2252 nitates
268 2187 341 2252 duas
359 2209 417 2251 non
435 2207 522 2250 unam
541 2185 775 2270 singularitatem
793 2187 963 2251 ostendent.
1005 2185 1061 2251 llio
1080 2189 1171 2273 igitur
1183 2192 1304 2256 mittens
1403 2219 1405 2224 ·

137 2312 174 2354 sc
197 2291 304 2354 missus
324 2291 518 2376 exprimitur,
550 2297 581 2352 ut
604 2299 777 2371 argumento
803 2288 859 2367 sit,
892 2290 1037 2373 quendam
1063 2311 1132 2356 esse
1158 2292 1302 2358 bonorum

137 2393 267 2458 omnium
287 2393 415 2473 iontem,
439 2391 577 2458 videlicet
596 2401 726 2477 petrem,
750 2390 910 2455 secundum
932 2411 1017 2476 quem
1032 2415 1092 2456 non
1108 2393 1167 2458 alio
1183 2396 1302 2461 nomine

137 2515 226 2580 quem
247 2495 295 2560 lilii
313 2496 455 2580 verbique
470 2494 620 2581 praeditus
641 2494 734 2574 illius,
758 2493 824 2558 lons
840 2493 927 2558 vivus
946 2515 986 2558 ex
1001 2496 1080 2558 tonte
1101 2497 1300 2581 progreditur,

136 2597 188 2682 qui
204 2599 278 2684 apud
296 2609 406 2684 patrem
422 2608 564 2684 perpetuo
581 2595 616 2659 ab
634 2597 736 2660 eodem
747 2595 865 2681 genitus
882 2596 1035 2678 extiterit3
1059 2599 1198 2683 qnoniam
1213 2603 1305 2680 Apud

137 2711 167 2762 te
187 2713 232 2764 est
248 2704 316 2784 fiens
337 2704 422 2763 estne.
468 2701 569 2784 Atque
592 2709 624 2762 ut
645 2697 767 2783 spiritus
786 2719 902 2783 quoque
926 2711 1048 2766 sanctus
1071 2701 1235 2782 indicetur,
1265 2705 1302 2766 ln

135 2805 256 2879 lumine,
281 2805 392 2889 inquit,
417 2816 465 2866 tuo
487 2804 639 2866 sedebimus
661 2804 771 2877 lumen,-
796 2822 854 2885 quo
869 2812 901 2866 et
918 2813 1031 2887 patrem
1050 2803 1149 2868 lumen
1167 2825 1235 2869 esse
1251 2807 1302 2870 de·

134 2907 244 2985 claret,
267 2907 408 2970 etlumen
427 2905 518 2991 patris
531 2903 632 2982 lilium,
649 2903 805 2988 lumenque
822 2902 955 2988 spiritum
973 2918 1120 2987 sarnetum,
1133 2927 1168 2970 sc
1185 2919 1301 2993 postre-

134 3029 186 3072 mo
205 3010 314 3072 iontem
331 3029 372 3072 ex
391 3009 488 3087 tonte,
522 3008 577 3070 boc
598 3018 644 3070 est
663 3017 745 3092 patre
765 3015 797 3070 et
816 3006 968 3091 unigenito
990 3007 1050 3072 lilio
1074 3009 1207 3094 spiritum
1231 3031 1301 3074 san·

134 3121 216 3176 ctum
234 3111 391 3196 profluere.
436 3115 568 3174 Flumina
590 3116 681 3184 enum,
705 3109 813 3194 inquit,
836 3131 873 3170 ee
891 3120 988 3172 uentre
1004 3113 1084 3172 r'llr'os
1095 3117 1300 3196 fluentaqune
1319 3130 1396 3174 ιοιιιι.

133 3218 267 3278 solientis
288 3219 318 3277 in
339 3220 424 3277 citam
445 3226 607 3290 aeternnm,-
641 3215 755 3276 diceba
777 3223 871 3274 cutem
900 3216 979 3274 erud
997 3217 1032 3275 de
1059 3219 1164 3295 spsbdn
1185 3227 1295 3290 cuncto,
1316 3183 1421 3290 siffis.

135 3317 180 3382 ait
197 3317 393 3401 euangelium.
439 3314 602 3382 Praeterea
621 3326 653 3378 ut
674 3313 956 3379 consubstantialem
979 3335 1013 3380 se
1030 3336 1098 3381 esse
1119 3315 1193 3401 putri
1212 3315 1300 3382 disei-

134 3419 214 3506 pulis
231 3419 497 3499 suisostendcrat,
526 3423 662 3500 Siquis,
687 3416 800 3501 inquit,
823 3424 971 3499 opensers't
990 3421 1075 3497 mebi,
1100 3425 1228 3500 regressi
1246 3443 1300 3501 ego
1312 3423 1406 3532 lana

133 3535 168 3586 et
183 3534 268 3604 poter·
282 3527 452 3586 mansionem
467 3525 545 3604 opud
558 3525 637 3583 aldem
651 3523 806 3604 sacremus.
853 3518 924 3584 Non
943 3521 1037 3600 dixit,
1061 3517 1199 3586 Mittere
1216 3531 1300 3607 patre

133 3645 222 3704 meo,
254 3626 322 3703 sed,
355 3629 421 3706 Ego
442 3637 471 3687 et
488 3637 573 3707 poter
593 3627 671 3707 opud
690 3626 770 3685 cllum
792 3625 981 3698 manebimus,
1014 3624 1089 3687 eden
1113 3634 1146 3687 ut
1165 3624 1299 3709 pulsante

134 3727 198 3792 blio
220 3749 285 3792 curn
307 3748 344 3792 eo
362 3738 446 3812 pater
462 3726 663 3810 ingrediatur,
693 3725 830 3810 idemque
849 3746 915 3789 oum
931 3725 989 3790 lilio
1007 3726 1219 3812 perpetuent,
1244 3747 1300 3791 nec

136 3850 267 3915 unquam
284 3831 320 3894 sb
341 3831 391 3894 illo
407 3841 582 3916 separetur,
606 3829 647 3892 uti
667 3849 722 3893 nee
740 3850 757 3892 a
774 3839 857 3914 patre
875 3827 962 3894 lilius.
995 3825 1081 3894 Unde
1097 3829 1126 3894 in
1142 3829 1200 3894 clio
1217 3828 1296 3911 loeo,

129 4018 213 4072 meins
229 4027 267 4070 est
282 4017 412 4086 significet,
430 4023 457 4068 ut
470 4013 489 4086 ri
504 4014 649 4085 περιγραφὴ
667 4044 700 4056 -·
768 4017 792 4068 ‘2-
811 4012 841 4070 cd
856 4015 886 4070 cd
903 4016 962 4084 περὶ
984 4019 1036 4070 cod.
1052 4021 1100 4070 len.
1119 4022 1141 4070 ct
1162 4019 1199 4070 ed.
1220 4021 1299 4082 princ.

132 4083 242 4156 σημάνῃ
260 4089 341 4152 teplsse
355 4088 472 4137 uidentur.
501 4085 614 4140 Pctour'cs
630 4092 701 4136 cutu-
735 4079 765 4140 cd
779 4083 837 4151 περὶ
854 4088 906 4136 cod.
924 4087 1023 4150 llbedtp.

130 4159 216 4208 nsubnt
231 4157 266 4224 τῇ
284 4156 428 4224 περιγραφῇ
455 4155 508 4220 (sed
531 4162 581 4205 tum
597 4157 698 4206 scriben-
765 4153 790 4207 3.
808 4149 877 4219 nupsi
893 4155 944 4205 eod.
960 4155 1057 4218 ltbsde'p.

130 4227 194 4276 ctum
217 4225 339 4292 σημανθῇ
358 4229 457 4306 ιιιιι).ο
470 4225 536 4274 ttbn'
558 4225 642 4274 totmt
661 4219 697 4290 μή
766 4218 791 4273 4.
809 4217 871 4276 ἀλλὰ
898 4219 950 4289 ἐγώ
976 4223 1044 4274 codd.
1067 4235 1123 4273 mss.
1165 4215 1220 4276 ἀλλ’
1244 4219 1296 4290 qd

130 4295 497 4414 ssspltppoqu-mpnnppud
514 4361 565 4412 m
582 4361 681 4424 Μία·
733 4293 797 4343 cdlii.
835 4293 919 4342 Voccb.
936 4307 984 4358 μου
1002 4293 1066 4341 cesse
1083 4305 1099 4340 c
1116 4291 1167 4342 cod.
1181 4291 1279 4358 ntssq.
