3128 4930
319 220 361 284 76
744 229 866 286 emen
883 229 1052 287 εεαεεοοιι

319 345 459 435 καθάπερ
477 345 542 416 άνοο
554 344 645 432 κάμολ
663 346 885 434 προδεδήλωται
897 351 931 416 ἐκ
946 354 1000 432 οής
1016 345 1192 447 ὐποθίσεωρ
1208 345 1332 431 ταύτης·
1353 345 1410 417 δόο
1425 348 1479 431 μὲν

320 446 592 534 άκολοοθησάντων
614 447 695 540 αὐτῷ
719 448 802 537 παρά
819 448 965 518 Ἰωάννου
983 449 1173 534 άκηκοότων,
1200 443 1244 518 όν
1261 449 1315 518 δόο
1338 447 1381 528 είς
1401 439 1440 534 ήν
1460 447 1480 517 ό

320 549 469 639 Ἀνδρίας,
484 549 531 634 ἐφ’
543 549 615 637 ήμῖν
628 553 660 618 δὲ
679 555 962 638 10διανενοημένοις
974 558 1132 630 καλλίστας
1142 551 1195 620 τόν
1206 555 1305 640 ἕτερον
1317 549 1392 622 εἶναι
1405 551 1480 636 τάχα

322 656 374 720 ἕνα
399 661 460 720 τοῖν.
481 657 556 721 υίῦν
581 658 758 738 Ζεβεδαίου,
787 653 838 724 διά
856 654 888 722 τό
915 653 1057 743 συνεργόν
1078 657 1130 722 καί
1154 658 1276 740 μίιοηον
1299 656 1349 720 καί
1374 679 1478 722 κοινω-

302 755 412 824 αυτόν.
457 759 516 824 Καὶ
540 754 646 824 λοιπόν
664 754 736 840 μετά
751 763 844 824 ταῦτα
865 756 961 824 πάντα
978 763 1206 840 καταλείψαντες
1222 761 1254 824 οί
1267 758 1401 844 τέσσαρες
1410 808 1419 837 ,
1441 755 1479 824 τά

321 883 351 924 τε
368 867 473 939 πλοῖα,
495 862 538 936 εἰς
558 858 612 943 τήν
634 867 689 947 γῆν
711 858 941 944 ήκολούθησαν,
963 856 1005 938 άς
1020 863 1077 944 ἔχει
1092 857 1112 944 ή
1127 867 1182 926 τοῦ
1198 866 1308 928 Λουκᾶ
1325 864 1480 945 μαρτυρία.

311 960 402 1038 Ὦςτε
419 961 580 1040 ἐξάπαντος
598 966 772 1030 δείκνυσθαι
788 961 835 1030 ότι
850 961 973 1047 οὐδεμία
986 961 1155 1046 σκολιότης,
1176 959 1244 1030 οὐτε
1263 959 1432 1046 ἐναντιότης
1448 964 1481 1028 ἐν

278 1110 281 1118 ·
321 1073 384 1141 τοῖς
401 1061 497 1152 άγίοτς
519 1063 712 1150 εὐαγγελίοις,
736 1063 803 1132 οὐτε
819 1064 901 1151 παρά
917 1075 980 1142 τοῖς
1000 1063 1097 1151 άγίοις
1116 1063 1329 1152 εὐαγγελισεαῖς
1351 1061 1479 1148 εὐρίσκε-

320 1191 379 1246 ται,
401 1164 472 1232 άλλά
487 1165 585 1234 πάντα
599 1175 693 1251 σαφῆ,
715 1167 828 1254 χρόνων
845 1169 877 1234 δέ
890 1170 945 1234 είσι
961 1166 1135 1244 διαστάσεις.
1177 1165 1341 1234 Ἐντεῦθεν
1354 1165 1412 1254 γάρ
1428 1167 1481 1232 καλ

321 1271 472 1350 ίπίκεινα,
500 1277 561 1336 νῦν
582 1273 651 1355 περὶ
678 1272 795 1356 Πίερον
817 1273 870 1336 καί
889 1268 1034 1352 Ἰωάννην
1058 1267 1165 1336 λοιπόν
1191 1270 1408 1351 συναφθίνιαν
1427 1270 1481 1336 καί

198 1401 251 1448 ρος.
263 1389 307 1436 ια.
322 1371 587 1452 άκσλουθούντων,
616 1374 728 1459 ἐγένετο
748 1372 901 1440 διδάσκων
921 1375 953 1438 ίν
974 1370 1057 1462 πόση
1080 1379 1116 1462 τῇ
1136 1375 1291 1460 Γαλιλαίᾳ,
1318 1373 1371 1438 καλ
1392 1373 1424 1437 ἐν
1443 1378 1482 1461 τῇ

319 1471 470 1564 Ἰουδαία,
492 1477 542 1541 καὶ
558 1473 662 1545 λοιπόν
677 1477 900 1558 πλατυνομίνου
917 1481 970 1542 τοῦ
985 1473 1175 1560 κηρύγματος
1195 1471 1232 1540 τά
1248 1475 1315 1558 ίξής
1329 1480 1390 1540 τῶν
1408 1483 1481 1540 θεο-

285 1590 286 1593 ’
321 1582 451 1664 σημείων
472 1579 606 1646 ίπετίλει.
641 1577 731 1657 ᾭςτε
753 1575 829 1644 εἶναι
850 1575 904 1662 τήν
925 1575 1110 1647 ἀκολουθίαν
1131 1575 1295 1656 ἐξάπαντος
1315 1575 1420 1652 οὕτως.

182 1689 249 1761 Κεφ
263 1689 303 1754 ις’.
407 1687 535 1766 Πρῶτον
557 1681 611 1764 μὲν
633 1682 851 1766 βαπτισθέντος
875 1676 1047 1746 αὐτοῦκαύ
1064 1682 1264 1766 Αἰγυπτίους,
1294 1676 1335 1754 τός
1356 1680 1481 1762 ἔφημεν,

318 1779 413 1868 Ἀθύρ
437 1783 592 1873 δωδεκάτη
616 1781 675 1870 πρό
698 1787 733 1860 ἓξ
758 1785 846 1848 είδοῑν
870 1786 1069 1868 Νοεμβρίων,
1099 1783 1230 1848 τουτίστι
1252 1778 1312 1867 πρό
1339 1779 1482 1864 ἐξήκοντα

319 1883 440 1972 ήμερολν
461 1885 604 1974 ιπλήρων
621 1889 673 1969 τῆς
688 1882 801 1970 ἡμέρας
816 1893 877 1950 τῶν
891 1883 1100 1966 Ἐπιφανίων,
1119 1882 1141 1966 ή,
1156 1885 1235 1950 ἔστιν
1250 1879 1346 1968 ήμίρα
1359 1889 1413 1968 τῆς
1429 1881 1482 1950 αὐ-

244 2023 248 2030 ·
320 1995 374 2054 τοῦ
398 1987 560 2075 γεννήσεως
585 1987 659 2054 κατά
683 1986 794 2074 σάρκα,
827 1985 869 2064 οἱς
891 1989 948 2071 ἔχει
968 1983 990 2070 ή
1014 1990 1159 2072 μαρτυρία
1179 1993 1234 2052 τοῦ
1257 1983 1332 2052 κατά
1354 1993 1483 2064 Λουκᾶν

321 2087 505 2176 εὐαγγελίου,
528 2090 590 2170 ότι,
607 2084 664 2156 Ἦν
679 2087 799 2174 Ἰησοῦς
815 2086 976 2174 άρχόμενος
992 2086 1068 2154 εἶναι
1084 2085 1126 2166 οἷς
1147 2090 1224 2154 ίιῦν
1241 2087 1416 2173 τριάκοντα,
1439 2087 1483 2156 οὐν

321 2191 402 2272 οἰός,
432 2190 473 2270 άς
491 2195 655 2277 ἐνομίζετο,
684 2199 738 2258 τοῦ
759 2189 884 2275 Ἰωσήφ.
920 2184 977 2258 Ἦν
1001 2189 1056 2278 γάρ
1081 2197 1122 2280 τῷ
1141 2190 1196 2273 μὲν
1218 2188 1282 2256 όντι
1304 2193 1484 2259 είιιοσιεννία

322 2297 396 2362 ἑνοῦν
411 2298 462 2361 καλ
477 2302 579 2379 μηνοῖν
593 2297 681 2375 δέκα,
702 2295 751 2361 ότε
767 2296 817 2362 ἐπὶ
832 2292 865 2360 τό
883 2291 1034 2377 βάπτισμα
1052 2285 1123 2376 ήκε,
1145 2290 1303 2378 τριάκοντα
1322 2293 1376 2376 μὲν
1397 2295 1482 2373 ίτοδν,

322 2395 381 2466 άλλ’
402 2395 439 2464 οὐ
456 2397 583 2485 πλήρης·
607 2397 655 2464 διό
669 2399 760 2484 λέγει,
782 2394 958 2484 Ἀρχόμενος
974 2392 1016 2472 οός
1033 2397 1107 2462 ίτών
1122 2393 1289 2480 τριάκοντα.
1329 2392 1484 2462 Ἀπεντεῦ-

319 2509 378 2568 θεν
402 2504 435 2567 αί
456 2499 674 2587 τεσσαράκοντα
695 2507 750 2566 τοῦ
774 2506 956 2585 πειρασμοῦ,
985 2499 1036 2564 καί
1058 2500 1094 2562 οιί
1116 2496 1171 2563 δάο
1195 2495 1359 2581 ἑβδομάδας
1385 2506 1483 2588 μιαρηῖ

320 2609 420 2670 πλεῖον
444 2605 478 2670 αί
499 2607 532 2670 ἐν
551 2605 685 2690 Ναζαρὲτ
706 2601 767 2672 άπό
791 2609 849 2668 νῦν
872 2599 991 2686 ήμεροῖν
1013 2607 1069 2666 τοῦ
1096 2606 1277 2684 πειρασμοῦ,
1304 2601 1356 2664 καὶ
1377 2599 1483 2687 κράτη

320 2701 417 2791 ήμίρα
440 2702 516 2790 πρός
532 2702 692 2789 Ἰωάννην,
715 2707 765 2772 καί
789 2705 930 2791 δευτέρα,
951 2705 1003 2770 καί
1025 2701 1114 2768 πάλιν
1137 2699 1197 2768 άπό
1212 2698 1359 2769 Ἰωάννου
1378 2701 1483 2788 πρωίτη

321 2808 374 2874 καὶ
394 2809 531 2893 δευτέρα,
553 2805 602 2878 ὅτε
621 2804 834 2891 ήκολούθησαν
854 2803 934 2894 αὐτῷ
952 2809 985 2870 οί
1002 2801 1240 2891 περλἈνδρίαν,
1263 2806 1362 2870 ἔπειτα
1378 2809 1484 2889 Σίμων

324 2910 447 2994 Πίερος.
493 2911 554 2975 Καὶ
573 2917 611 2999 τῇ
629 2907 701 3000 άλλη
720 2905 833 2998 ήμίρμ,
857 2907 897 2985 οἱς
920 2912 1032 2991 ἔφημεν
1053 2909 1105 2974 καί
1124 2909 1183 2994 ἔχει
1200 2903 1222 2990 ή
1238 2903 1408 2974 α’κολουθία
1430 2916 1484 2974 τοῦ
1557 2923 1558 2926 ’

229 3071 231 3076 .
322 3009 507 3098 εὐαγγελίου,
532 3017 686 3077 Φιλίππου
702 3019 803 3094 κλῆσις
817 3013 869 3077 καί
885 3018 939 3077 τοῦ
956 3007 1139 3093 Ναθαναήλ,
1161 3010 1213 3074 καί
1225 3007 1330 3076 λοιπόν
1345 3017 1382 3100 τῇ
1399 3015 1484 3101 τρίτη

322 3109 421 3204 ήμίρρ
435 3113 529 3200 γάμος
547 3116 657 3201 ἐγένετο
675 3117 706 3182 ίν
722 3121 809 3203 Κανά
826 3121 879 3197 τής
895 3117 1066 3192 Γαλιλαίας,
1089 3107 1160 3194 μετά
1175 3109 1229 3188 τάς
1244 3109 1300 3178 δύο
1314 3108 1368 3188 τάς
1382 3139 1483 3199 προει-

206 3256 213 3268 ‚
322 3219 466 3302 ρημίνας·
490 3217 563 3304 ὅπερ
578 3225 698 3304 πρῶτον
714 3225 835 3300 σημεῖον
850 3217 900 3282 καί
917 3213 1062 3301 πλήρωμα
1078 3213 1235 3301 τριάκοντα
1253 3217 1328 3282 ίτοῖν
1342 3212 1402 3280 άπό
1419 3241 1484 3301 γεν·

322 3318 435 3403 νήστιες
451 3328 504 3403 τῆς
523 3319 670 3405 ίνσάρκου
688 3316 782 3386 αὐτοῦ
797 3322 970 3404 παρουσίας.
1013 3315 1069 3382 Ἐν
1088 3314 1164 3407 αὐτή
1188 3315 1243 3403 γάρ
1261 3313 1425 3401 εῦρίοκεται
1446 3325 1485 3410 νή

270 3489 271 3492 ,
321 3419 418 3511 ήμίρμ
437 3430 492 3506 τῆς
508 3419 602 3489 αὐτοῦ
619 3421 696 3489 κατά
717 3421 814 3506 σάρκα
833 3419 997 3510 γεννήσεως
1013 3417 1183 3502 πεποιηκός
1200 3416 1233 3487 τό
1256 3426 1374 3504 πρῶτον
1395 3419 1486 3488 πάλιν

322 3534 447 3609 σημεῖον
467 3532 522 3591 τοῦ
543 3524 651 3602 ὐδατος
676 3527 718 3602 είς
740 3521 838 3604 οίνον,
860 3527 893 3590 ἒν
908 3531 950 3610 τῷ
965 3529 1118 3607 πληροῦσαν
1136 3518 1226 3588 αὐτόν
1243 3519 1399 3608 τριάκοντα
1421 3525 1485 3606 ίτη,

203 3611 206 3623 ⁸
324 3626 366 3706 οἷς
379 3625 520 3705 πολλάκις
535 3625 633 3707 εἶπον,
656 3625 716 3694 άπύ
732 3633 786 3710 τῆς
803 3626 949 3713 ίνσάρκοο
970 3623 1062 3692 αὐτοῦ
1078 3622 1285 3711 γεννήσεάςτε
1300 3627 1353 3689 καί
1368 3650 1485 3713 παρου-

323 3736 406 3812 σίας,
430 3729 471 3808 οός
488 3728 664 3796 ὐποτίθεται
686 3726 759 3811 ήμῖν
775 3730 905 3796 συνιέναι
927 3731 979 3800 καὶ
996 3728 1231 3812 καταλαμβάνειν
1247 3724 1269 3810 ή
1285 3733 1345 3790 τοῖν
1367 3725 1486 3814 εὐαγγε-

323 3838 393 3900 λίων
408 3831 545 3921 άκρίβειά
560 3859 591 3898 τε
602 3834 657 3900 καί
675 3828 850 3898 άκολουθία.
884 3833 942 3896 Καὶ
959 3830 1065 3898 λοιπόν
1080 3827 1139 3895 άπό
1153 3835 1208 3896 τοῦ
1224 3828 1344 3916 πράτου
1357 3837 1486 3913 σημείου

324 3934 431 4004 τούιου
448 3936 485 4002 τά
500 3963 530 4002 τε
547 3935 618 4010 άλλα
633 3943 754 4018 σημεῖα,
777 3935 827 4000 καί
841 3931 874 4000 τό
890 3932 1027 4021 κήρυγμα
1039 3930 1160 4012 λοιπόν,
1183 3934 1234 3998 καλ
1248 3930 1283 3998 τά
1301 3931 1372 3998 άλλα
1385 3933 1486 4000 πάντα

325 4045 378 4121 τῆς
395 4047 573 4123 θαυμαστῆς
590 4035 683 4103 αὐτοῦ
702 4036 881 4125 πληροόσεως
901 4045 954 4119 τῆς
971 4039 1201 4122 φιλανθρωπίας
1223 4037 1275 4101 καί
1295 4033 1487 4121 εὐαγγελικής

325 4147 569 4229 θαυματουργίας
583 4143 678 4207 τεκαὶ
692 4143 891 4221 διδασκαλίας,
910 4137 952 4217 άς
965 4137 1105 4216 πολλάκις
1116 4141 1204 4222 ίφην,
1220 4139 1271 4204 καλ
1283 4135 1486 4225 άναγκάζομαι

375 4401 412 4454 λθ.
444 4403 539 4453 (λοιπαί
564 4399 770 4467 διανενοημίνας.
815 4401 888 4464 vulno
924 4399 960 4450 ἱεο
974 4409 1002 4450 ut
1010 4397 1080 4452 οολιίι
1096 4397 1256 4466 οοςὶιαοόοοι
1267 4397 1395 4468 reliquerit
1403 4415 1486 4452 mn·

325 4475 389 4522 ιελολ
413 4465 605 4538 οιαιενοημίνοι.
649 4472 776 4522 comorius
804 4471 888 4520 υπλλίι
923 4466 1027 4536 μείλιον,
1044 4467 1150 4522 alterum
1166 4473 1217 4532 αλλ
