3154 4930
357 199 980 256 runnaumemromu.uacuuxvt.
1184 191 1244 258 en

101 319 423 405 promisensium
451 320 619 388 adhibuisse
647 321 839 386 demonstrat.
886 317 961 384 Cum
988 320 1065 387 euim
1089 321 1163 389 haec
1184 322 1248 408 ipsa

103 423 200 502 verba,
224 427 302 502 (lm
320 427 425 488 mettid
444 427 614 505 mistos,
640 443 746 506 aspere
764 434 795 488 et
813 423 986 508 obiurgandi
1002 423 1096 506 gratia
1119 445 1248 509 pronun·

101 525 226 602 tinuerit,
249 545 435 610 consequeus
453 537 499 590 εει
517 525 722 612 prophetarum
739 525 777 590 ah
793 546 830 590 eo
853 547 953 590 euram
975 545 1043 588 esse
1065 539 1244 611 susceptam.

103 623 159 690 lau
175 626 221 710 qui
239 627 445 713 prophetarum
463 647 560 693 curam
578 627 674 712 gerit,
698 649 758 694 nou
775 629 875 712 utique
894 639 941 692 εει
960 637 1097 710 tunquam
1118 629 1154 692 de
1176 629 1248 695 adie-

100 729 157 806 ris,
179 729 229 794 scd
244 739 381 815 tanquam
397 731 460 794 suis
477 729 660 815 propriisque
676 730 832 796 sollicitus.
878 727 946 813 Quo
967 740 998 794 et
1014 729 1083 794 iilud
1106 730 1244 814 pertinet,

97 836 259 913 impuri-w
271 838 391 914 tongum
404 837 457 914 pai
468 835 578 917 effusus
595 845 641 894 εει
654 855 673 895 a
688 838 829 914 mugnone
842 835 1007 914 uteturque
1022 837 1061 896 ud
1072 836 1245 899 aetrnum
1346 902 1348 910 ,

97 939 205 1010 aintuur,
229 937 281 1016 qui
288 939 374 1016 saeua
387 947 432 998 est
446 939 521 998 inter
536 939 666 1016 templum
680 948 709 999 et
721 940 825 1000 altore.
864 932 1023 1000 Praeterea
1038 934 1097 998 aiio
1112 934 1142 998 in
1159 935 1243 1001 iocos

96 1038 217 1098 Sublatis
236 1039 362 1100 omnr'dus
379 1040 631 1100 nummulariorum
650 1043 889 1113 mensunusum,
913 1060 949 1099 ac
966 1041 1057 1112 dicit,
1081 1041 1180 1100 Nolite
1191 1040 1399 1120 so·teeno.t,tu.

95 1161 156 1200 cere
167 1143 274 1202 douram
292 1145 386 1221 patrm
403 1145 459 1202 mei
470 1145 580 1204 domum
596 1145 806 1222 negotiationis.
854 1139 901 1203 Ad
920 1140 993 1204 haec
1008 1137 1125 1204 Mariae
1143 1161 1178 1203 ac
1196 1137 1246 1204 lo·

94 1241 180 1326 sephu
197 1242 289 1323 dixit,
314 1247 389 1322 Quid
407 1254 474 1306 erat
486 1247 562 1324 pund
576 1245 754 1324 quaercdon's
769 1249 833 1306 rae?
874 1245 1051 1306 Neser'ebata's
1070 1247 1146 1324 quad
1159 1248 1189 1306 in
1206 1247 1242 1304 iis
1255 1255 1310 1303 une
1324 1261 1346 1313 a,
1357 1260 1390 1306 ιι.

92 1366 161 1426 puae
173 1351 268 1425 pirri
285 1350 342 1408 mei
354 1357 424 1408 sunt
443 1358 553 1427 operm
567 1367 611 1414 ure
624 1353 706 1408 esee?
748 1342 843 1410 Porro
860 1345 1065 1428 euangelium,
1089 1355 1244 1430 postquam

93 1447 163 1510 been
178 1447 216 1512 ab
232 1467 270 1511 eo
293 1448 370 1512 dicta
391 1447 512 1526 retulit,
534 1451 631 1512 Nolite
646 1451 743 1532 secere
760 1452 869 1511 domum
881 1453 976 1528 patrm
992 1452 1173 1520 meldunum
1194 1471 1244 1510 ne·

87 1554 262 1629 gotciutroaia,
284 1551 383 1614 statim
400 1549 469 1614 iilud
485 1549 619 1616 subiicitc
643 1555 685 1614 Et
696 1555 842 1614 meordati
854 1563 923 1614 suat
931 1555 1070 1631 valincipuli
1081 1555 1158 1632 quod
1167 1555 1242 1628 sari-
1249 1564 1326 1612 nnn
1334 1565 1355 1621 ι,
1363 1567 1396 1613 ιι.

84 1663 163 1732 parnt
183 1664 242 1716 eat:
266 1656 354 1716 Zelus
375 1657 473 1716 domus
496 1665 560 1715 tuoe
580 1657 701 1718 macen
721 1675 773 1718 me.

171 1751 265 1836 Quam
284 1756 380 1820 muita.
393 1775 433 1822 eu
450 1754 612 1839 evangeliis
627 1766 658 1818 ει
676 1755 817 1840 apostolis
833 1755 932 1820 afferri
949 1756 985 1820 ad
1001 1753 1170 1820 Manichaei
1193 1775 1241 1820 ue·
1277 1756 1337 1824 0⁸1>-

88 1855 239 1938 saliendum
262 1857 405 1922 insaniem
423 1867 563 1943 possunt,
588 1859 636 1942 qui
656 1869 742 1923 retus
767 1868 972 1924 testamcutum
996 1879 1113 1922 anuvo
1136 1859 1242 1927 distans
1258 1823 1352 1876 Μ’

86 1957 156 2022 bere
173 1970 202 2022 et
220 1958 352 2025 alienare
369 1960 540 2023 contendit?
567 1981 632 2024 cunr
654 1971 750 2024 tamea
772 1970 803 2024 et
823 1969 909 2026 retus
927 1960 1015 2024 multa
1035 1961 1071 2024 de
1092 1960 1241 2026 salvatore

83 2059 251 2125 testimonia
269 2062 437 2140 contineat,
461 2072 491 2125 et
509 2061 555 2126 hic
572 2061 720 2141 vicissim,
744 2063 803 2128 imo
819 2073 849 2127 et
865 2063 930 2126 eius
945 2062 1070 2149 apostoli
1087 2063 1181 2128 veteri
1198 2073 1242 2126 te·

81 2173 229 2228 stemeato
253 2164 427 2231 auctoritate
446 2185 500 2229 sua
519 2164 730 2249 suffragentur.
776 2163 816 2231 Ut
840 2166 868 2228 iu
894 2165 944 2232 iilo
965 2165 1031 2230 loco
1054 2166 1102 2249 qui
1122 2185 1162 2228 ex
1180 2163 1241 2230 Du-

80 2265 151 2330 vide
168 2266 406 2332 transistusestc
435 2271 518 2332 meta
532 2271 661 2330 donamus
678 2271 789 2330 domino
809 2290 884 2342 meo,
909 2271 982 2330 Sede
996 2289 1015 2330 a
1029 2272 1141 2330 deutris
1156 2274 1234 2330 meas.
1250 2265 1337 2376 ἓξὲξ

79 2373 121 2432 Si
140 2373 231 2450 c‘ge'lm
251 2373 380 2432 domairac
401 2371 482 2432 illam
505 2383 602 2446 meat,
627 2373 763 2450 quomodo
776 2372 864 2451 filma
884 2375 945 2434 eius
965 2377 1031 2432 eall
1074 2371 1121 2432 Aa
1147 2370 1239 2434 haece

81 2474 275 2536 conmotus
287 2478 388 2554 paean
402 2475 591 2554 Oroanafilio
604 2476 707 2548 Duum,
732 2493 798 2541 curn
816 2492 869 2538 eos
885 2493 942 2536 uon
959 2473 1139 2557 increparet,
1163 2469 1238 2536 Pha·
1248 2479 1391 2538 sasnunn

77 2574 170 2638 risaei
191 2574 232 2639 ita
253 2576 347 2661 ipsum
372 2575 490 2643 allocuti
515 2585 599 2640 surutc
628 2577 694 2637 Non
713 2579 796 2650 audes
817 2579 887 2656 paa'd
901 2579 954 2638 isti
972 2579 1092 2638 ducant?
1117 2577 1238 2656 proteus
1250 2583 1392 2641 naerens

75 2679 156 2738 illos.
203 2674 256 2740 ttte
272 2698 346 2742 cero
365 2676 407 2742 ita
426 2679 593 2762 respoudit,
617 2681 655 2740 Si
666 2681 719 2740 no·
734 2682 891 2752 laimunt,
916 2679 1023 2758 lapidee
1041 2679 1237 2760 omiseradan-

73 2790 138 2839 tua.
185 2775 242 2844 Est
260 2779 338 2844 enirn
356 2777 478 2844 Dauidis
499 2780 548 2843 iiie
568 2779 682 2862 quidem
702 2800 791 2844 carue
815 2781 907 2857 iilius,
937 2780 1067 2844 eiusdem
1092 2800 1181 2858 uero,
1210 2779 1237 2844 si

70 2879 214 2964 spiritum
233 2881 423 2962 concideres,
447 2882 601 2958 dominus,
626 2903 690 2946 cum
712 2883 815 2946 ambae
837 2883 906 2946 iliae
924 2903 1015 2947 voces
1028 2881 1138 2966 aliquid
1161 2882 1237 2965 quod

69 2981 142 3046 fleri
159 2983 271 3067 possit,
294 3001 456 3070 rerumque
472 2985 650 3070 sigrridcent.
694 2981 772 3048 Nam
797 2984 868 3049 nihil
886 2995 933 3050 εει
947 2985 978 3048 in
994 2985 1151 3050 veritatem
1166 2982 1247 3050 con?

68 3085 189 3148 fictum.

164 3184 276 3251 Verum
300 3208 337 3252 ue
359 3187 467 3254 diutius
488 3190 518 3254 iu
542 3211 579 3254 eo
597 3201 771 3274 argumento
790 3209 972 3268 commorer,
1001 3209 1055 3254 ero
1076 3190 1177 3274 paucis
1198 3189 1236 3254 iis

65 3289 256 3354 testimoniis
272 3301 444 3370 contentus,
470 3312 573 3376 meque
589 3293 626 3356 ad
642 3293 698 3356 alia
715 3292 886 3378 impostoris
903 3293 981 3357 iliius
996 3292 1133 3376 dogmata
1155 3293 1234 3358 reiu-

62 3393 163 3458 tanda
179 3395 343 3458 cuoierarn.
378 3392 412 3458 Si
432 3414 540 3480 corpus
556 3394 678 3462 alterius
696 3393 744 3458 dei
761 3406 820 3473 est,
843 3405 874 3458 ει
888 3395 1010 3461 atterius
1025 3396 1135 3474 arriana,
1160 3415 1234 3479 quae

60 3505 191 3582 potest,
215 3495 254 3560 mi
273 3496 378 3576 horno,
402 3499 553 3562 amborum
572 3515 640 3562 esse
657 3498 843 3560 commuuio?
887 3494 1068 3584 Quamquam
1086 3498 1235 3582 cogitandi

60 3599 142 3664 mibi
171 3619 258 3684 quarn
282 3599 371 3664 atron
393 3599 423 3664 iu
443 3597 719 3684 contemplationem
737 3599 894 3662 mediocris
916 3595 950 3666 a'c
973 3600 1128 3685 perpusillo
1151 3619 1234 3664 meas

58 3711 177 3766 nostra
201 3722 269 3766 sese
295 3703 474 3782 committat,
503 3703 582 3766 subit
604 3702 758 3769 admodum
780 3701 890 3792 cerepi.
937 3698 1135 3782 Quamobrem
1157 3701 1233 3765 inhi-

54 3805 148 3870 bebo
168 3803 390 3890 nreuretipsum,
414 3825 452 3868 ue
469 3804 505 3869 iis
521 3804 569 3890 qui
588 3805 688 3889 legere
709 3806 765 3870 istu
786 3816 910 3891 possunt
932 3805 995 3890 ptos
1016 3825 1100 3888 quam
1119 3824 1171 3890 par
1186 3814 1233 3868 εει

54 3906 185 3972 laboris
205 3907 362 3991 imponam,
385 3929 451 3970 cum
469 3908 642 3992 praesertim
661 3909 746 3972 unico
764 3909 932 3972 testimonio
950 3907 1158 3993 praestigiator·
1175 3906 1232 3970 ista

54 4009 212 4094 redargui
233 4009 336 4093 possit.
382 4007 500 4072 Etenim
525 4011 555 4074 iri
578 4011 702 4074 eandem
722 4011 970 4077 consociationem
993 4031 1028 4074 ac
1052 4007 1232 4072 commuuio-

52 4132 133 4174 uem
152 4111 261 4175 adduci
276 4133 333 4175 nou
352 4133 453 4176 eorum
472 4131 537 4176 esse
550 4122 651 4196 potest
666 4134 741 4197 quae
757 4123 856 4176 mutuo
873 4111 1058 4190 dissentiant,
1078 4113 1129 4176 scd
1145 4110 1230 4176 unius

51 4234 142 4298 opus
162 4224 229 4292 est,
253 4223 334 4280 autu
353 4212 465 4279 duobus
488 4215 591 4278 saitem
613 4214 715 4280 amicis
733 4215 865 4278 efficitur.
912 4213 1013 4300 itaque
1036 4236 1100 4278 curn
1123 4235 1230 4299 eorpus

50 4327 87 4378 et
113 4315 224 4379 anima
246 4319 275 4379 iu
299 4337 394 4381 unum
410 4317 607 4400 conveniant,
630 4319 716 4383 unius
735 4319 783 4384 dei
800 4339 873 4404 opus
892 4318 962 4382 iilud
984 4337 1051 4384 esse
1072 4319 1228 4404 putandum
