3116 4934
335 289 471 344 neuneu
488 289 729 344 ιιιιιτοιιι,
748 289 933 344 ιιιιι.ιιιι.
1155 279 1212 346 181

111 411 217 493 poantoii
236 409 331 496 magis
349 400 721 498 socerdoti'proeseripsiti
763 407 909 474 Nimirum
935 411 1021 475 unitis
1043 421 1076 476 ut
1097 411 1217 498 impedi·

112 513 183 576 uentis
200 525 351 595 avocetur,
376 533 434 597 quo
457 511 487 576 in
508 513 707 599 spiritualibus
727 514 886 577 seeundum
909 514 993 577 deum
1018 515 1162 598 negotiis,
1185 515 1215 579 iu

112 611 153 696 ipso
164 635 203 680 uso
214 615 370 680 sacerdotii
385 615 694 700 administratioueque
711 617 844 679 ferietur.
891 611 1032 680 Ceterum
1049 618 1077 679 iu
1098 617 1214 702 populo,

110 727 192 801 propter
202 719 259 782 eius
275 717 514 796 iorbeeiiiitstem,
539 717 656 781 tolerari
673 717 749 781 istud
769 729 876 803 potest,
901 718 998 803 utqui
1015 739 1108 782 rixose
1124 720 1217 805 prima

111 820 200 882 moteuti
212 841 276 885 esse
292 843 348 884 nom
364 823 489 906 possint,
507 840 542 882 eu
560 831 673 884 mortum
687 821 845 884 secuudum
861 821 915 884 sibi
933 822 1080 906 eopuient.
1105 820 1216 905 Quam·

110 939 167 1004 pum
178 922 216 1007 qui
230 943 316 1012 uuam
333 923 478 986 durutaxat
494 921 608 1002 babuit,
634 923 736 1000 maiori
755 923 898 986 eeclesiae
915 923 1022 986 iudieio
1045 924 1156 987 horrore
1174 925 1217 988 ui·

109 1035 215 1104 pousest.
256 1023 319 1090 Sed
347 1024 394 1088 eui
416 1035 528 1088 mortuo
554 1047 610 1089 uno
631 1046 688 1089 non
714 1025 835 1104 suffieit,
860 1047 924 1090 eum
943 1025 1099 1090 oeoasioue
1121 1025 1217 1110 eliqua

106 1125 172 1210 stupri
183 1127 376 1212 adulteriique,
400 1137 450 1191 sut
468 1126 588 1190 alterius
608 1127 721 1211 flagitii,
745 1149 809 1191 oum
831 1149 865 1191 eo
881 1127 1037 1191 divortium
1053 1127 1166 1207 iecerit,
1189 1127 1216 1192 is

107 1225 123 1286 si
134 1227 225 1292 aiteram
239 1251 363 1295 uxorem
379 1229 509 1309 duxerit,
532 1240 582 1293 out
597 1229 681 1293 alteri
697 1229 762 1293 viro
777 1230 883 1293 mulier
898 1229 1041 1315 nupserit,
1064 1249 1215 1293 serrorum

105 1325 215 1394 itemrum
230 1333 388 1398 auotoritas
410 1332 447 1396 ob
470 1331 549 1396 omui
565 1331 648 1417 euipa
664 1331 731 1394 illos
744 1331 887 1409 absolvit,
912 1351 1007 1415 neque
1024 1331 1060 1395 ab
1077 1331 1214 1412 eooiesia,

105 1441 139 1492 rut
150 1443 246 1498 aeterno
263 1436 324 1500 vita
339 1434 452 1513 reiicit,
476 1436 528 1498 sed
546 1443 667 1520 propter
682 1433 909 1498 imbecillitatem
926 1434 1095 1498 tolerandos
1112 1433 1216 1498 existi-

103 1543 153 1596 uat.
180 1533 239 1600 b'oo
254 1538 296 1602 ita
315 1549 425 1616 tamen,
450 1537 523 1600 duas
539 1547 569 1600 ut
587 1537 679 1600 altero
695 1537 853 1622 superstite
869 1556 980 1600 uxores
996 1537 1081 1600 simui
1098 1537 1214 1614 babeat,

103 1635 139 1697 sui
155 1638 222 1701 utob
237 1660 292 1704 uum
310 1649 482 1727 separatus,
507 1639 627 1703 aiteram
651 1639 705 1702 sibi
729 1639 875 1724 legitime,
900 1638 924 1701 si
944 1638 1039 1717 lubet,
1064 1640 1214 1724 adiungat.

102 1731 260 1817 Quamobrem
283 1761 354 1825 erga
372 1741 515 1806 eiusmodi
533 1742 677 1806 homiuem
696 1753 754 1805 tam
772 1741 888 1804 divinus
905 1761 1002 1805 sermo
1020 1763 1104 1826 quom
1122 1741 1216 1806 eoele-

101 1837 131 1900 sio
145 1841 181 1904 ut
194 1841 416 1908 misericordiam
433 1843 568 1924 udbibet3
592 1845 763 1929 praesertim
782 1843 807 1908 si
823 1843 932 1907 ceteris
946 1843 975 1905 in
993 1843 1081 1908 rebus
1096 1843 1216 1928 reiigio-
1334 1887 1340 1894 -

98 1961 135 2003 ιιι
149 1942 188 2006 iiie
204 1945 253 2024 sit,
277 1957 309 2012 et
328 1947 363 2009 md
378 1946 495 2010 divinae
514 1947 588 2032 tegis
604 1946 813 2032 praescriptum
830 1947 909 2009 vitae
926 1967 997 2010 suue
1018 1947 1148 2010 rationes
1167 1967 1216 2009 oe-

99 2047 239 2112 commodet.
282 2046 370 2133 Quod
387 2047 442 2114 nisi
457 2049 497 2113 ito
515 2060 612 2127 esset,
636 2071 782 2134 nunquam
801 2049 896 2112 uiduis
912 2049 1061 2134 apostolus
1078 2047 1213 2125 dixisset,

95 2147 199 2222 tumor,
218 2153 299 2232 filios
318 2163 487 2233 procreent,
510 2154 644 2234 suauib'ue
664 2157 803 2233 praemiet.
852 2147 911 2215 seo
932 2170 1027 2235 neque
1044 2151 1080 2214 tie
1099 2150 1215 2214 bomine
1231 2157 1308 2203 1·θοί-
1316 2157 1367 2215 ²22

94 2245 131 2310 iiio
142 2249 182 2334 poi
196 2255 279 2336 patris
298 2275 421 2318 uxorem
438 2255 581 2334 duxerat,
605 2255 641 2318 ob
659 2253 745 2338 idque
763 2249 892 2342 Satanae
908 2251 937 2314 im
952 2253 1100 2316 interitum
1117 2254 1215 2316 ooruis
1229 2259 1368 2318 metesa

94 2351 193 2416 tutum
208 2357 314 2436 iuerat,
339 2357 378 2420 ita
399 2357 583 2442 loqueretur:
617 2359 655 2418 Ut
667 2361 786 2437 spiritus
805 2359 901 2418 sulvus
921 2360 963 2416 sit
981 2359 1011 2417 ιἰι
1032 2359 1077 2418 die
1098 2359 1214 2419 domriu‘.

1228 2451 1247 2495 ι
1256 2449 1309 2494 cnr.
1320 2449 1342 2506 1,
1354 2449 1368 2492 t

91 2447 176 2538 Neque
198 2455 264 2522 iiiod
285 2471 457 2545 usurparet:
490 2461 660 2540 Confirmuts
680 2465 710 2522 eir
730 2463 809 2520 illum
829 2464 991 2532 eurr'tutem,
1015 2481 1051 2519 ne
1070 2459 1215 2520 abundum·
1267 2507 1291 2546 ,ι
1303 2501 1323 2545 Β,

92 2557 147 2616 tiore
161 2563 270 2622 trr'etr‘trb
287 2563 473 2624 absorbeatur
486 2566 630 2624 eiusmodi.
671 2560 786 2646 Quibus
804 2561 875 2624 bueo
892 2558 1015 2624 ediscite
1041 2564 1097 2622 Cui
1108 2563 1218 2642 aliquid
1227 2569 1367 2626 attor-¹³¹²

89 2657 205 2735 bamus,
227 2675 258 2725 et
272 2687 325 2745 ego
343 2669 474 2746 quonium
495 2669 525 2727 σι’
542 2669 612 2747 perid
628 2669 746 2738 denuoi,
773 2675 892 2745 propter
908 2686 956 2726 uos
974 2667 1079 2725 donavi
1093 2667 1121 2725 ιἰι
1135 2666 1217 2746 suer'e
1404 2660 1406 2666 ’

91 2762 190 2839 tntu,
212 2789 247 2829 me
263 2772 515 2830 rrirmnoem'emur
529 2788 547 2828 u
561 2771 687 2830 Sutura:
711 2772 885 2849 nequeenim
901 2769 980 2829 e‘lir'us
997 2771 1118 2828 astutius
1135 2770 1216 2846 ogno-

85 2883 171 2928 taaus.
223 2865 316 2933 Vides
339 2880 371 2932 ut
394 2869 591 2953 poenitentioe
612 2869 707 2933 looum
731 2869 822 2939 etiam
841 2879 908 2956 post
929 2869 1034 2932 delicta
1056 2867 1218 2932 concedet?

154 2969 197 3034 Ati
212 2971 284 3034 bueo
303 2971 412 3035 domiui
431 2971 481 3036 iliu
498 2993 560 3036 vox
585 2982 647 3036 est:
677 2975 818 3034 Drinr'ttr'te
834 2976 950 3033 riroieeru
970 2982 1104 3052 percute,
1137 2982 1172 3032 ut
1190 2973 1369 3092 afflig-¹⁴

81 3083 147 3148 puter
167 3085 255 3136 uester
284 3079 337 3155 pati
357 3079 386 3136 tir
407 3077 493 3136 coetu
513 3086 560 3136 est
579 3079 704 3136 dt'ruo'ttut
725 3076 811 3136 vobis.
868 3071 981 3136 Deinde
1005 3073 1048 3136 sie
1071 3073 1129 3136 aiio
1151 3073 1217 3136 loeo

84 3173 181 3258 teripsit
202 3175 372 3260 spostolus:
406 3179 521 3258 lugebo
546 3180 664 3253 multos,
696 3182 748 3259 qui
768 3182 798 3238 ιἰι
821 3177 898 3238 vobis
921 3179 1099 3251 esro'derurrt,
1130 3192 1370 3258 eequeacmneat.

78 3283 255 3352 mmrtmmum
272 3291 405 3359 egerunt.
452 3275 493 3343 Ut
510 3280 657 3358 ostendet,
682 3279 797 3344 temetsi
817 3277 988 3357 ceciderint,
1013 3299 1046 3340 so
1067 3278 1217 3364 poeniten·

81 3376 135 3442 tiam
154 3381 360 3467 susceperint,
388 3380 499 3444 admitti
524 3381 729 3460 nibilominus,
761 3401 816 3445 nee
839 3381 958 3444 omniuo
982 3380 1076 3444 reiioi.
1122 3377 1217 3443 Novit

78 3483 139 3546 enim
164 3484 301 3548 dontinus
331 3483 399 3566 quid
427 3483 582 3566 unicuique
609 3485 739 3548 fauturus
764 3485 813 3546 eit.
860 3480 946 3565 Quod
971 3482 1061 3566 igitur
1083 3482 1217 3546 veritatis

76 3585 159 3669 reguis
175 3587 211 3651 sd
228 3607 295 3651 eam
320 3605 390 3648 sese
412 3585 533 3649 formum
552 3585 673 3666 babeat,
698 3585 807 3650 nemini
824 3596 870 3648 est
888 3585 1055 3648 obscurum.
1102 3582 1217 3668 Quippe

75 3700 127 3768 post
140 3690 267 3774 priorem
286 3687 512 3774 poenitentium,
536 3709 609 3772 quae
628 3710 681 3775 per
696 3689 843 3753 secuntiae
860 3686 1061 3772 generationis
1077 3685 1216 3748 lotionem

72 3787 220 3870 obtinetur,
245 3793 277 3856 iu
296 3811 357 3874 qus
373 3789 572 3875 poeniteutiae
587 3790 729 3854 beneficio
746 3791 868 3876 quilibet
883 3799 1042 3854 renouatus
1057 3782 1116 3866 est,
1139 3787 1218 3851 eius·

39 3955 41 4010 Ι
126 3893 276 3960 'woodo
293 3893 422 3976 amplius
438 3893 517 3956 nulla
534 3893 713 3978 poenitentia
728 3894 868 3979 suppetit.
900 3889 970 3956 Non
989 3891 1065 3954 enim
1082 3889 1217 3976 baptismi

236 3996 295 4062 sed
313 3996 563 4060 unusduntaxut.
608 3994 714 4081 Neque
735 3995 778 4059 bis
796 3995 826 4059 in
845 4015 961 4059 erucem
978 3989 1115 4058 Christus
1134 4003 1216 4058 uetus
1314 4059 1321 4086 ι

427 4271 451 4305 ·s
477 4253 622 4323 coniugator
689 4251 714 4306 6.
733 4255 806 4318 tum
824 4249 846 4304 si
867 4247 963 4319 τύχοιεν
996 4247 1067 4319 νόμῳ
1086 4252 1218 4319 συιαφὸῆ-

447 4322 517 4382 viro,
543 4339 623 4392 neque
656 4339 703 4375 ιαι.
740 4323 797 4372 Ceut
810 4323 863 4371 Vsa.
880 4322 948 4370 babet
964 4289 1083 4388 iuvimus,
1102 4318 1217 4388 εἰτύχοι,

466 4391 511 4444 sed
526 4391 623 4454 suffert,
658 4390 824 4458 sooepbairee

692 4459 716 4511 7.
742 4459 853 4520 Suspicor
876 4459 1048 4509 ιιισιίὺιιιιιιιιιι
1071 4471 1118 4509 esse
1144 4471 1216 4508 muru·

659 4527 725 4596 pbp'p.
759 4523 813 4578 Καὶ
830 4523 898 4580 {itti
911 4529 961 4578 seu.
