3168 4942
382 261 520 314 seneen
537 263 601 314 me
614 263 647 313 n.
662 261 745 314 son.
759 263 790 312 n.
808 261 907 315 ntes.
921 262 1018 314 exrx.
1139 234 1147 255 ⁴
1214 250 1284 314 64&

112 381 277 447 sedulitatis
292 382 394 445 officiis
414 382 535 468 aggredi
552 383 665 461 solent,
690 393 750 445 tum
768 381 995 466 pollicitationes
1014 401 1048 444 ac
1069 393 1202 448 terrores
1225 385 1276 445 ad-

112 482 228 550 iiciunt.
274 482 338 548 Vos
354 486 450 562 errirn,
474 485 625 570 inquiunt,
660 485 800 570 principis
826 485 931 548 odietis
954 496 983 547 rt
1004 485 1190 569 imperatoris
1216 483 1276 548 Ve-

113 587 201 651 ientis
221 587 363 650 votunuut
388 587 546 651 resistitis?
591 585 633 650 lto
653 609 706 650 eos
724 588 912 671 alloquuntur
928 587 976 671 qni
1002 605 1086 650 stunu
1112 589 1146 650 ed
1170 589 1275 672 (logum

113 689 242 752 transire
261 690 421 754 noluerint.
468 687 583 753 Deinde
599 690 666 774 quid
685 693 800 752 tandem
824 692 889 752 esti
912 689 1064 773 inquiunt,
1089 685 1166 772 Quid
1189 711 1277 774 porro

114 793 257 856 dicimus?
293 790 404 854 Errrlrnr
430 793 503 856 litles
520 803 584 870 est3
609 793 665 855 nisi
682 793 757 877 quod
777 793 855 854 inani
875 793 989 876 gloriere
1007 791 1103 854 studio
1124 792 1274 855 tlorimiui.

114 893 276 959 Videamus
292 899 389 978 itaque
404 895 547 958 eodemne
563 895 602 957 sit
621 898 706 958 fider.
752 895 851 979 Atque
869 896 907 957 illi
928 895 1043 978 uiridem
1061 895 1103 956 sic
1119 905 1274 957 esseront=

114 993 411 1062 confitemur-titium
429 1019 468 1061 rx
488 1008 570 1082 putre
590 998 739 1082 genitum,
764 1019 819 1059 nec
839 1019 905 1059 ettm
924 1018 1082 1081 turgemus,
1106 1018 1208 1059 rerunt
1226 1018 1278 1059 no·

114 1101 160 1162 bis
175 1121 290 1184 qnoque
307 1111 443 1162 creature
462 1112 493 1163 et
509 1101 657 1184 opilicinm
676 1100 889 1164 coruliteodum.
923 1098 992 1184 Quo
1010 1101 1125 1184 quidem
1143 1097 1214 1161 nilril
1232 1110 1278 1163 est

112 1201 255 1286 ineptius.
302 1200 450 1286 Quidquid
475 1203 552 1265 enim
573 1215 703 1266 creatum
723 1213 787 1281 ost,
814 1202 956 1266 dissimile
973 1213 1020 1264 est
1038 1200 1156 1285 genito,
1182 1222 1277 1285 rthne

114 1307 192 1389 qood
207 1305 337 1388 gerritum
357 1315 419 1382 est,
444 1316 546 1368 creato
570 1305 664 1368 simile
691 1317 753 1384 est,
787 1307 962 1390 praesertim
981 1307 1006 1368 si
1030 1307 1065 1368 de
1091 1306 1207 1368 sincere
1231 1305 1279 1366 ille

116 1409 306 1493 perfectaque
326 1418 431 1470 tratura
448 1427 547 1471 serruo
565 1407 615 1470 sit.
655 1405 732 1470 Nem
752 1406 848 1470 onruie
866 1429 881 1470 e
899 1409 954 1470 deo
972 1422 1072 1472 creata
1093 1417 1173 1482 suut,
1198 1407 1279 1470 solos

115 1509 165 1572 dei
184 1508 261 1572 lilius
277 1508 396 1592 genitos
414 1522 478 1589 est,
503 1532 537 1572 oo
553 1511 636 1573 solos
651 1511 771 1596 spiritus
787 1522 909 1574 sanctus
935 1533 953 1572 α
973 1524 1059 1593 putre
1070 1517 1227 1592 praeesset,
1252 1521 1283 1570 et

113 1635 133 1674 a
147 1614 217 1693 filio
238 1618 357 1694 aceepit.
405 1611 516 1678 Cetera
534 1613 631 1676 omrda
649 1624 747 1676 creata
768 1622 854 1690 srrrrt,
879 1635 974 1698 rteqne
992 1635 1007 1676 o
1025 1626 1107 1698 petre
1122 1633 1275 1699 processe·
1288 1635 1434 1692 tenestem.

117 1725 206 1792 rurrt,
239 1737 369 1799 neqrrea
395 1716 455 1778 tilio
472 1723 666 1799 accceperuut,
698 1715 750 1778 sed
771 1736 810 1778 ex
837 1716 1017 1800 plenitudiue
1042 1717 1112 1792 tilii,
1145 1714 1186 1776 uti
1208 1715 1282 1777 seri·

116 1829 197 1903 ptum
217 1829 282 1894 est,
317 1815 432 1903 Quippe
455 1819 539 1880 uerbo
557 1821 666 1880 dornrin'
683 1822 776 1879 omniu
788 1820 911 1899 firmato
932 1831 1014 1894 runt,
1046 1828 1075 1879 ct
1096 1822 1199 1898 spr'rr'tu
1221 1821 1435 1928 ‘'rmffip'ss’u'

115 1924 283 1982 caesorum
304 1926 396 1982 cr'rtus
418 1943 525 1982 eorum.
572 1919 664 2004 Atqui
682 1920 769 1982 etiem
785 1932 948 1984 creatorem
967 1921 1104 1984 cortliteri
1121 1941 1176 1983 nos
1192 1941 1280 2005 opor·
1305 1911 1384 1993 ³²,ss

115 2033 180 2100 tet,
206 2023 357 2106 inquiuntp
383 2023 616 2106 qrraudoqnidem
634 2023 779 2106 scripture
802 2035 958 2087 creature-e
975 2045 1099 2102 nomen,
1123 2023 1282 2106 itidemque

116 2127 217 2187 loetus
242 2147 295 2210 per
321 2136 435 2210 tropum
462 2145 497 2187 oo
524 2125 722 2209 erotophorem
751 2125 914 2210 usurpavit.
961 2125 1064 2210 Quare
1091 2127 1146 2190 etsi
1173 2129 1281 2188 loetum

115 2228 315 2311 appellemus,
341 2249 399 2290 non
418 2228 520 2290 eudem
540 2228 603 2289 eins
619 2239 664 2289 est
682 2249 717 2290 ec
732 2239 898 2291 ceterorum
919 2230 1048 2292 foetuum
1068 2230 1155 2292 ratio.
1200 2225 1283 2308 Quo·

116 2329 198 2393 circe
220 2333 284 2392 doru
304 2331 399 2392 foetos
419 2331 593 2392 vocabulum
612 2329 655 2392 sic
673 2342 826 2415 usurpent,
853 2352 953 2393 verum
973 2342 1004 2394 ut
1019 2352 1087 2394 esse
1108 2333 1215 2392 loetum
1235 2329 1281 2390 dei

117 2431 211 2496 salione
229 2445 357 2517 negent,
383 2431 611 2514 simplicioribus
634 2432 770 2496 illudunt.
815 2429 978 2496 Praeterea
1003 2435 1090 2495 etiem
1116 2444 1281 2494 erectorum

115 2533 254 2618 inquiunt
276 2556 343 2598 esse
372 2535 559 2597 confitemur.
612 2533 732 2597 Etenim
757 2531 896 2598 Christus
924 2541 1009 2598 renuo
1035 2535 1142 2598 dicitur
1171 2546 1201 2596 rt
1223 2540 1278 2610 retr,

116 2640 268 2712 columna,
301 2640 406 2711 nudes,
437 2649 537 2718 petro,
571 2643 646 2711 ouri,
678 2660 786 2718 ugnus,
820 2642 942 2713 hoedus,
972 2643 1094 2712 uitulus,
1121 2641 1179 2711 deo,
1202 2641 1280 2720 jons,

113 2744 275 2819 supt'entr'u,
301 2743 430 2815 uerbum,
447 2743 550 2821 filius,
576 2744 713 2824 angelus,
740 2745 881 2816 Christus,
906 2745 1043 2816 reluctor,
1069 2745 1208 2815 demultus,
1232 2743 1283 2801 do·

115 2863 181 2915 nro,
197 2843 285 2922 filius
303 2847 441 2917 domr'ru's,
468 2846 541 2924 Iopis
558 2846 726 2922 angularis,
751 2846 811 2917 rol,
833 2848 989 2924 propheto,
1011 2849 1113 2927 ponti,
1138 2867 1208 2918 reo,
1234 2865 1283 2904 ur·

90 2947 274 3019 ,cdr'teedm
299 2949 446 3026 cgrr'eoto,
468 2957 586 3026 postor,
614 2949 700 3019 vitis,
726 2955 754 3008 et
775 2943 802 3007 id
827 2967 922 3028 genus
946 2947 1014 3010 elia.
1060 2945 1103 3010 lta
1121 2957 1151 3010 et
1169 2956 1285 3009 ereetu-

115 3067 203 3124 ram,
239 3048 389 3131 inquiunt,
424 3047 518 3111 abusu
547 3047 672 3134 quodem
702 3048 829 3112 nominis
858 3050 1056 3134 appellemus,
1088 3050 1176 3134 idque
1200 3048 1285 3112 uobis

114 3149 241 3213 onroioo
265 3151 412 3213 letertdum
436 3162 495 3215 est.

208 3355 312 3441 Apage
335 3355 510 3418 sceleratam
534 3356 611 3418 illam
631 3355 797 3440 opinionem
825 3367 856 3420 et
878 3357 1029 3434 callidam,
1063 3379 1117 3420 neo
1136 3357 1286 3442 permittat
1321 3357 1382 3422 cap.

113 3477 250 3542 nequem
270 3459 405 3522 dominus
424 3459 500 3522 ullus
519 3469 550 3520 ut
571 3479 611 3520 ex
626 3459 761 3522 vertutis
780 3459 845 3522 liliis
860 3459 1002 3523 eiusmodi
1022 3461 1208 3524 cavillatione
1228 3461 1286 3522 cir·
1302 3425 1414 3477 xxxv‘

115 3562 347 3639 conveniatur,
371 3571 460 3645 etque
479 3560 514 3624 iis
534 3560 696 3624 rationibus
715 3561 850 3624 inductus
867 3573 1022 3625 creaturae
1047 3583 1153 3626 troruen
1178 3563 1214 3624 od
1239 3561 1285 3624 dei

115 3661 214 3728 dilium
233 3664 446 3727 accommodari
462 3683 549 3748 posse
569 3663 624 3728 sibi
645 3663 831 3746 persuadeat,
856 3675 941 3748 etque
960 3665 1000 3728 ite
1017 3666 1198 3750 profiteatur.
1232 3661 1286 3726 lit·

114 3767 203 3831 enim
221 3767 305 3830 huius
324 3766 409 3829 uobis
426 3764 630 3851 appellationis
648 3786 732 3828 usum
756 3778 845 3852 etque
868 3766 1031 3851 explicatos
1055 3766 1186 3830 rationes
1207 3767 1288 3828 adle-

114 3879 205 3934 reot.
249 3866 326 3932 Nom
351 3868 399 3931 ille
418 3869 532 3952 quidem
556 3868 652 3930 omnio
677 3889 730 3954 per
752 3870 936 3933 catachresin
963 3879 1158 3954 usurpentur,
1191 3889 1287 3952 neque

113 3969 175 4037 lilii
195 3971 374 4034 divinitatem
391 3971 546 4056 impetunt,
562 3980 613 4034 eut
629 3969 708 4033 illius
723 3973 883 4035 essentiam
900 3993 916 4034 u
935 3983 1056 4056 paterne
1073 3973 1129 4034 ulle
1147 3991 1185 4033 ex
1205 3982 1288 4056 parte

115 4073 253 4138 deficere
276 4086 415 4157 arguunt.
462 4071 537 4138 Sive
560 4078 647 4135 tortere
662 4085 804 4153 vocetur,
836 4074 972 4158 quoniam
994 4096 1046 4160 per
1062 4074 1141 4136 illum
1159 4074 1289 4157 ingredi·
1301 4085 1441 4144 teneatue

115 4197 208 4255 mur,
232 4177 296 4240 siue
312 4182 374 4251 orte,
400 4176 537 4260 quonium
558 4176 720 4261 peripsum
739 4175 939 4254 ambulamus,
965 4178 1028 4238 sive
1046 4179 1185 4250 columna,
1210 4177 1287 4261 quod
1301 4190 1443 4245 totamm.

113 4279 261 4346 veritatis
277 4280 491 4343 firmamentum
515 4279 565 4342 ille
581 4277 637 4357 sit,
667 4281 732 4344 sive
750 4282 854 4353 nuder,
880 4281 955 4364 quod
973 4276 1124 4343 israelitas
1141 4291 1279 4366 protexe-
1294 4293 1365 4338 moa.
1380 4293 1415 4338 tr.

108 4436 152 4488 Et
171 4434 302 4485 Comordur
315 4437 397 4498 uertit,
424 4433 493 4501 Fuge
511 4432 602 4484 rualem
626 4431 690 4483 hanc
758 4433 783 4484 2
801 4427 821 4500 ἤ
838 4449 893 4486 τινα
910 4437 993 4496 rcrtpst
1013 4448 1057 4496 pro
1073 4431 1130 4494 itu,
1156 4437 1218 4500 quod
1235 4437 1289 4486 ttort

111 4500 272 4570 opinionem
290 4507 340 4553 cett.
723 4505 850 4566 motorum·
870 4505 966 4554 Petocto
978 4505 1069 4566 ptocut't
1085 4505 1138 4561 nol.

1008 4590 1086 4656 tt*
