3168 4942
369 181 506 232 ruhault
524 183 631 234 [allidi.
648 183 732 235 ΤΟΜ.
744 184 775 234 ll.
794 183 894 234 thili.
908 183 1003 234 trttx.
1210 175 1268 236 711

105 301 187 364 haec
200 300 307 366 animis
324 301 433 364 restris
448 300 556 366 iniecta
572 301 713 386 cogitatio
730 305 796 367 esti
818 299 854 368 Si
867 302 999 368 dixerint
1013 303 1088 366 hanc
1105 301 1270 406 inquirendi

104 404 189 467 viam
209 424 275 466 cuna
301 413 381 465 recta
407 403 520 466 ratione
545 415 774 468 consentaneam
793 404 904 482 rideri,
938 416 997 468 tum
1023 425 1077 469 nos
1103 415 1206 470 contra
1227 407 1271 470 sic

104 505 295 588 nrgehinusc
328 505 442 569 Audire
464 525 504 568 en
522 505 607 569 vohis
625 506 757 590 cupimus
775 527 843 570 num
861 506 897 570 de
915 507 1003 571 rehrrs
1020 506 1149 586 restris,
1173 529 1211 572 an
1234 509 1272 571 de

104 607 155 672 his
173 628 249 690 qnae
265 609 301 670 ad
317 607 402 670 deum
425 607 574 692 pertinent
590 607 631 670 ita
649 607 797 690 cogitetis.
843 606 1087 694 Respondehuot·
1102 618 1202 694 utpote
1222 629 1269 672 ra·

104 710 190 772 tione
206 709 328 794 praediti
344 709 381 772 da
397 708 504 773 divinis
527 729 562 772 ea
578 729 611 772 se
630 708 809 792 cogitatione
829 710 997 793 concipere.
1043 709 1165 776 Nihilne
1183 731 1268 789 raro,

103 810 310 888 subiiciemus,
329 811 401 874 deus
419 809 455 874 ab
472 821 571 876 restra
588 811 766 889 conditione,
789 822 893 876 natura
912 824 941 874 et
958 812 1089 879 essentia
1104 811 1270 897 discrepat?

101 911 179 976 Non
196 933 354 995 negamus,
387 909 532 996 inquiunt.
578 909 611 976 Si
638 911 728 996 igitur
753 913 830 976 iuter
851 914 897 978 dei
922 925 1053 978 naturam
1082 935 1116 978 ac
1136 924 1268 978 nostrum

101 1015 250 1092 interest,
282 1013 404 1097 primum
430 1024 534 1078 natura
558 1024 657 1078 vestra
681 1035 739 1078 uon
758 1025 855 1099 potest
878 1015 908 1078 in
927 1016 983 1080 dec
1006 1015 1268 1102 comprehendere,

103 1137 185 1200 qnae
202 1115 279 1178 omni
296 1115 560 1198 comprehensione
582 1115 691 1179 maiora
709 1127 789 1180 sunt.
827 1113 942 1180 Deinde
962 1117 1080 1203 impium
1098 1127 1144 1180 est
1160 1138 1200 1180 ex
1216 1138 1269 1181 vo·

103 1218 154 1282 his
168 1227 255 1301 atque
270 1237 311 1280 ex
327 1226 430 1280 natura
448 1228 548 1282 vestra
565 1219 599 1280 de
617 1218 672 1280 deo
687 1217 886 1282 coniecturam
906 1238 1023 1302 capere.
1068 1217 1151 1282 Nam
1167 1219 1197 1282 in
1216 1239 1269 1283 nc·

104 1319 154 1382 his
173 1319 288 1405 quidem
304 1319 380 1402 quod
397 1319 604 1387 nondumerat
621 1319 763 1404 gignitur,
782 1320 919 1404 quoniam
938 1331 968 1383 et
985 1319 1103 1406 ipsimet
1114 1320 1268 1406 aliqnando

103 1445 166 1486 non
185 1421 304 1498 fuimns,
329 1431 356 1484 et
374 1441 391 1484 a
408 1421 577 1505 pareutihus
595 1421 717 1499 nostris,
735 1422 782 1505 qui
804 1435 832 1484 et
850 1421 905 1507 ipsi
924 1422 1080 1506 aliqnando
1095 1444 1153 1486 non
1168 1433 1266 1502 erant,

102 1523 259 1610 propagati
278 1523 483 1606 procreatione
498 1544 617 1602 surmus,
642 1525 805 1608 eademqne
822 1525 950 1588 omnium
969 1524 1116 1588 hominum
1135 1523 1170 1588 ad
1186 1525 1267 1588 Ada-

102 1647 184 1689 mum
208 1645 300 1710 usque
318 1625 448 1688 conditio
464 1635 521 1688 est.
569 1625 701 1689 addamus
725 1647 813 1711 porro
830 1649 894 1690 cum
919 1625 1075 1710 aliquando
1096 1647 1154 1690 non
1173 1637 1266 1706 esset,

103 1749 123 1792 e
150 1739 228 1792 terra
254 1728 411 1812 productus
438 1738 495 1790 est.
543 1726 641 1790 Terra
657 1747 730 1791 vero
753 1728 788 1790 de
808 1727 898 1792 nihilo
918 1739 1039 1808 creata,
1071 1727 1268 1812 nequeenim

101 1851 223 1915 semper
240 1827 350 1892 extitit.
395 1829 436 1894 At
453 1829 525 1892 daras
551 1839 635 1912 pater
659 1841 799 1914 perpetuo
820 1830 889 1908 luit,
922 1830 1068 1913 talemque
1087 1829 1181 1914 qualis
1203 1839 1269 1893 erat

103 1934 170 2016 ipso
185 1942 289 1996 natura
306 1931 395 1996 lilium
413 1931 527 2014 genuit.
574 1929 656 2012 Ergo
679 1942 709 1994 et
729 1952 846 2017 semper
866 1930 1044 1994 existentem
1061 1931 1182 2016 gennit,
1207 1953 1266 1994 non

103 2045 243 2118 unquam
267 2035 388 2096 fratrem
409 2033 552 2116 aliquem,
585 2034 636 2096 sed
659 2053 676 2096 a
698 2053 783 2111 sese,
815 2032 856 2096 uti
876 2032 956 2112 dixi,
984 2033 1132 2118 genitum,
1158 2054 1193 2098 ac
1215 2053 1267 2098 na·

105 2146 171 2200 tura
193 2136 239 2200 sni
265 2135 408 2214 similem,
441 2135 588 2198 dominum
611 2135 802 2213 exdomino,
835 2137 920 2200 deum
946 2135 1073 2215 dedeo,
1107 2133 1192 2212 deum
1216 2155 1268 2200 re-

104 2260 170 2302 rnm
188 2238 224 2300 de
242 2238 297 2302 deo
313 2257 397 2300 vero.
431 2238 478 2302 Ac
497 2257 698 2320 quaecumque
717 2237 753 2301 de
768 2247 850 2322 patre
867 2237 1006 2320 cogitarit
1020 2236 1139 2322 aliquis,
1163 2236 1266 2302 eadem

105 2342 142 2404 de
170 2340 231 2404 lilio
256 2340 412 2422 cogitanda
435 2349 520 2415 sunt,
556 2351 585 2401 et
607 2357 807 2424 quaecumque
824 2337 863 2402 'de
879 2339 941 2402 lilio
959 2339 1138 2417 credideris,
1162 2337 1266 2402 eodem

104 2442 193 2504 modo
211 2443 246 2505 de
262 2452 344 2524 patre
363 2442 516 2504 sentienda
535 2451 614 2504 sunt.
653 2441 705 2504 Sic
721 2442 797 2504 enim
816 2437 955 2505 Christus
972 2441 1107 2504 dominus
1123 2461 1158 2503 ea
1176 2441 1211 2503 de
1233 2460 1267 2504 re

104 2553 250 2608 testatur:
276 2546 399 2622 Qur'aoa
414 2547 506 2604 eredit
526 2548 555 2604 r'n
566 2545 682 2623 filiium,
707 2547 782 2604 secut
801 2547 893 2606 credit
912 2548 941 2604 in
953 2554 1066 2622 patrem
1075 2587 1085 2616 ,
1109 2565 1161 2606 nec
1177 2546 1266 2606 hono·
1278 2552 1418 2610 loun-tm

103 2648 269 2726 ratfilium,
295 2657 327 2705 ut
344 2649 467 2706 honorat
476 2657 605 2725 putrere,
630 2649 676 2706 iro
691 2649 739 2707 dei
755 2656 848 2706 monet
861 2666 947 2725 cuper
960 2647 1070 2724 tirsum,
1096 2644 1122 2708 id
1139 2646 1216 2728 qnod
1234 2644 1264 2708 in

106 2746 263 2828 euangelio
289 2747 406 2828 legitur.
454 2745 501 2808 Ex
527 2767 584 2829 quo
613 2747 710 2810 inanis
734 2745 850 2810 illorum
874 2745 1022 2809 cavillatio
1049 2756 1079 2810 et
1105 2746 1266 2810 ratiocina-

105 2848 147 2911 tio
166 2848 312 2926 eoncidit3
345 2849 369 2911 si
388 2847 503 2931 quidem
522 2851 593 2910 deus
615 2847 919 2932 incomprehensibilis
938 2848 1263 2932 incomprehensibilem

103 2951 225 3036 perinde
252 2951 337 3014 derum
365 2961 433 3012 ante
459 2951 559 3013 secula
587 2949 685 3014 omnia
713 2961 903 3034 temporaque
927 2949 1040 3032 genuit.
1087 2949 1130 3012 lta
1153 2951 1264 3014 nullum

103 3063 215 3138 patrem
239 3051 316 3115 inter
340 3073 374 3114 ac
400 3051 490 3114 lilium
511 3051 697 3116 intervallum
717 3052 830 3136 concipi
853 3050 958 3130 debet,
989 3051 1041 3112 scd
1058 3051 1144 3116 simul
1163 3061 1193 3115 ct
1215 3074 1265 3136 pa-

103 3163 179 3221 trem
195 3154 352 3236 intelligis,
377 3165 405 3214 at
424 3153 510 3216 simul
532 3153 642 3232 iilinm;
674 3153 759 3217 simul
777 3152 911 3215 nominas
927 3152 1039 3230 lilium,
1061 3153 1147 3217 simul
1165 3164 1265 3218 osten·

104 3255 151 3320 dis
170 3267 199 3317 et
215 3266 338 3340 patrem.
385 3253 532 3318 Nimirum
554 3267 584 3318 et
602 3276 642 3318 ex
660 3266 742 3340 patre
766 3255 845 3320 lilius
865 3254 1053 3338 intelligitur,
1087 3264 1116 3317 et
1139 3275 1180 3320 ex
1203 3255 1265 3319 filio

102 3359 293 3440 cognoscitur
310 3367 403 3442 pater.
451 3353 509 3438 Qui
533 3367 631 3441 potest
645 3358 722 3419 enim
745 3357 823 3421 lilius
846 3375 931 3436 esse,
955 3356 981 3418 si
998 3366 1109 3442 patrem
1132 3379 1192 3422 non
1214 3357 1266 3422 ha·

102 3459 175 3522 hell
205 3471 254 3523 aut
274 3470 373 3542 pater,
398 3457 425 3522 si
444 3458 535 3521 hlium
555 3479 612 3520 non
634 3457 747 3541 genuit.
793 3456 990 3541 Quaradonam
1008 3479 1080 3521 vero
1099 3470 1183 3544 pater
1205 3481 1265 3522 non

103 3561 241 3645 appellari
259 3572 343 3646 pater
362 3570 475 3644 potest,
499 3571 549 3622 aut
572 3559 651 3624 lilius
676 3581 734 3622 non
753 3559 853 3624 uocari
872 3560 967 3636 lilius,
992 3570 1024 3623 ut
1040 3560 1105 3622 sine
1128 3561 1191 3622 [ilio
1214 3582 1265 3645 pa·

103 3673 150 3726 ter
168 3673 323 3746 utcumque
347 3665 441 3748 possit
462 3661 602 3748 intelligi,
627 3672 677 3724 aut
696 3660 860 3724 istiusmodi
881 3660 972 3744 fingi,
1003 3671 1035 3722 ut
1053 3660 1264 3745 progressione

102 3764 227 3847 quadam
245 3767 319 3827 lacta
337 3766 428 3828 hlium
445 3777 546 3848 postea
566 3763 713 3846 genuerit,
732 3783 766 3825 ac
778 3762 883 3824 deinde
900 3783 965 3824 cum
980 3761 1129 3845 genuerit,
1147 3761 1200 3826 lilii
1216 3783 1265 3846 pa·

103 3877 150 3928 ter
166 3867 304 3951 appellari
316 3866 439 3944 debeat3
463 3866 545 3950 quasi
559 3865 719 3928 divinitatis
736 3883 937 3948 progressum,
955 3863 995 3926 uti
1007 3862 1081 3941 dixi,
1101 3863 1266 3950 qnempiam

102 3969 243 4053 adeptus,
268 3989 333 4032 cnm
357 3979 451 4030 tamen
471 3967 510 4028 ita
531 3968 678 4051 perlectus
695 3965 734 4030 sit
753 3977 785 4028 ut
801 3966 925 4050 amplius
944 3965 1046 4049 perlici
1060 3968 1207 4049 nequeat?

187 4067 248 4132 Sed
265 4089 381 4132 rursum
406 4068 440 4132 ad
459 4069 535 4133 aliud
553 4079 756 4152 argumentum
781 4069 970 4152 confugiunt,
995 4077 1024 4130 et
1040 4067 1263 4131 saluberrimum
1308 4083 1369 4149 cap.

102 4171 173 4234 illud
195 4171 355 4234 remedium
373 4181 460 4252 atque
477 4171 656 4248 antidotum,
681 4169 736 4234 hoc
753 4179 798 4232 est
816 4169 898 4248 fidei,
924 4191 1010 4255 quam
1025 4180 1130 4233 sancta
1148 4169 1194 4233 dci
1213 4190 1263 4232 ec·
1297 4151 1384 4204 Lxx.

101 4273 193 4336 alesia
215 4272 375 4357 praedicat,
399 4271 575 4335 soliditatem
599 4293 633 4335 ac
649 4272 815 4336 firmitatem
835 4292 851 4334 a
870 4271 976 4358 seipsis
994 4281 1137 4335 excutere
1155 4292 1266 4335 conuu-

102 4386 167 4454 tnr‚
198 4385 287 4458 atque
309 4374 384 4438 hunc
405 4373 433 4437 in
449 4375 564 4438 modum
586 4375 697 4438 instare
714 4374 823 4438 solent.
869 4372 955 4442 Unde
980 4373 1084 4455 nohis,
1114 4373 1262 4462 inquiunt,
