3186 4928
371 270 507 323 ususuu
525 271 588 322 uro.
601 272 632 322 ιι.
650 273 731 324 rou.
746 275 778 323 ιι.
796 273 896 324 unua.
913 273 1005 326 uxvt.
1207 265 1270 327 419

113 413 148 457 ae
167 393 308 470 stitisset,
333 401 364 454 et
379 392 414 454 ad
434 391 530 455 omnia
551 413 625 476 quae
647 393 814 476 quaesierat
830 391 998 476 siom'llatim
1016 415 1069 478 pro
1086 415 1121 460 ea
1143 417 1229 480 quam
1252 417 1268 460 a

3 529 5 558 ι
113 497 170 559 deo
187 505 342 582 acceperat
365 494 509 578 snpientia
527 495 744 580 respondisset,
775 507 861 580 atque
884 495 1072 579 impostorem
1092 497 1186 562 lenius
1209 500 1270 583 agi-

112 609 207 676 taret,
237 599 311 683 apud
335 617 368 660 se
391 596 522 662 nonnihil
545 597 710 678 haesitans,
743 610 864 683 repente
887 599 1053 662 Archelaus
1076 601 1269 685 necopinato

113 710 288 786 conspectus
304 711 360 777 est,
387 700 435 783 qni
453 711 588 784 tauquam
606 702 768 765 acerrimus
785 701 994 786 paterfamilias
1012 721 1188 787 suommque
1208 713 1269 767 stu·

3 843 5 872 ι
113 803 296 868 diosissimus
313 803 452 866 audacter
466 803 495 865 in
514 803 690 887 praedonem
712 805 841 868 fremens
858 803 992 868 incurrit.
1039 801 1134 887 Quem
1154 815 1185 868 ut
1203 801 1269 869 hla-

113 925 169 970 oes
192 908 325 990 aspexit,
349 903 483 970 simulata
508 904 666 986 blanditia,
700 903 772 970 Siue
793 927 859 984 me,
889 905 1000 989 inquit,
1030 927 1094 970 cum
1110 904 1269 992 Tryphone

2 1051 7 1083 :
111 1010 309 1073 eontendere:
334 1007 459 1072 tuenim
475 1029 524 1070 me
544 1031 608 1072 cum
627 1008 669 1072 sis
693 1009 847 1094 episcopus
870 1008 1164 1094 dignitatesuperas.
1210 1010 1269 1072 hr-

3 1155 8 1186 ,
111 1110 232 1175 chelaus
250 1132 341 1191 vero,
366 1131 405 1176 ex
428 1131 464 1174 eo
482 1111 557 1194 quod
581 1111 638 1174 iam
662 1111 740 1176 illius
758 1113 863 1194 dogma
887 1113 1067 1176 conlutatum
1092 1122 1157 1176 erat
1179 1113 1268 1175 multo

3 1257 9 1274 .
111 1235 199 1298 quam
216 1214 316 1278 verbis
331 1213 455 1299 exprimi
473 1224 573 1299 posset
587 1213 742 1278 simulandi
761 1214 940 1278 callidiorem
958 1235 1023 1278 esse
1043 1215 1151 1292 docuit,
1177 1235 1268 1298 osque

3 1359 9 1396 ,-
110 1315 154 1379 illi
172 1336 293 1399 prorsus
309 1317 444 1380 occlusit.
492 1315 569 1380 'l'um
590 1337 662 1401 quae
683 1315 719 1380 ab
736 1317 785 1380 illo
802 1317 951 1402 proposita
971 1317 1087 1381 lucrant
1101 1317 1268 1383 dissolvens

3 1465 8 1498 ,
110 1439 221 1482 norum
239 1420 265 1483 ei
284 1421 422 1505 pudorem
439 1420 573 1498 incussit,
598 1439 662 1482 cum
679 1439 716 1482 ue
732 1419 846 1482 hiscere
864 1419 979 1503 quidem
995 1419 1119 1504 amplius
1133 1420 1265 1484 auderet.

3 1573 5 1600 ,
111 1515 177 1586 Sub
202 1521 274 1584 baec
295 1522 418 1608 popolus
437 1521 607 1586 ardentibus
630 1543 746 1586 rursum
763 1521 868 1586 animis
892 1522 1049 1618 spelestum
1067 1521 1147 1586 illum
1171 1523 1268 1607 oppri-

3 1677 7 1708 ,
111 1643 194 1686 mere
213 1635 336 1688 conatos
359 1635 416 1690 eat.
462 1621 594 1707 Quorum
617 1623 665 1688 ille
684 1645 787 1688 manos
804 1624 948 1708 effugiens
967 1625 1004 1688 ad
1022 1624 1173 1688 castellum
1192 1627 1269 1688 Ara·

110 1725 208 1790 hionis
229 1747 370 1792 reuersus
393 1739 449 1792 est.

198 1827 258 1894 Sed
276 1827 434 1894 Persarum
454 1849 510 1894 rex
528 1842 676 1915 comperta
695 1827 862 1894 Manichaei
887 1832 954 1914 luga
976 1829 1075 1894 missis
1093 1829 1267 1894 satellitibus
1287 1829 1347 1898 ⁰²1³·
1361 1831 1422 1886 ΧΗ·

3 1989 5 2020 ,
112 1931 141 1994 in
165 1932 268 1996 eodem
291 1932 341 1996 ille
361 1933 484 1996 castello
504 1933 745 2018 comprehensum
767 1932 912 1996 bominem
933 1932 1130 2017 ignominiose
1148 1933 1178 1996 in
1194 1931 1268 1997 Per·

3 2093 5 2110 ἰ
110 2033 205 2097 sidem
219 2034 357 2115 abduxit,
382 2035 431 2100 uhi
447 2035 560 2098 calamo
577 2046 644 2099 cute
661 2035 807 2113 detracta,
833 2035 964 2100 ultimum
982 2037 1017 2098 de
1036 2055 1075 2098 eo
1095 2036 1266 2122 supplicium

3 2168 5 2178 =
109 2137 245 2221 sumpsit.
289 2134 387 2220 Quam
410 2139 524 2222 quidem
547 2148 641 2201 cutem
663 2137 735 2202 utris
755 2137 786 2200 io
805 2137 938 2214 modum,
963 2137 1077 2202 iniartis
1099 2138 1207 2223 paleis,
1231 2139 1266 2201 arl

112 2239 285 2302 hodiernum
303 2241 378 2304 diem
395 2241 425 2303 iu
443 2238 565 2304 Perside
583 2251 717 2304 servoot.
763 2237 850 2302 Hunc
870 2239 960 2323 igitur
982 2240 1031 2304 ille
1054 2240 1165 2304 exitum
1187 2241 1267 2305 vitae

110 2353 289 2406 consecutus
314 2353 370 2406 est.
417 2338 464 2407 0t
489 2344 516 2406 id
536 2340 701 2408 Manichaei
723 2341 839 2405 lectulis
862 2343 924 2407 suis
943 2341 1114 2406 arundiuem
1136 2343 1266 2408 subster-

110 2456 198 2508 nuut.
243 2443 327 2530 Ergo
341 2444 390 2510 ille
407 2445 450 2509 sio
469 2457 601 2508 mortuus
618 2467 670 2509 eos
693 2467 766 2530 quos
784 2444 846 2509 dixi
867 2444 1025 2530 discipulos
1048 2445 1182 2529 reliquit,
1204 2445 1267 2508 Ad-

4 2615 8 2640 k
108 2547 191 2626 dam,
216 2545 362 2612 'l'homam
378 2559 409 2612 et
425 2545 599 2626 Hermeam,
623 2569 697 2632 quos
712 2559 867 2632 autequam
883 2547 934 2612 illo
950 2548 1053 2610 mortis
1070 2569 1180 2632 genere
1196 2569 1266 2633 poe·

109 2666 168 2712 uas
189 2648 299 2729 lueret,
328 2651 411 2714 varia
433 2651 463 2714 in
489 2651 554 2714 loca
576 2649 737 2714 dimiserat.
782 2649 929 2714 Hennaeas
950 2651 1026 2714 eninr
1048 2651 1078 2714 in
1098 2651 1264 2736 Aegyptum

4 2817 7 2842 Ι
108 2753 343 2837 profectusum,
368 2775 427 2837 quo
442 2773 507 2817 eum
525 2752 655 2837 plerique
675 2752 788 2817 versati
804 2765 883 2817 suut.
928 2749 1035 2838 Neque
1051 2753 1128 2816 euim
1146 2754 1266 2837 antiqua

4 2843 6 2848 ¹
107 2865 159 2917 est
177 2854 329 2920 admodum
349 2855 421 2920 haec
443 2853 592 2934 haeresis,
618 2856 691 2919 adeo
710 2866 742 2920 ut
764 2855 812 2939 qui
829 2877 894 2920 cunr
913 2853 1041 2922 Hermen
1057 2853 1158 2920 Manis
1179 2856 1265 2918 disci·

5 3027 7 3042 ἶ
106 2955 182 3042 pulo
211 2957 348 3022 collocuti
377 2969 446 3022 sunt
477 2957 561 3022 nobis
588 2979 662 3043 quae
688 2959 723 3021 ad
751 2959 830 3022 illum
859 2959 1044 3046 pertinebant
1068 2956 1263 3022 narraverint.

5 3135 6 3140 γ
106 3059 214 3123 Addas
235 3061 265 3123 in
290 3060 471 3146 superiorem
490 3061 642 3146 regionem
661 3060 748 3142 abiit,
774 3061 907 3124 Thomas
923 3063 953 3124 in
973 3059 1121 3125 iudaeam.
1167 3061 1266 3145 Atque

105 3162 203 3226 abiis
220 3174 302 3226 secta
322 3162 372 3227 illa
394 3164 428 3228 ad
447 3163 618 3228 hodiernum
639 3183 731 3248 usque
751 3165 826 3228 diem
845 3165 925 3228 vires
946 3174 1034 3248 atque
1055 3163 1265 3228 incrementum

107 3263 225 3328 habuit.
259 3260 400 3330 Ceterum
417 3263 523 3330 Manes
540 3265 672 3349 spiritum
689 3285 724 3330 se
741 3286 809 3330 esse
825 3267 1002 3351 paracletum
1020 3266 1184 3330 asserebat.
1218 3267 1264 3330 Ac

104 3387 320 3452 nonnunquam
341 3369 503 3454 apostolum
528 3389 561 3432 ae
585 3389 652 3432 esse
673 3365 803 3446 Christi,
833 3367 906 3433 alias
932 3369 1109 3454 paracletum
1133 3369 1264 3455 spiritum

104 3469 272 3557 praedicat.
308 3469 557 3557 Estqucprcrsus
571 3469 703 3534 insolens
718 3482 750 3534 et
764 3471 889 3536 absurda
906 3471 1058 3536 excaecati
1076 3471 1204 3536 hominis
1215 3471 1265 3534 illa

104 3591 277 3658 persuasio.

197 3671 258 3738 lam
275 3695 347 3739 vero
364 3695 488 3740 neeesse
507 3686 555 3739 eat
571 3685 604 3742 ιιι
617 3676 755 3762 deinceps
771 3675 913 3740 aduersus
935 3676 1009 3740 hanc
1028 3675 1162 3740 haeresin
1181 3673 1264 3739 stoli·
1277 3672 1418 3740 capxttt.

101 3779 206 3862 daque
229 3775 307 3841 illios
326 3779 444 3842 decreta
464 3779 655 3864 disputemus.
701 3775 778 3842 Nam
802 3799 875 3864 quae
897 3779 1038 3844 hactenus
1060 3777 1188 3842 diximus
1203 3761 1266 3840 =ou·

101 3881 179 3944 dam
204 3877 239 3942 de
256 3879 307 3944 illo
329 3879 478 3946 historiam
497 3881 660 3946 contiueat.
705 3880 754 3943 Ab
777 3901 814 3944 eo
833 3881 922 3964 igitur
946 3881 1094 3946 ordiemur
1114 3880 1190 3963 quod
1214 3879 1264 3942 do-

101 3981 197 4046 cendi
219 4003 253 4044 ac
276 3982 422 4048 scribendi
441 3983 612 4068 dicendique
632 3981 745 4046 initium
768 3985 890 4068 sumpsit
910 3981 1141 4070 improbissimus
1157 3978 1264 4045 Manes

99 4087 139 4150 im
156 4103 194 4148 eo
211 4083 286 4147 libro
302 4105 387 4170 quem
406 4086 442 4150 de
456 4083 530 4150 Fide
544 4083 680 4171 scripsit;
704 4083 794 4148 libros
811 4085 887 4149 euim
904 4087 1004 4150 varios
1021 4085 1121 4163 edidit,
1142 4107 1263 4169 quorum

99 4205 188 4254 unus
214 4185 316 4270 viginti
340 4188 442 4252 dues
434 4211 463 4252 ru
486 4199 586 4276 partas
606 4185 777 4252 distributus
796 4195 858 4266 est,
887 4187 1068 4273 alphabetico
1086 4187 1189 4252 ordine
1211 4208 1263 4273 pro

149 4321 211 4374 (ln.
228 4323 342 4373 xlt—
378 4324 400 4375 1.
424 4318 543 4392 ἀρχαΐζου
528 4339 578 4378 ose
597 4337 672 4374 emen·
740 4323 764 4374 2
780 4318 871 4378 ἰΙδιαι
884 4325 1066 4406 ronipilPelop.
1082 4325 1263 4378 exTheodcreto.

98 4395 196 4446 dutum
212 4397 245 4442 eat
261 4405 278 4440 o
295 4393 408 4443 canario
422 4397 443 4442 et
457 4395 560 4444 Petomocr'o.
585 4395 673 4455 Scripta
739 4389 763 4442 3.
780 4386 873 4446 τούτωι
890 4395 986 4455 carpet,
1011 4385 1098 4447 τούτου
1121 4391 1176 4445 adid
1199 4397 1262 4444 ιιιιι.

98 4461 469 4524 annumerarentur.
494 4463 577 4512 hubent
601 4457 675 4530 α’χιιΐ·
743 4459 947 4512 Cuerlln-
992 4462 1013 4512 l
1037 4457 1114 4515 edroi
1138 4475 1184 4514 om.
1210 4463 1262 4512 rod.

101 4531 1022 4664 coessentialem
1040 4598 1058 4639 *
