3186 4928
350 261 412 324 364
779 269 1090 324 ειασοιεειειιιττιι

352 388 538 456 ἐνδύσασθαι
554 386 740 475 ἀφθαρσίαν·
763 390 814 454 καλ
828 386 886 454 ούιι
900 385 963 456 ιίιοι
976 387 1009 456 τό
1022 385 1139 470 θνητόν
1153 385 1254 471 μόνον,
1274 386 1347 455 ούδδ
1356 386 1390 454 τό
1405 397 1501 474 φθαρ

352 489 405 558 τόν
431 491 539 576 μόνον,
567 489 637 558 ούδέ
662 489 717 575 την
743 488 898 556 ἀθάνατον
923 490 1041 575 ψυχὴν,
1070 489 1154 571 ἀλλά,
1187 489 1227 558 Τό
1248 489 1386 577 φθαρτόν
1406 499 1502 578 τοῦτο,

352 591 424 677 μετά
441 592 617 680 προςθήκης
631 601 684 677 τῆς
702 600 815 674 Τοῦτο,
836 593 904 673 καί,
931 592 971 660 Τό
989 592 1104 677 θνητόν
1117 601 1224 672 τοῦτο,
1245 591 1315 676 μετά
1329 592 1503 680 προςθήιης

353 705 406 780 τῆς
425 704 530 763 Τοῦτο.
573 695 674 773 Αύτός
689 689 746 762 σύν
766 695 857 772 ιλάλος
872 693 891 763 ό
908 695 1020 772 κόκκος
1036 693 1131 764 ούτοδ
1148 694 1264 780 ἀνέστη·
1286 697 1338 760 ιιαλ
1358 697 1396 762 ού
1419 698 1503 782 μέρος

351 798 476 883 ἀνέστη,
507 797 579 864 ἀλλά
604 798 697 876 2ίίλος
720 796 840 882 ἀνέστη·
870 801 922 864 καλ
942 797 999 866 οόκ
1022 797 1108 877 ἀλλος
1125 797 1238 875 κόκκος
1259 797 1340 886 παρά
1359 798 1414 864 τόν
1435 797 1503 865 ὄντα

352 900 474 985 ἀνέστη,
497 901 555 968 ἀλλ’
573 899 699 979 αύτόςό
721 900 818 968 πεσοίν
838 903 929 998 ίητῷ
948 901 1078 986 μνήματι
1097 901 1191 980 Ιι’ίλος
1207 899 1320 984 ἀνέστη.
1363 903 1423 968 Καὶ
1446 907 1504 966 στοά

354 1003 445 1088 ίσχύει
462 1025 517 1072 σου
534 1002 555 1088 ἡ
570 1009 755 1085 κενοφωνίας
799 1003 865 1070 Δύο
879 1003 935 1091 γάρ
950 1004 1082 1082 κόκκους
1095 1003 1176 1072 οίδεν
1194 1002 1297 1088 ἡθεία
1310 1003 1411 1091 γραφή
1428 1008 1501 1090 εὶρη

287 1135 294 1149 ·
353 1109 478 1191 μένους,
508 1109 560 1172 ἕνα
579 1109 612 1172 έν
630 1115 672 1195 τῷ
690 1105 863 1196 εύαγγελίφ,
891 1109 942 1173 καλ
960 1110 1013 1174 ένα
1034 1107 1117 1194 παρά
1136 1115 1179 1197 τῷ
1202 1105 1363 1196 ἀποστόλρι.
1406 1103 1505 1172 Κολό

353 1211 408 1290 μέν
429 1212 473 1285 είς
488 1207 542 1292 τὴν
558 1215 657 1274 πᾶσαν
674 1209 838 1292 σαφήνειαν
861 1213 948 1292 δηλοῖ
964 1209 1040 1276 κατά
1055 1209 1092 1276 τά
1110 1215 1223 1287 τελείως
1239 1212 1272 1276 έν
1291 1208 1371 1299 αύτῷ
1391 1212 1505 1296 ένεργη-

355 1314 463 1377 θέντα·
486 1312 560 1399 ὅπερ
576 1315 637 1378 έστλ
655 1311 852 1399 πρωτότυπον
865 1319 919 1396 τῆς
933 1310 1127 1391 ἀναστάσεως.
1175 1319 1268 1379 Τοῦτο
1288 1311 1344 1398 γάρ
1358 1314 1410 1380 καλ
1425 1311 1503 1378 διδά-

346 1435 433 1480 σκων
447 1417 499 1480 καί
518 1423 612 1481 ποιῶν
633 1413 651 1480 ό
667 1413 765 1502 σωτὴρ
782 1414 819 1480 τά
836 1413 933 1482 πάντα
954 1412 1022 1499 ἡμῖν
1040 1419 1082 1492 εἰς
1100 1415 1283 1503 παράστασιν
1302 1419 1430 1499 βεβαίως
1451 1419 1504 1500 είρ-

352 1516 465 1604 γάσατο
480 1513 583 1594 εόθύς.
617 1516 720 1603 Ἔλεγε
734 1515 790 1604 γάρ
807 1519 876 1604 περὶ
891 1525 945 1584 τοῦ
958 1517 1072 1584 κόκκου
1087 1522 1139 1585 καλ
1150 1527 1205 1584 τοῦ
1223 1521 1355 1605 *ἐγεῖραι
1371 1516 1424 1582 τόν
1436 1515 1505 1584 κόν·

223 1649 276 1694 με.
289 1637 334 1686 εει.
351 1645 422 1700 κον,
444 1624 495 1685 ἰ’να
509 1617 582 1704 ἡμῖν
594 1620 649 1704 τὴν
665 1626 763 1688 πίστιν
782 1629 836 1704 τῆς
854 1623 971 1697 έλπίδος
991 1620 1140 1712 βεβαιάση
1156 1629 1210 1706 τῆς
1223 1619 1308 1705 ἡμάν
1323 1619 1506 1695 ἀναστάσεως

354 1725 386 1788 έν
404 1721 538 1812 ἀληθείᾳ.
580 1722 653 1789 'And
673 1723 781 1790 τούτου
797 1725 1006 1807 διαδεξάμενος
1025 1723 1043 1792 ό
1062 1723 1239 1805 ἀπόστολος,
1268 1723 1412 1806 πνεύματι
1433 1721 1504 1812 άγίμ

353 1825 535 1912 φερόμενος,
564 1825 619 1908 τὴν
638 1823 710 1910 μετά
730 1825 785 1910 τόν
803 1825 961 1892 ἀνάστασιν
979 1830 1122 1912 ἐσομένην
1142 1827 1231 1906 δόξαν
1250 1835 1309 1894 τοῖν
1331 1824 1424 1912 ἀγίων
1445 1831 1504 1908 διη-

353 1927 500 2016 γούμενος
513 1927 602 2013 ἡμῖν,
624 1931 676 1994 καλ
691 1927 745 2012 τὴν
762 1935 815 2013 τῆς
829 1927 1020 2008 ἀπολαύσεως
1032 1938 1094 1996 τάν
1107 1929 1249 2016 ἀγαθοῖν,
1271 1933 1403 1996 δείκνυσι
1419 1927 1506 1994 πάλιν

354 2029 405 2097 διά
429 2037 483 2097 τοῦ
509 2031 621 2100 κόκοιοο
644 2037 699 2098 τοῦ
719 2037 818 2111 σίτου,
850 2031 926 2098 κατά
952 2039 1013 2098 τάν
1038 2031 1170 2100 ἀπίστων
1194 2031 1504 2119 ἐπικηρυκευσάμενος.
1573 2081 1574 2088 .

354 2131 439 2198 Ἀλλά
454 2137 529 2218 έρεῖς
544 2160 611 2217 μοι,
636 2141 710 2211 Πῶς
728 2137 888 2221 ἐγείρονται
902 2138 934 2201 οί
947 2141 1063 2222 νεκροί,
1091 2141 1169 2226 ποίφ
1186 2137 1219 2202 δέ
1235 2135 1347 2219 σάματι
1361 2138 1506 2220 ίρηονται,

355 2241 416 2303 Καί
432 2260 506 2320 φησι
528 2236 605 2321 πρός
627 2236 680 2302 τόν
698 2235 735 2302 τά
752 2244 876 2302 τοιαῦτα
895 2239 1032 2322 λέγοντα,
1044 2236 1172 2320 Ἀφρον.
1216 2235 1249 2304 ‘0
1267 2237 1322 2325 γάρ
1343 2237 1422 2314 όλως
1441 2240 1505 2322 περί

352 2337 540 2417 ἀναστάσεως
569 2339 764 2423 ἀμφιβάλλου
794 2338 900 2425 ἀφρων
929 2342 987 2406 έστλ
1017 2345 1070 2407 καλ
1100 2341 1248 2418 ἀσύνετος.
1300 2338 1377 2406 EM
1406 2361 1505 2424 φησιν,

343 2440 480 2536 Ἀφρον,
504 2443 541 2510 σύ
559 2443 578 2510 ίί
593 2449 721 2528 σπείρεις
742 2440 779 2508 ού
797 2449 997 2528 ζωογονεῖται,
1019 2441 1073 2509 έάν
1089 2442 1131 2526 μὴ
1146 2439 1303 2534 ἀποθένη·
1325 2445 1378 2508 καλ
1394 2443 1412 2509 δ
1428 2447 1506 2508 σκελ-

351 2571 429 2632 ρεις,
453 2545 490 2612 ού
508 2543 541 2612 τό
559 2544 753 2632 γενησόμενον
772 2553 858 2628 σῶμα
874 2551 1015 2632 σπείρας,
1038 2545 1111 2610 ἀλλά
1127 2544 1241 2631 γυμνόν
1260 2545 1373 2612 κόκκον
1386 2549 1414 2611 εί
1426 2545 1506 2630 τύηοι
1572 2565 1573 2580 ’

352 2653 451 2727 σίτου,
472 2647 494 2732 ἢ
513 2657 574 2715 τοῖν
591 2647 685 2714 ἀλλων
705 2645 894 2732 σπερμάτων·
916 2651 968 2714 καλ
983 2647 1021 2714 ού
1035 2655 1237 2734 ζωογονεῖται,
1259 2646 1312 2716 έάν
1330 2647 1372 2732 μή
1390 2646 1504 2715 ἀποθά-

351 2779 403 2841 νη·
426 2748 444 2817 ό
460 2752 492 2816 δέ
508 2749 583 2827 θεός
598 2755 720 2817 δίδωσιν
735 2751 817 2840 αὐτῷ
835 2757 920 2832 σῶμα
936 2749 978 2828 σός
992 2749 1130 2834 ἠθέλησε,
1151 2752 1203 2816 καί
1219 2750 1331 2842 ίκάστφ
1346 2757 1409 2817 τῶν
1424 2773 1505 2836 στιερ-

353 2853 453 2937 μάτων
470 2857 549 2921 ίδιον
566 2861 659 2937 σῶμα.
703 2856 765 2918 Καὶ
787 2851 863 2944 όρᾷς
881 2853 927 2920 ότι
947 2851 1003 2920 ούκ
1022 2851 1193 2920 ἀλλάσσεται
1210 2853 1243 2919 τό
1262 2861 1355 2938 σῶμα.
1403 2853 1506 2928 Ούδελς

351 2955 408 3040 γάρ
425 2961 548 3042 σπείρας
569 2955 681 3042 κριθάς
702 2963 783 3039 ζητεῖ
802 2966 891 3022 σῖτον.
938 2953 1016 3022 Ούδέ
1038 2959 1198 3040 μελύνθιον
1216 2959 1346 3041 ἔσπειρε,
1368 2959 1423 3022 καὶ
1444 2949 1505 3040 εόρε

352 3057 479 3142 κριθὴν,
504 3057 575 3124 άλλά
592 3059 625 3124 τό
642 3058 836 3144 σπειρόμενον
856 3057 928 3126 αύτό
949 3062 1011 3126 έστι
1025 3058 1059 3126 τό
1077 3058 1272 3145 ἐγειρόμενον.
1312 3056 1386 3123 Ἐάν
1406 3061 1439 3126 δέ
1459 3061 1505 3123 καί

352 3167 540 3251 καταλειφθῇ
557 3163 587 3239 έξ
604 3161 696 3228 αὐτοῦ
719 3161 809 3246 κάτω,
822 3164 854 3228 έν
869 3170 906 3251 τῇ
928 3169 981 3252 γῇ,
1008 3167 1059 3228 καί
1083 3159 1195 3253 ἀναστῇ
1211 3165 1250 3240 ·έξ
1269 3160 1363 3228 αύτοῦ
1385 3162 1419 3228 τό
1442 3161 1505 3245 βλό·
1571 3235 1572 3246 2

352 3285 465 3346 στημα,
489 3255 547 3330 ύδε
561 3265 613 3346 μέν
628 3267 661 3330 έν
676 3264 770 3355 τούτφ
787 3271 827 3353 τῷ
842 3273 971 3352 φθαρτῷ
985 3269 1057 3354 σίτφ
1072 3267 1122 3330 καί
1138 3265 1179 3348 μή
1194 3269 1237 3342 είς
1249 3268 1345 3351 κρίσιν
1360 3267 1505 3353 έρχομένρ

351 3363 387 3432 τό
410 3367 463 3448 μίν
484 3368 681 3447 καταλειφθέν
705 3365 864 3452 ἀηρηστον,
891 3364 925 3432 τό
947 3367 980 3432 δέ
1004 3369 1035 3444 έξ
1057 3367 1151 3432 αὐτοῦ
1173 3367 1360 3454 έγειρόμενον
1379 3367 1504 3434 κάλλιον.

352 3466 495 3552 Ἠθέλησε
511 3469 543 3534 δέ
560 3473 653 3547 δεῖξαι
667 3468 722 3552 τόν
739 3467 941 3555 φαιδρότητα,
964 3467 1015 3533 διά
1030 3467 1084 3552 τὴν
1099 3467 1236 3536 ἀπιστίαν
1255 3477 1315 3536 τῶν
1331 3468 1374 3552 μή
1389 3470 1446 3554 την
1466 3473 1505 3536 έλ-

352 3575 426 3636 πίδα
442 3578 497 3636 τοῦ
512 3579 589 3637 θεοῦ
606 3571 863 3657 καραδοκούντων.
912 3568 1035 3654 Τάληθῆ
1054 3573 1108 3654 μέν
1122 3570 1178 3658 γάρ
1195 3569 1338 3648 όκόκκος
1354 3580 1411 3639 τοῦ
1427 3577 1504 3640 σίτοτ

351 3672 533 3750 λεπτότατος.
580 3681 648 3740 Ποῦ
669 3675 702 3740 δέ
719 3677 751 3740 έν
771 3682 813 3763 τῷ
827 3672 954 3764 τοιούτφ
972 3673 1072 3763 κόκκρο
1087 3681 1127 3764 τῷ
1143 3663 1327 3764 σμικροτάτῳ
1349 3678 1403 3741 καί
1424 3679 1504 3758 ῥίζαι,

351 3780 403 3844 καί
418 3775 536 3861 βάσσις,
558 3779 609 3843 καλ
631 3775 763 3859 καλάμη,
784 3779 836 3842 καλ
852 3781 886 3842 αἱ
905 3780 1069 3862 γονατίδες,
1092 3779 1142 3843 καλ
1157 3783 1190 3844 αί
1202 3783 1344 3844 τοσαῦται
1363 3778 1504 3864 σύριγγες,

350 3883 404 3946 καί
428 3885 596 3963 κεφαλίδες,
623 3881 676 3944 καί
698 3885 809 3962 θῆκαι,
837 3881 888 3945 καί
910 3875 1081 3966 άνθέριιιες,
1108 3883 1159 3946 καί
1182 3879 1287 3946 κόκκοι
1307 3873 1502 3948 πολυκλασιά-

352 3990 463 4062 ίονιειι
813 4002 817 4008 ’

206 4196 274 4266 Κεφ.
290 4195 337 4262 ἔθ’.
430 4185 496 4252 Ἵνα
519 4189 552 4254 δέ
569 4190 622 4254 καί
646 4190 827 4274 σαφέστερον
848 4191 978 4270 είπωμεν
997 4183 1033 4252 τά
1057 4187 1147 4271 ’ύμοια
1167 4184 1284 4263 τούτοις
1307 4187 1500 4275 διηγούμειοι,

352 4287 452 4354 πόθεν
464 4297 506 4379 τῷ
522 4297 653 4356 Μωύσεῑ
667 4295 722 4379 usqi
739 4298 792 4372 τῆς
807 4289 963 4374 Ἰωχαβέθ,
992 4294 1048 4380 υίῷ
1065 4299 1119 4356 τοῦ
1135 4287 1265 4376 Ἂμράμ,
1294 4287 1329 4356 τό
1350 4291 1435 4370 νύξαι
1452 4291 1500 4356 κέ·

388 4445 623 4496 en.va111.-
651 4439 913 4515 1.ο”λο’γοςμτοόλος
980 4448 1004 4500 2.
1022 4441 1038 4500 ό
1055 4443 1130 4515 λόγος
1145 4451 1200 4500 εδίί.
1214 4449 1291 4510 μήτε.

352 4515 420 4566 δοδτι
436 4515 491 4565 τδίί.
504 4517 580 4577 μήτε.
979 4515 1004 4568 δ.
1022 4511 1036 4570 ό
1054 4512 1128 4583 λόγος
1144 4518 1199 4568 edu.
1212 4517 1289 4579 μτίοτ.
