3176 4930
363 243 499 294 sannen
516 243 580 295 ure.
592 244 624 295 u.
641 243 724 296 ron.
736 244 757 294 r.
774 241 874 294 naua.
886 241 980 294 uxrv.
1190 227 1254 292 319

94 385 147 426 noa
164 365 282 426 tatano
294 383 401 426 smnus.
447 360 600 448 Martyres
616 359 765 428 Psulrnum
784 362 865 426 illurn
887 359 1088 447 pronuntient.
1134 356 1254 446 Duplex
1343 347 1349 354 ⁸

97 487 188 550 porro
207 465 443 550 triumphantium
463 477 624 551 martyrum
646 467 753 530 cleros
777 477 834 528 est.
880 464 967 528 Alter
990 462 1067 526 enirn
1087 462 1123 526 ud
1146 484 1254 527 novum

96 579 323 646 insumentum,
347 568 474 632 altered
489 579 574 632 vetus
591 568 728 653 pertinet,
753 567 932 651 quiquidem
947 567 976 628 in
993 564 1107 651 patroni
1124 586 1159 628 oc
1174 565 1255 648 regis

97 671 227 735 omniurn
250 671 296 735 dei
321 671 463 735 honorem
481 670 594 734 alterna
618 671 745 734 invicem
765 671 850 734 baius
869 669 968 754 hymni
989 667 1184 732 modulatione
1206 685 1254 730 re·

97 772 254 857 spondent.
299 775 433 838 Produati
445 795 497 836 aas
518 778 603 848 deur,
628 780 694 854 igin
710 795 762 836 nos
777 776 963 845 conmanenti,
988 776 1064 834 suut
1076 774 1256 832 annuatur

96 888 266 956 argentum.-
296 881 440 940 induenti
458 898 510 938 noa
534 881 564 938 ria
586 881 732 957 laqueum,
759 879 885 956 posuisti
902 875 1099 938 tribulationes
1120 878 1150 936 e'u
1170 876 1256 934 derso

97 990 207 1040 aaron
255 975 312 1043 Ubi
334 977 489 1043 tribunalia
508 977 660 1061 gentilium
683 999 719 1041 eo
745 978 925 1040 tentationes
945 975 1127 1059 significant,
1151 974 1257 1059 quibus

97 1080 202 1144 veneti
226 1101 260 1144 ac
284 1081 367 1148 velut
388 1083 456 1164 igne
481 1081 608 1166 percocti
634 1080 813 1145 ualidissime
839 1079 951 1164 probati
977 1087 1056 1142 sunt.
1101 1079 1193 1140 Prole
1214 1099 1257 1139 ne

97 1187 187 1257 enim,
211 1181 322 1267 iuquit,
345 1187 430 1257 deus,
455 1195 485 1246 et
502 1195 579 1246 teuta
597 1205 657 1258 rue,-
681 1205 733 1244 ure
753 1205 835 1245 renes
851 1204 926 1245 meos
941 1193 971 1244 et
988 1203 1039 1243 eor
1054 1203 1153 1261 meum.
1200 1177 1254 1242 Li·

98 1295 217 1348 enatet
241 1285 312 1350 haec
329 1285 500 1350 turstano
522 1286 639 1364 dicere,
662 1307 729 1350 cum
750 1284 894 1368 unigenae
920 1284 969 1351 tilii
992 1283 1090 1366 gratio
1111 1283 1190 1346 illim
1211 1283 1255 1345 vi-

98 1408 203 1465 scera,
226 1387 318 1452 veluti
339 1389 462 1472 quodem
482 1387 549 1470 igne
572 1397 776 1465 torrerentur,
801 1409 835 1450 aa
854 1386 993 1454 maiorem
1018 1385 1109 1451 divini
1128 1385 1256 1450 mandati

97 1489 243 1554 rationem
262 1489 400 1568 haberet,
424 1490 518 1569 hone,
543 1491 677 1574 inquam,
700 1487 810 1554 Psalmi
829 1490 924 1554 locum
943 1500 1080 1573 usurpet,
1104 1499 1256 1573 postquam

98 1613 205 1656 numm
226 1591 305 1656 illam
331 1593 461 1676 occepit,
492 1595 636 1668 Atreum,
665 1614 753 1674 puroe
769 1595 839 1672 filr‘o
860 1604 922 1666 tuo,
947 1604 978 1654 et
995 1595 1123 1672 gladium
1146 1593 1252 1654 ulrice:
1268 1601 1409 1658 dauwe

93 1697 230 1775 prodenti
245 1718 297 1760 uos
314 1700 399 1770 deur,
423 1700 491 1776 igue
512 1718 564 1757 nos
585 1700 771 1769 amendati,
799 1700 874 1758 secut
892 1700 1073 1756 nommetur
1092 1706 1252 1774 argeutum.

99 1795 213 1862 Eadem
229 1807 260 1862 et
278 1794 331 1862 tou
349 1798 439 1862 rerba
458 1800 606 1883 proterat,
631 1808 819 1883 postenquam
836 1807 867 1862 et
883 1797 960 1862 illius
979 1817 1086 1882 eorpus
1103 1797 1256 1880 purulenta

98 1899 183 1964 secie
200 1899 362 1978 distillavit,
385 1911 415 1964 et
431 1901 591 1966 amicorum
609 1901 713 1985 probro
732 1900 861 1986 pertulit,
886 1909 916 1962 et
930 1899 1063 1983 corporis
1080 1899 1258 1964 eruciatibus

97 2003 227 2066 allectus
250 2013 313 2080 est,
343 2023 408 2068 eum
433 2023 486 2088 per
510 2003 666 2088 procellam
689 2004 856 2086 loquentem
881 2001 936 2068 sibi
961 2003 1047 2066 deum
1073 2003 1257 2081 exaudisset,

96 2107 176 2166 Num
195 2117 227 2166 tu
242 2127 286 2167 ene
299 2109 385 2168 atron
401 2105 436 2168 oi
456 2125 583 2168 rourum
608 2108 662 2168 tr‘dr'
675 2109 798 2168 locutum
810 2107 984 2180 ,ordinarie
1008 2127 1091 2187 quom
1113 2117 1145 2168 ut
1166 2111 1258 2168 ouante
1273 2117 1320 2164 tea.
1331 2119 1365 2173 u,
1378 2119 1399 2162 ι

97 2213 263 2288 apparens?
300 2205 390 2272 Dloet
404 2209 534 2292 inquom,
558 2212 685 2272 Posuisti
696 2211 894 2270 tribulationes
909 2229 1004 2270 mum
1019 2210 1110 2282 nolti,
1135 2211 1255 2283 dumne,
1353 2203 1356 2222 '

97 2323 133 2372 ut
147 2331 200 2372 nos
219 2321 350 2391 tanquan
365 2315 395 2375 rit
409 2313 528 2392 feruore
542 2333 643 2374 nurum
657 2313 804 2392 proderes.
851 2307 926 2376 lteut
949 2321 979 2374 et
1001 2321 1062 2374 tres
1084 2310 1114 2374 iu
1138 2311 1259 2374 loruaoe

97 2411 185 2497 pueri
206 2411 364 2478 concinent
387 2433 456 2476 rore
478 2413 606 2498 perfusi,
632 2435 668 2478 ne
688 2414 823 2478 incendio
848 2423 1085 2478 concrementur.
1130 2415 1329 2488 Productiones
1343 2429 1363 2472 a.

98 2537 152 2576 nor
170 2518 258 2578 deus.-
282 2521 349 2595 r'gru
364 2537 416 2577 noe
434 2520 619 2592 securitati,
641 2521 717 2578 orout
736 2520 916 2579 enuntiantur
934 2525 1094 2596 argentum.
1144 2520 1260 2578 Trunci-

98 2623 191 2680 oa'usua
200 2639 256 2698 per
270 2622 373 2698 lgm,
393 2630 421 2680 et
435 2640 555 2700 upuunrr
577 2630 608 2680 et
619 2623 747 2682 mesori·
757 2641 808 2682 nos
823 2625 854 2681 r'u
867 2621 1061 2702 refrigerium.
1099 2615 1185 2701 Quod
1202 2618 1259 2682 uti·

98 2739 171 2784 num
185 2731 216 2784 et
230 2719 298 2784 milui
310 2717 463 2784 Methodiu
475 2740 618 2806 usurpare
629 2722 785 2806 aliquando
798 2722 886 2786 liceat
897 2721 1082 2807 omnipotens
1096 2735 1127 2785 et
1138 2729 1259 2785 aeterne

98 2822 175 2886 deos
192 2833 276 2906 pater
291 2817 415 2901 Christi,
441 2843 506 2886 aum
524 2824 553 2886 in
569 2823 617 2886 die
635 2835 684 2889 toa
703 2825 867 2910 perignem
885 2823 951 2888 siue
968 2823 1026 2887 ullo
1045 2824 1146 2888 delore
1163 2835 1260 2887 trans-

98 2925 187 3002 iero,
212 2935 243 2988 et
265 2945 422 3008 aquarum,
452 2933 527 3010 q‘une
550 2925 686 2990 inureudi
710 2937 842 2990 naturam
867 2936 995 2992 mutatae
1015 2927 1090 3006 siut,
1122 2926 1259 3012 impetum

98 3027 254 3110 effugeret
281 3032 414 3093 transivi
421 3049 476 3110 per
491 3034 583 3110 spuere
599 3041 629 3090 et
644 3051 756 3111 opuurn,
781 3041 810 3092 et
821 3033 949 3092 eduuaitr'
962 3051 1005 3090 me
1020 3035 1049 3092 in
1062 3033 1256 3113 refrigerium.

98 3127 189 3192 llaec
206 3140 252 3192 est
269 3131 346 3194 enim
364 3130 406 3194 toi
425 3132 590 3196 amantibus
607 3153 624 3194 a
641 3142 670 3196 te
685 3133 764 3196 editu
782 3130 954 3216 promissio:
985 3136 1023 3194 St
1040 3137 1189 3196 mersuri
1207 3149 1399 3214 persuasus

98 3253 222 3314 quarn,
247 3244 337 3296 terum
353 3255 413 3295 suan
422 3279 431 3308 ,
456 3246 486 3296 et
496 3238 621 3318 flrrrnrieo
637 3257 693 3296 nou
709 3238 877 3298 concludent
889 3247 931 3296 te:
955 3246 983 3296 et
997 3239 1027 3296 εἰ
1041 3240 1189 3298 trunsr'm's
1205 3257 1262 3317 per

97 3339 216 3415 ignem,
240 3357 296 3398 uun
313 3337 503 3410 combureris,-
517 3341 638 3420 flumina
655 3359 711 3400 uon
725 3339 870 3400 comburet
885 3349 922 3400 te.
971 3333 1031 3402 Sed
1049 3337 1085 3404 de
1099 3335 1210 3404 Psalmi
1226 3337 1261 3402 il·

97 3437 159 3500 lius
182 3438 424 3522 interpretatione
446 3438 562 3504 abunde
585 3440 725 3506 haetenus
748 3451 794 3506 est
815 3440 935 3504 dictum.

120 3599 123 3604 .
189 3536 280 3604 Nune
296 3539 366 3604 illud
385 3541 628 3608 considerandum
649 3553 713 3622 est,
738 3544 767 3605 iu
785 3565 843 3627 quo
859 3543 951 3608 veniis
969 3543 1090 3608 somniis
1113 3543 1260 3608 dormieu-
1277 3531 1364 3649 xcffip

98 3641 175 3706 tium
196 3663 277 3704 more
298 3642 392 3707 delusi
412 3644 574 3729 apostolum
594 3644 665 3710 haee
684 3645 795 3710 dixisse
812 3647 963 3710 iactitant:
993 3649 1057 3726 Ege
1079 3658 1170 3708 uuum
1187 3650 1339 3708 vioe-nea.
1352 3634 1406 3720 τζι

99 3747 167 3808 dnm
185 3747 337 3825 olr'puoudo
353 3750 414 3808 reue
426 3749 498 3826 dege,
523 3747 679 3832 statimque
693 3748 842 3812 clamitant
855 3747 932 3812 illam
949 3747 1033 3832 primi
1049 3747 1142 3811 nostri
1158 3767 1257 3832 pareo-

97 3848 140 3910 tis
159 3856 230 3910 aute
253 3867 361 3931 eorpus
379 3846 510 3931 legisque
532 3851 791 3935 praescriptionem
810 3849 899 3914 vitam
919 3871 985 3914 esse
1010 3851 1205 3928 declaratam,
1230 3859 1262 3912 ut

98 3969 182 4035 quae
198 3959 361 4032 sequuntur
374 3949 457 4014 fldetu
474 3951 602 4016 laniunt:
619 3957 690 4040 ¹Ego
706 3975 770 4014 uero
785 3956 911 4015 coruulr'a
921 3975 994 4026 suan,
1012 3956 1193 4014 venumdatus
1207 3952 1261 4014 eud

94 4061 261 4134 pwcotrmn.
305 4047 453 4133 Quoniam
468 4052 524 4118 sub
539 4054 651 4140 peccati
668 4065 843 4139 potestatem
859 4077 894 4118 ac
909 4055 1086 4118 dominatum
1102 4053 1194 4138 redigi
1209 4055 1260 4119 ali·

98 4167 151 4219 ter
173 4153 262 4216 horino
281 4173 338 4216 uon
359 4165 489 4237 poterat,
513 4155 598 4241 eique
617 4157 727 4220 violato
743 4158 879 4220 urendoto
899 4156 1071 4223 verrumdari
1093 4155 1149 4220 nisi
1172 4177 1261 4222 carue

98 4256 260 4342 praeditos
277 4256 437 4322 extitisset.
481 4256 562 4323 Noun
577 4259 675 4326 anime
691 4279 744 4344 per
758 4277 828 4324 sese
846 4259 926 4326 nullo
944 4267 1065 4344 peccato
1087 4258 1194 4344 corripi
1211 4277 1264 4346 μοι

137 4480 163 4534 3.
183 4475 228 4546 Σή
246 4480 297 4531 eod
314 4481 411 4545 Μία.
448 4483 521 4546 tulpo
539 4478 578 4534 od.
