3186 4928
380 224 516 277 ennean
535 225 599 276 ure.
611 225 644 276 n.
660 224 745 276 ron.
757 225 789 274 ιι.
807 223 905 274 naua
918 223 998 276 uxr.
1210 211 1271 278 383

111 343 248 424 inlesa,
274 344 322 429 qui
345 343 433 408 bomo
456 365 555 412 merus
581 355 680 422 esset,
705 343 864 408 habitasse.
911 341 956 406 lta
975 365 1069 422 unus,
1093 343 1187 428 iuquit
1208 345 1270 436 ille,

113 451 269 526 deusest,
294 457 455 532 nequeant
478 458 561 532 pater
580 458 626 510 est
651 459 751 533 pater,
780 458 831 510 aut
856 445 931 510 lilius
955 447 1047 522 ilius,
1078 457 1130 510 aut
1151 447 1271 532 spiritus

112 562 234 616 sauctus
257 550 376 634 spiritus
391 561 438 614 est
451 560 584 626 secretus,
609 549 756 614 imovero
774 551 847 612 deus
865 571 940 612 unus
958 559 1004 612 est
1021 560 1115 633 pater,
1141 559 1170 612 et
1187 549 1272 612 buius

113 653 144 718 in
162 653 226 740 ipso
240 653 327 730 lilius,
353 663 384 716 ιιι
398 663 444 714 εει
459 653 488 715 ιιι
507 651 623 716 bomine
643 674 753 716 sermo.
800 650 896 734 Quam
913 652 1030 736 quidem
1047 651 1214 736 opinionem
1232 673 1271 714 ex

113 756 196 820 bisce
221 758 283 822 lere
309 753 485 820 testimoniis
508 755 633 840 colligit,
659 757 798 840 primum,
826 756 901 838 quod
918 753 1043 840 Moyses
1065 754 1190 832 eliserit,
1215 759 1271 814 Do·
1288 769 1413 821 uenena.

112 865 206 922 manua
219 864 287 922 deus
303 871 368 920 turn
384 861 512 920 domairac
527 880 600 920 nnus
614 871 667 920 est.
713 857 821 942 Neque
836 877 910 919 vero
927 879 991 920 cnm
1007 854 1108 920 Nono
1124 867 1207 942 patre
1223 857 1271 919 ille

113 982 231 1048 passum
257 981 325 1026 esse
344 961 461 1038 delinit,
486 961 538 1024 sed
562 961 675 1042 solum,
698 959 807 1046 inquit,
831 961 993 1024 adveniens
1015 960 1154 1038 verbum,
1180 969 1271 1022 tutum

111 1065 184 1130 illud
202 1063 433 1142 administravit,
458 1073 488 1128 et
505 1063 540 1126 ad
556 1073 668 1149 patrem
693 1064 827 1127 revertit.
874 1063 921 1127 Ae
936 1074 1005 1127 sunt
1021 1062 1118 1126 omnia
1140 1083 1214 1146 quae
1236 1061 1272 1124 ab

112 1168 166 1231 illo
188 1167 325 1231 dicuntur
346 1188 420 1230 sane
441 1187 526 1250 qnam
549 1165 689 1230 absurda.

200 1267 362 1334 Videamus
386 1269 474 1354 igitur
497 1269 601 1353 ecquid
622 1269 759 1354 opinione
785 1269 849 1332 lalsi
872 1269 996 1333 bominis
1020 1279 1156 1336 constare
1180 1269 1273 1352 possit
1291 1276 1350 1343 Cap.
1364 1277 1395 1327 lt.

112 1373 223 1438 oratio.
269 1371 402 1438 Numito
420 1373 567 1460 proponit.
613 1369 714 1450 Dixit,
738 1373 850 1456 inquit,
875 1367 1025 1449 Christus,
1050 1377 1114 1452 Ego
1128 1378 1158 1434 ιἰι
1172 1383 1426 1454 praenomen.

111 1489 143 1540 et
152 1487 238 1558 poter
252 1481 281 1537 t'n
296 1498 339 1536 me
353 1486 406 1537 est.
452 1472 493 1536 Et
509 1495 562 1538 uos
579 1475 655 1538 istud
673 1496 728 1538 una
746 1475 928 1558 profitemur,
953 1496 993 1538 cx
1009 1487 1092 1559 patre
1109 1477 1271 1562 proiectum

112 1599 182 1644 esse
199 1578 285 1642 deum
303 1577 443 1656 verbum,
466 1599 501 1640 uo
518 1599 582 1640 curn
607 1577 710 1640 eodem
731 1597 798 1641 esse
817 1588 973 1662 perpetuo,
998 1578 1145 1663 abeoquo
1169 1599 1272 1663 proge-

112 1683 220 1746 nitum.
267 1677 327 1745 Sed
346 1701 404 1744 non
422 1680 490 1743 ideo
513 1691 623 1764 patrem
645 1679 710 1742 sine
731 1679 909 1743 subsistente
933 1680 1023 1743 verbo
1047 1699 1113 1744 esse
1137 1681 1271 1745 dicimus.

113 1782 257 1868 Quinimo
276 1783 398 1846 verbum
419 1782 510 1867 patris
535 1782 661 1866 unigena
686 1782 762 1846 lilius
786 1783 857 1846 deun
878 1793 923 1845 εει
941 1781 1080 1862 verbum,
1105 1793 1137 1846 ιιι
1159 1794 1189 1846 ει
1210 1785 1272 1868 ipse

113 1888 263 1950 declarat:
289 1890 406 1948 θιιιιιὶιιο
423 1890 476 1967 qui
487 1888 639 1966 coqpitetrtr
653 1890 682 1947 eir
700 1907 752 1959 me,
777 1887 934 1966 confitebor
949 1897 1045 1964 elego
1063 1891 1093 1946 ιἰι
1109 1889 1160 1947 illo
1177 1907 1271 1948 corum
1299 1889 1385 1985 Η·

108 2001 197 2072 putre
218 2013 287 2052 oreo.
336 1985 392 2052 Ubi
410 1987 481 2050 baec
500 1987 563 2072 ipsa
581 1987 670 2051 verba
693 1993 801 2062 Inme,
829 1993 930 2050 Corum
952 2001 1036 2070 putre
1058 2011 1133 2063 meo,
1160 2000 1270 2074 patrem
1330 1974 1337 1994 ’
1376 1973 1382 1984 ’

111 2096 209 2178 ipsum
230 2103 336 2156 natura
357 2111 409 2153 sua
430 2089 594 2154 subsistere
611 2091 824 2156 demonstrant.
871 2093 913 2154 nt
930 2092 977 2155 isti
998 2089 1142 2156 ludaioam
1162 2091 1273 2177 opinio·

113 2216 184 2260 nem
200 2194 430 2280 interpolantes,
452 2213 547 2276 neque
566 2193 718 2277 quiequam
734 2193 770 2256 iis
789 2193 931 2258 hebentes
949 2195 1088 2279 atriplice,
1116 2191 1214 2257 ludaei
1231 2193 1273 2257 al·

112 2299 173 2362 teri
192 2296 359 2360 nominandi
379 2306 465 2374 nunt,
489 2305 518 2358 et
537 2291 743 2374 samosateni,
768 2317 863 2380 neque
887 2297 963 2361 aliud
986 2298 1106 2360 omuino
1128 2307 1213 2373 sunt,
1238 2317 1272 2360 ao

113 2401 211 2464 εοιιιιιι
227 2421 334 2463 ιιοιιιειι
355 2393 423 2462 Ιεειι
445 2419 515 2482 prae
534 2419 567 2462 se
584 2400 692 2465 lerunt.
738 2397 816 2462 Nam
835 2421 899 2463 oum
915 2401 1000 2464 deum
1017 2421 1057 2464 ex
1073 2401 1146 2477 deo,
1171 2399 1272 2484 unige-

113 2523 243 2587 namque
265 2501 353 2564 tilium
370 2523 404 2564 ac
421 2501 541 2564 verbum
558 2499 722 2584 abnegent,
748 2501 890 2565 eiusmodi
912 2514 981 2566 sunt
998 2502 1099 2588 quales
1118 2502 1138 2563 ii
1156 2504 1273 2565 luerunt

114 2607 166 2691 qui
185 2615 368 2692 praesentem
387 2603 466 2668 illum
482 2604 646 2678 eiurarunt,
672 2603 727 2668 boo
742 2614 788 2666 εει
804 2605 850 2668 dei
868 2625 903 2667 ao
920 2604 1028 2668 domiui
1046 2603 1220 2689 parricidae,
1245 2615 1274 2667 ει

115 2709 249 2772 eiusdem
269 2707 315 2772 dei
332 2717 502 2790 negatores.
537 2704 723 2790 Quamquam
740 2727 835 2791 neque
852 2707 1105 2771 circumcisionem
1122 2708 1272 2786 adhibent,

114 2831 213 2896 aeque
236 2810 406 2888 sabbatum,
429 2808 543 2873 aliosve
567 2805 742 2874 ludaeorum
764 2810 839 2874 ritus
861 2811 1031 2876 observant.

204 2911 365 2978 Enimvero
388 2933 482 2996 neque
504 2932 558 2975 uos
580 2911 635 2998 ipsi
660 2912 732 2976 duos
755 2934 821 2978 esse
844 2914 915 2978 deos
938 2913 1165 2998 divinitatcsqne
1187 2915 1271 3004 duas,
1293 2919 1353 2988 Cop-
1367 2921 1410 2970 ¹¹1·

113 3017 169 3082 sed
190 3037 275 3080 uuam
295 3016 438 3080 duntaxat
453 3014 626 3094 asserimus,
650 3037 714 3080 cum
736 3037 829 3100 neque
845 3027 943 3100 patres
958 3018 1168 3082 constituamus
1187 3019 1272 3096 dnos,

114 3139 215 3204 neque
237 3119 311 3183 lilios
329 3119 398 3184 item
424 3119 515 3198 duos,
539 3127 589 3182 aut
612 3119 686 3182 duos
708 3118 828 3205 spiritus
846 3131 981 3198 sanctos,
1012 3121 1064 3186 sed
1087 3131 1215 3208 patrem,
1246 3130 1274 3185 ει

115 3221 228 3300 lilium,
260 3243 295 3284 ac
323 3220 455 3308 spiritum
482 3232 633 3299 sanctum,
668 3221 848 3286 divinitatem
878 3245 982 3302 unam,
1015 3243 1158 3310 unamque
1187 3224 1274 3288 trium

116 3324 368 3413 praedicationem
385 3345 420 3386 ac
438 3322 573 3408 gloriam.
621 3321 680 3388 late
696 3346 769 3388 vero
786 3347 845 3389 nou
865 3348 952 3390 uuum
971 3327 1080 3390 idcireo
1103 3328 1187 3391 deum
1207 3347 1274 3390 csse

116 3429 275 3494 confitetur
291 3427 367 3511 quod
381 3425 464 3490 velut
481 3427 546 3490 tons
560 3426 676 3510 quidam
693 3427 733 3492 sit
748 3438 842 3514 pater,
867 3430 918 3492 sed
937 3450 1025 3492 utrum
1041 3429 1173 3496 absolute
1189 3431 1273 3493 deum

116 3531 205 3608 iacit,
229 3551 280 3609 ao,
304 3539 442 3613 quautam
461 3529 489 3590 iu
507 3529 572 3613 ipso
588 3540 650 3606 est,
674 3530 723 3592 lilii
741 3553 774 3594 ac
793 3531 912 3615 spiritus
929 3533 1022 3596 sancti
1040 3531 1222 3596 divinitatem
1239 3553 1274 3593 ae

115 3631 340 3713 subsistentiam
356 3632 474 3695 evertit.
519 3628 638 3696 Patrem
658 3631 750 3715 ipsum
768 3644 922 3716 practerea
939 3633 979 3697 ita
995 3654 1063 3698 esse
1080 3636 1164 3698 deum
1186 3655 1273 3698 uuum

114 3737 244 3802 affirmat
262 3745 293 3798 ut
310 3733 388 3798 omui
408 3734 443 3796 ad
466 3733 681 3816 producendum
699 3735 786 3798 lilium
807 3735 983 3800 iocunditate
1003 3749 1118 3818 careat,
1141 3737 1274 3822 adeoque

116 3839 290 3923 imperfecta
308 3835 358 3900 illa
374 3837 430 3900 duo
446 3839 517 3914 sint,
542 3847 671 3920 pateret
689 3837 776 3916 lilius,
801 3859 923 3922 quorum
941 3839 1039 3902 illaad
1057 3840 1274 3923 producendum

114 3943 211 4008 lilium
234 3941 393 4025 genitalem
414 3939 472 4003 rim
496 3938 603 4004 nullam
628 3939 750 4017 lrabeat,
776 3940 956 4022 bisantem,
980 3943 1056 4026 quod
1080 3953 1126 4006 est
1147 3944 1275 4008 virentis

116 4044 167 4108 dei
185 4043 307 4108 verbum
323 4061 453 4125 veraque
470 4041 631 4126 sapientia,
657 4042 736 4106 nullo
754 4045 839 4106 modo
856 4043 895 4108 sit
918 4047 1097 4108 fructuosus.
1144 4043 1273 4109 Verbum

116 4145 198 4211 euim
215 4145 273 4209 tale
291 4166 358 4210 esse
375 4154 477 4229 putant
497 4144 582 4228 quale
598 4144 628 4208 in
644 4144 771 4208 bominis
789 4157 835 4209 est
851 4156 989 4231 pertore,
1013 4158 1043 4210 et
1064 4149 1205 4212 eiusmodi
1226 4169 1274 4213 sa·

116 4247 258 4335 pientiam
276 4248 391 4332 qualem
412 4245 443 4310 in
466 4246 564 4310 auimo
586 4247 708 4330 quilibet
727 4247 874 4314 bominum
894 4250 1009 4314 insitam
1028 4271 1046 4314 a
1062 4253 1117 4316 deo
1135 4252 1274 4318 inlusum·

116 4403 171 4454 lum
186 4419 217 4454 ex
231 4420 275 4452 sua
290 4401 408 4470 opinione
421 4401 603 4470 praevalentes,
621 4404 684 4466 quod
752 4404 810 4456 Car.
825 4405 868 4455 lll.
883 4433 916 4444 -·
942 4405 963 4458 l.
982 4404 1034 4458 ulcu
1051 4408 1101 4460 rod.
1115 4419 1157 4458 aas.
1173 4413 1274 4472 utana.

117 4489 166 4526 son
181 4473 295 4535 {mellend
717 4467 770 4526 olna
787 4475 825 4536 ed,
836 4489 874 4536 pr.
909 4471 958 4527 olon
976 4477 1012 4526 ed
1029 4477 1109 4528 Potor.
