3168 4926
622 225 815 278 rnssrsnro.
1236 244 1304 292 xm

137 361 253 428 thecae
273 360 451 430 vaticanae
473 362 598 430 sminiis
620 368 840 443 recenseatur,
866 361 1008 444 reperire
1028 379 1093 428 non
1114 362 1217 444 potui;
1248 381 1304 428 ne-
1389 427 1392 432 .

139 490 204 554 que
224 472 256 538 in
279 473 512 558 antiquioribus
538 475 607 540 eius
630 472 786 554 catalogis
808 469 875 538 ulla
902 473 971 539 eius
993 471 1113 540 mentio
1135 475 1187 538 est
1207 471 1301 540 laem.

138 583 329 668 Exemplum
346 585 497 652 editionis
511 603 645 668 opernm
657 583 831 668 Epiphanii
844 583 1052 664 Basilaensis,
1069 583 1158 649 cuins
1174 583 1208 649 in
1221 601 1304 650 mar·

138 693 267 776 mnibus
283 693 403 778 ipsine,
426 696 474 762 uti
488 696 628 776 videtur,
649 696 686 762 A.
704 695 828 764 Schotti
848 713 946 782 manu
959 695 1034 760 illae
1050 695 1229 777 scripturae
1246 695 1303 762 ad-

138 806 246 887 pictae
269 809 359 886 sunt,
393 807 434 874 tle
456 805 594 874 Parisini
616 807 782 874 cuiusdam
811 805 1003 890 bibliopolae
1030 805 1142 872 tabula
1163 811 1304 890 emptum

138 915 224 982 felici
246 917 385 1000 quodam
408 935 487 984 casu
508 919 541 984 in
562 917 801 1002 possessionem
821 937 927 984 meam
948 923 1148 1001 pervenerat
1190 919 1228 984 In
1251 937 1304 985 su·

138 1029 266 1110 periore
288 1029 383 1111 primi
404 1028 473 1095 lolii
492 1034 586 1112 parte
601 1029 734 1112 legitur:
755 1027 924 1114 „Collapit
939 1027 1116 1094 Societatia
1135 1029 1207 1096 leae
1222 1029 1304 1096 Bre-

139 1138 205 1204 cae
226 1140 373 1222 (eadem
393 1141 442 1206 un
463 1139 603 1222 videtu,
625 1159 738 1211 monus
759 1139 821 1206 hoc
841 1157 958 1206 nornen
979 1140 1115 1208 mutarit
1130 1141 1163 1208 iu
1178 1139 1302 1225 Hellis)

141 1251 289 1332 16252‘,
309 1251 343 1316 in
362 1249 527 1318 inferiore:
559 1251 672 1332 „Ueni
696 1249 818 1316 Fratre.
835 1249 979 1330 Sabelli,
1002 1255 1057 1336 orci
1078 1273 1147 1316 crem
1172 1251 1236 1316 Ma.
1259 1251 1304 1316 bi·

138 1359 251 1426 bla'otlr.
285 1360 465 1426 Vaticanus
486 1383 539 1427 aa.
564 1363 671 1430 1597.
696 1361 914 1446 Epiphaniam
940 1361 1070 1427 Graece
1091 1363 1246 1442 contulit,
1273 1371 1304 1428 et

141 1492 212 1536 cura
234 1470 357 1538 Latino
379 1473 550 1558 cesserat,
580 1472 665 1538 And.
685 1471 848 1538 Schultess.
897 1471 1012 1552 Quare
1033 1493 1098 1538 noa
1121 1475 1305 1558 comperpe-

138 1589 195 1646 tar
216 1589 275 1648 cat
296 1589 484 1668 topatar.“,
516 1602 599 1667 quaa
619 1588 783 1667 postrema
812 1583 952 1666 quinque
973 1583 1072 1649 verba
1094 1583 1169 1650 stilo
1190 1588 1305 1668 postea

139 1699 219 1760 suut
240 1693 382 1760 inducta
424 1694 586 1780 Excerpta
603 1695 761 1764 Vaticana
781 1692 939 1778 incipiunt
960 1693 1034 1762 inde
1057 1713 1170 1778 apag.
1185 1695 1236 1761 28.
1254 1696 1304 1762 en

138 1803 241 1871 Basit
261 1810 295 1870 at
314 1805 478 1888 pertinent
499 1823 601 1888 usque
623 1807 666 1872 ad
686 1825 760 1890 pag.
779 1806 864 1886 171,
893 1823 955 1888 quo
977 1805 1084 1888 spatio
1105 1805 1306 1872 mutuentur

139 1913 213 1980 libri
233 1915 328 1997 primi
349 1921 455 1983 tcnms
478 1918 638 1984 secmdus
668 1917 853 1998 attentius,
884 1935 988 2000 neque
1014 1917 1141 1999 uspiam
1171 1922 1304 1984 annota-

139 2029 210 2090 tum
230 2026 339 2093 inueni
360 2032 466 2094 ubuum
487 2028 656 2094 ulteriores
679 2047 804 2112 quoque
833 2028 995 2096 contmeat
1014 2027 1096 2094 liber
1118 2028 1304 2110 Vaticanus,

141 2154 186 2203 an
206 2157 278 2204 non.
329 2138 483 2206 Eiusdem
512 2141 648 2224 exempli
676 2140 873 2225 marginibus
901 2139 1023 2206 misum
1045 2157 1117 2204 cnm
1137 2140 1303 2206 Vaticanis

139 2248 182 2314 ab
198 2249 265 2316 alia
284 2267 382 2314 manu
404 2250 568 2333 adscripta
589 2257 665 2318 sumt
686 2252 843 2335 paucrssae
866 2250 1044 2334 scriptumne
1062 2269 1102 2316 ex
1117 2249 1181 2316 alio
1195 2253 1304 2318 vetere

138 2360 236 2442 libro,
260 2359 316 2442 qui
337 2360 429 2442 signo
453 2361 501 2425 M.
526 2363 674 2446 apposito
692 2362 838 2431 densari
859 2361 956 2442 solet,
976 2361 1149 2444 repetitae,
1171 2379 1305 2444 quarum

140 2471 244 2538 sicubi
265 2489 344 2537 usus
366 2470 464 2553 atqu
490 2490 563 2538 csse
583 2473 753 2541 videbatur
774 2473 965 2540 mentionem
994 2472 1100 2539 iacere
1121 2490 1186 2538 non
1207 2472 1305 2538 iuter·

140 2582 223 2648 misi
267 2581 455 2648 Schottiana
475 2602 550 2650 vero
573 2603 611 2650 ex
632 2584 788 2652 Vaticano
813 2584 894 2650 libro
916 2587 1081 2666 excerpta,
1110 2582 1240 2665 quibus,
1268 2588 1305 2650 nt

139 2693 219 2776 nixi,
240 2692 393 2759 Patauina
415 2694 602 2778 plerumque
624 2713 718 2777 usus,
739 2695 899 2762 interdum
921 2695 1018 2761 etiam
1040 2693 1162 2760 abusus
1184 2699 1249 2775 est,
1270 2699 1304 2759 at

139 2804 250 2870 omnia
271 2809 304 2874 et
329 2806 456 2887 integra
482 2807 658 2888 repetenda
685 2805 806 2886 curari,
838 2805 1014 2888 exquibus
1041 2805 1103 2872 boc
1124 2803 1303 2872 certissime

140 2921 280 2999 apparat
292 2913 484 2982 Vaticanum
507 2920 540 2982 et
553 2918 712 2985 Venatum
733 2916 846 2998 libros,
868 2917 1055 2999 plenamque
1070 2915 1303 2999 conspirantes,

140 3026 287 3093 mnsdem
308 3025 419 3110 stirpis
441 3045 524 3094 esse.

225 3137 277 3204 Da
298 3139 407 3206 codice
430 3138 671 3206 vindobonensi
692 3137 933 3206 nr0.oxxv1t
955 3137 989 3204 in
1010 3135 1147 3205 Kollarii
1167 3136 1304 3220 Supple·

140 3249 260 3316 menne
283 3250 371 3333 (pag.
386 3249 471 3334 738.)
495 3251 635 3334 signato,
663 3249 704 3316 ab
725 3249 873 3333 imperito
895 3249 1002 3332 aliquo
1022 3247 1210 3316 recentioris
1232 3247 1304 3316 aeri

139 3359 273 3428 librario
295 3360 490 3444 conscripto,
510 3361 565 3444 qui
585 3360 664 3426 nibil
686 3360 748 3427 nisi
769 3360 945 3443 particmas
966 3361 1123 3444 quasdem
1145 3377 1185 3426 ex
1199 3359 1304 3426 Pana·
1428 3359 1435 3367 '

140 3471 182 3536 rii
200 3470 293 3538 libris
316 3477 484 3555 excerptas
512 3471 667 3552 continet,
697 3470 850 3554 canusque
876 3469 978 3538 futilis
1006 3471 1103 3555 plane
1132 3477 1189 3538 sut
1215 3469 1304 3538 nulla

142 3581 319 3648 auctoritas
342 3587 408 3662 est,
429 3601 494 3650 non
515 3583 618 3666 magis
635 3600 795 3665 exponere
815 3581 939 3649 adunet
960 3584 1111 3666 quamde
1132 3582 1204 3648 abis
1221 3581 1305 3648 eius-

141 3691 217 3760 dem
239 3697 273 3758 et
293 3693 420 3776 generis
443 3699 477 3760 et
497 3693 593 3777 pretii
614 3693 776 3760 mdicibus
804 3693 859 3776 qui
879 3693 913 3760 in
935 3693 1007 3760 aliis
1030 3692 1230 3762 bibliothecis
1252 3710 1304 3760 as-

140 3809 328 3884 servantem
355 3804 393 3871 ci.
413 3804 550 3871 Fabricii
571 3804 651 3874 Bibl
671 3804 725 3872 Gr.
747 3804 808 3870 rol.
826 3803 930 3886 VIII.,
951 3824 1025 3889 pag.
1041 3805 1105 3870 264
1118 3821 1185 3886 sqq.

228 3915 279 3980 Ile
301 3915 433 3998 Syriaca
448 3915 577 3982 Panarii
598 3914 744 3983 versione
766 3915 800 3981 in
823 3915 932 3983 codice
954 3915 1074 3998 scripto
1096 3933 1136 3982 ax
1150 3913 1256 3982 Ninia
1270 3914 1304 3984 iu

142 4024 292 4092 Museum
312 4025 532 4094 Britannicum
561 4043 663 4110 nuper
691 4027 825 4092 advecto
854 4031 888 4094 et
914 4043 990 4110 spes
1018 4029 1051 4092 et
1076 4025 1163 4094 lama
1183 4025 1305 4108 fefellit,

144 4153 215 4202 eum
236 4137 265 4202 is
287 4135 368 4202 liber
388 4155 453 4202 non
474 4136 603 4204 Panarii
630 4135 862 4219 amplissimum
890 4154 987 4221 opus,
1013 4136 1073 4202 sed
1101 4136 1204 4204 solnm
1235 4138 1305 4206 eius

144 4245 459 4330 Anacsphaiaeosin,
488 4247 522 4312 ni
541 4247 651 4328 fallor,
672 4247 843 4314 annuat.
885 4247 947 4313 Est
966 4251 1075 4314 nmen
1098 4247 1305 4332 dignissimus

144 4359 198 4442 qui
219 4359 262 4425 ab
284 4352 538 4441 amniwaliquo
560 4363 594 4425 et
613 4358 765 4442 Syriacae
785 4357 915 4441 aarum
936 4357 1041 4442 perito
1062 4357 1191 4426 homine
1210 4377 1305 4428 excu-

144 4469 257 4552 tiatur,
279 4473 392 4552 utpote
413 4467 504 4537 ornus
526 4473 633 4552 aetas
659 4467 694 4538 id
714 4469 801 4554 qnod
822 4487 862 4538 ex
882 4469 1118 4555 subscriptione
1138 4469 1247 4554 ocffip
1267 4467 1305 4537 n·
