3186 4928
330 254 466 308 PaNautt
481 255 546 309 Lta.
562 257 594 306 tt.
611 255 693 307 TOM.
704 250 737 306 tt.
756 255 854 307 ΗΔΕΗ.
868 254 960 306 LXVI.
1161 241 1223 302 413

68 387 183 440 tutare
204 375 314 440 certior
335 377 436 455 lieret,
460 376 617 442 occasione
642 395 681 438 ex
697 371 834 439 Marcelli
858 374 951 438 literis
973 383 1107 456 accepta,
1131 373 1225 436 celer-

67 478 145 541 rime
163 479 198 540 ad
222 479 300 542 illurn
320 480 458 543 accurrit.
504 479 546 542 Ar
566 479 732 542 Archelaus
752 477 906 562 episcopus
926 487 1043 560 praeter
1064 477 1224 540 doctrinam

69 582 138 645 lidei
154 581 273 666 insuper
290 582 395 645 ardore
414 582 580 667 praeditus,
605 591 710 644 auctor
725 593 790 646 erat
806 589 854 659 nt,
879 578 982 642 sideri
1000 588 1112 663 posset,
1139 577 1225 641 bomo

67 684 138 761 ille,
162 684 242 768 pardi
266 682 362 748 instar
378 705 412 748 ac
429 685 504 769 lupi,
528 684 575 747 vel
600 685 731 747 cuiusvis
748 683 867 746 alterius
893 681 1022 759 bestiae,
1046 681 1225 765 interceptus

68 787 158 850 morti
179 787 360 864 traderetur,
386 808 423 850 ne
442 786 584 850 eiusmodi
607 787 689 850 ferae
709 787 878 850 incursione
897 805 1002 869 peoora
1025 783 1224 860 laederentur,

68 911 136 952 cum
162 888 241 953 illius
267 875 433 972 ingressum
460 901 665 972 cognosceret.
711 887 872 952 Marcellus
897 896 1000 950 eontra
1026 885 1171 970 patienter
1192 903 1226 945 ac

68 990 178 1055 leniter
193 991 289 1076 potius
306 991 432 1057 illumin
451 991 597 1076 colloquio
616 992 798 1055 tractandum
815 989 945 1074 putabat.
991 985 1043 1051 llle
1058 1007 1131 1050 vero
1147 1007 1225 1048 oom-

68 1104 154 1178 perta
175 1095 232 1158 iam
250 1091 348 1157 Manis
370 1094 509 1178 opinione
528 1115 563 1157 ac
586 1095 735 1171 doctrina,
760 1092 902 1177 siquidem
921 1091 1025 1177 Tyrbo
1044 1089 1160 1173 utrique
1182 1099 1226 1151 to·

68 1208 130 1259 tam
154 1195 232 1260 illius
255 1206 353 1260 sectae
375 1197 534 1260 vanitatem
561 1197 742 1282 explicaret,
772 1195 1012 1279 quemadmodum
1035 1193 1149 1258 scilicet
1170 1192 1226 1255 duo

67 1299 213 1384 principia
234 1308 396 1378 statueret,
421 1319 495 1382 quae
512 1309 542 1362 et
559 1299 701 1385 principio
720 1309 872 1376 carerent,
897 1317 1093 1380 necunquam
1112 1296 1227 1359 desine-

67 1412 156 1480 rent,
179 1401 363 1484 invicemque
380 1403 529 1465 contraria
549 1405 663 1480 forent,
688 1421 810 1484 quorum
832 1421 920 1464 unum
946 1401 1039 1464 lucem
1063 1421 1097 1464 ue
1119 1398 1225 1462 bonurn

67 1503 248 1587 appellaret,
273 1504 396 1567 alterum
411 1504 548 1568 tenebras
565 1525 599 1568 ac
616 1505 740 1582 malum,
765 1515 799 1567 ut
812 1505 888 1567 idem
906 1504 966 1567 sint
982 1524 1016 1566 ac
1033 1504 1104 1565 deus
1121 1513 1150 1564 et
1165 1501 1225 1564 dia·

66 1605 170 1684 bolus,
194 1627 268 1690 qnos
283 1605 398 1690 quidem
416 1606 517 1670 ambos
533 1627 736 1691 nonnunquam
752 1607 824 1670 deos
841 1607 1018 1684 nominaret,
1043 1605 1126 1668 deum
1144 1604 1226 1668 vide·

67 1708 143 1770 licet
159 1709 285 1788 bonum,
310 1729 344 1772 ao
362 1709 447 1773 deum
470 1710 588 1773 malum.
635 1709 681 1772 Ab
701 1709 745 1772 bis
763 1708 874 1772 duobus
893 1707 1042 1794 principiis
1065 1717 1170 1772 exorto
1192 1727 1226 1768 aa

67 1811 231 1875 constituta
244 1831 313 1875 esse
329 1811 444 1892 omnia;
468 1833 590 1895 quorum
607 1812 643 1874 ab
659 1811 753 1874 altero
766 1811 855 1890 bona,
880 1811 916 1874 ab
930 1812 1023 1874 altero
1039 1811 1115 1874 mala
1130 1810 1227 1872 omnin

67 1912 312 1997 proficiscuntur,
337 1935 412 1998 quac
430 1913 581 1977 amborum
600 1913 807 1999 principiorum
824 1915 854 1977 iu
872 1914 926 1977 boc
942 1914 1049 1976 mundo
1065 1911 1227 1976 subsisten-

68 2014 141 2078 tiam
166 2013 302 2080 babeaut.
347 2016 395 2079 Ad
414 2016 487 2080 baec
502 2037 608 2102 corpus
627 2017 663 2080 ab
681 2037 739 2080 uno
756 2016 871 2080 illorum
888 2037 955 2080 csse
976 2015 1139 2092 conditum,
1164 2014 1226 2078 ani·

66 2139 146 2180 mam
168 2117 205 2181 ab
219 2119 329 2182 altero:
354 2139 427 2202 quae
444 2119 559 2203 quidem
578 2119 748 2182 animatam
767 2121 795 2183 iu
816 2119 980 2196 bominibus
998 2139 1083 2202 mam
1101 2118 1130 2180 iu
1147 2127 1226 2180 cete-

65 2223 112 2285 ris
131 2219 324 2300 animalibus,
355 2222 487 2305 adeoque
510 2221 630 2300 avibus,
660 2221 846 2307 serpentibus
870 2243 905 2285 ae
928 2220 1030 2284 bestiis
1052 2219 1138 2297 insit,
1169 2220 1227 2280 imo

67 2323 162 2386 etiam
180 2324 337 2408 stirpibus,
365 2325 396 2387 in
419 2323 524 2408 quibus
546 2325 663 2389 vitalem
685 2325 836 2389 humorem
862 2334 969 2388 motum
993 2323 1105 2386 animae
1127 2321 1228 2384 delinit

67 2445 160 2506 esse,
185 2427 346 2491 cuiusmodi
369 2427 399 2490 iu
422 2426 587 2492 bominibus
609 2427 750 2493 cernitur.

158 2732 283 2799 Praeter
308 2735 379 2799 baec
403 2735 475 2800 alias
501 2736 654 2822 plerasque
679 2735 789 2798 tabulas
814 2733 955 2818 adiungit.
1003 2733 1092 2798 Velut
1113 2733 1138 2798 si
1161 2733 1225 2818 quis
1244 2743 1304 2812 Cap.
1322 2743 1366 2794 tx.

69 2837 212 2901 carnibus
231 2849 387 2918 vescatur,
418 2838 542 2903 animam
564 2839 724 2917 devorare,
753 2857 875 2920 eamque
899 2837 1082 2901 committere
1104 2855 1226 2922 poenam

70 2951 104 3004 ut
119 2941 149 3002 in
167 2939 293 3026 idipsum
307 2951 446 3006 mutetur.
493 2939 629 3026 Exempli
647 2940 758 3026 gratia,
783 2941 808 3003 si
825 2959 943 3026 porcum
961 2939 1136 3018 comederit,
1162 2959 1229 3024 por-

69 3063 139 3106 cum
158 3041 239 3106 illum
258 3045 338 3122 lure,
362 3045 410 3108 rel
428 3054 555 3122 taurum,
580 3044 627 3108 vel
643 3064 745 3123 avem,
769 3043 817 3107 rel
833 3041 977 3130 quippiam
994 3065 1051 3127 qno
1067 3041 1225 3106 vescimur.

70 3141 204 3229 ldeoqne
221 3145 256 3208 ab
274 3147 411 3210 animatis
427 3145 586 3212 abstinent.
632 3141 718 3230 Quod
733 3146 758 3210 si
773 3145 850 3230 quis,
875 3147 979 3231 iuquit,
1002 3145 1226 3224 deducereris,

70 3256 126 3310 ant
142 3248 254 3327 oleam,
279 3259 329 3313 aut
342 3249 450 3329 vitem,
475 3259 525 3313 aut
542 3269 746 3335 sycomorum,
770 3259 820 3313 aut
836 3248 998 3333 persicam,
1023 3258 1227 3334 postmortem

70 3351 141 3413 eius
156 3371 241 3434 qnam
263 3351 402 3435 plantavit
420 3351 535 3416 arboris
550 3352 639 3416 ramis
658 3352 810 3436 alligatur,
835 3362 867 3414 ut
881 3351 948 3415 indu
966 3351 1067 3436 egredi
1086 3372 1145 3415 nou
1163 3371 1229 3436 pos·
1256 3405 1261 3425 ,

70 3453 124 3516 sit.
173 3449 356 3538 Quicumque
373 3475 446 3518 rero
464 3473 588 3520 uxorem
608 3454 741 3533 duxerit,
766 3465 832 3539 post
849 3453 958 3518 obitum
977 3455 1007 3516 in
1028 3454 1106 3518 alind
1123 3475 1228 3540 corpus

70 3555 199 3634 transit,
222 3556 310 3641 btqne
329 3553 449 3636 mulier,
474 3567 505 3621 nt
524 3567 553 3621 et
570 3556 700 3622 vicissim
724 3557 817 3642 possit
838 3557 961 3620 nubere.
1007 3555 1066 3641 Qui
1082 3559 1227 3622 bominem

71 3656 234 3736 occiderit,
259 3657 307 3720 ubi
322 3678 362 3722 ex
378 3659 432 3725 bac
451 3659 511 3724 rita
526 3659 674 3740 discessit,
696 3661 726 3724 iu
745 3659 857 3745 celepbi
877 3679 983 3744 corpus
1003 3659 1157 3744 demigrat,
1181 3670 1231 3722 aut

71 3759 188 3838 muris,
218 3771 270 3823 ant
290 3761 454 3844 serpentis,
487 3774 536 3826 aut
557 3763 633 3827 aliud
657 3763 780 3847 denique
804 3763 836 3824 lit
862 3761 1003 3826 eiusmodi
1027 3762 1111 3846 quale
1133 3757 1161 3824 id
1184 3772 1230 3824 est

73 3863 154 3948 quod
170 3862 364 3926 interfecerit.
402 3861 482 3946 Quin
498 3865 553 3928 boc
569 3865 690 3952 iusuper
705 3865 869 3944 asserebat,
894 3865 1052 3928 coelestem
1067 3864 1144 3928 illam
1160 3863 1229 3927 boni

72 4020 191 4068 Gotatren'
213 4021 334 4081 proposita
360 4023 386 4069 tn
410 4022 459 4069 uus
485 4021 546 4082 opp.
571 4021 636 4070 tritt.
671 4036 689 4070 s.
704 4035 727 4071 v.
744 4014 870 4086 Κελιφός.
904 4020 970 4070 adde
986 4020 1051 4080 infru
1067 4033 1120 4081 cop.
1136 4016 1178 4068 28.

69 4103 97 4150 p.
116 4085 169 4138 796
186 4101 222 4150 sq.
705 4087 729 4140 3.
749 4085 914 4154 βουλευομένη
931 4088 1045 4149 quovrodo
1061 4089 1173 4148 replicem
1188 4092 1231 4136 out

107 4156 134 4207 2
154 4156 231 4214 „Vox
248 4154 295 4204 ieta
319 4155 427 4221 κιλιφοῦ
452 4154 510 4206 mibi
527 4154 638 4205 nondum
670 4171 716 4219 qur
730 4157 855 4205 adstruunt
870 4169 916 4205 non
932 4157 1013 4206 bomo.
1046 4155 1158 4218 Suspicor
1174 4157 1230 4224 poc

73 4221 186 4290 cognita.
216 4222 254 4272 Ab
269 4222 316 4272 bac
334 4221 453 4289 xrtsplnr
470 4222 575 4275 forsitan
590 4222 638 4273 de-
672 4222 817 4288 κολουμένη.
848 4225 979 4273 Gotoberus
993 4224 1032 4270 tt
1048 4236 1074 4283 p.
1083 4221 1139 4274 799.
1154 4227 1231 4286 surpt-

71 4292 187 4352 rivatur,
213 4290 281 4358 quod
298 4300 336 4341 est
353 4291 420 4342 haer.
435 4290 483 4350 55,
500 4288 545 4340 9³¹
563 4307 638 4343 unno-
671 4297 737 4342 cobar
761 4291 852 4353 aliquid
875 4293 987 4340 reddisse
1010 4293 1045 4339 r'tu
1070 4293 1231 4354 rumpendum

71 4365 133 4412 tund
150 4363 270 4412 Petuntur.
313 4361 340 4408 Υ.
359 4373 419 4423 quoe
441 4361 476 4408 tbi
497 4363 586 4422 protutt
609 4374 638 4410 ea
670 4363 764 4422 statutt,
788 4365 857 4423 etque
872 4361 1041 4422 supplendum:
1067 4359 1127 4412 bsai
1146 4361 1231 4428 βουλο-

73 4432 191 4480 &turneb
206 4429 329 4490 munus,
345 4429 638 4491 etquoeodr'etttlucon·
672 4427 736 4494 μόνη
756 4455 772 4466 -
787 4453 800 4466 -
823 4427 986 4496 ernostum
1013 4428 1142 4492 subiret,
1167 4423 1231 4480 elsua

71 4500 127 4560 qius
144 4499 220 4549 σιω.
236 4497 270 4546 od
285 4497 379 4560 Sertptt
395 4497 457 4548 Med.
470 4497 546 4559 ulos.
556 4499 639 4548 Graec.
671 4493 720 4564 γὰρ
737 4501 787 4548 cett.
821 4499 867 4549 Nee
883 4499 997 4560 improbo.
