3168 4926
374 261 511 314 canaan
528 261 590 314 nro.
603 263 638 315 n.
655 263 738 316 non.
753 263 772 315 a.
789 247 888 315 nana.
900 261 1018 314 xcviii.
1232 246 1274 310 27

119 379 204 445 Pauli
220 401 326 444 aonam
343 381 468 468 arripuit
483 403 576 467 eaque
594 383 683 468 pedes
705 405 775 446 suos
795 383 917 466 alligans
935 381 975 444 ita
995 381 1110 444 locotus
1128 389 1193 446 csa=
1225 383 1275 442 Vt·

118 507 181 546 mm
200 488 436 546 cumessam
459 507 549 558 zone,
575 487 705 566 tepebunt
722 489 800 547 ellum
822 499 851 547 ct
869 488 1009 546 adducent
1030 489 1060 546 a'n
1082 487 1269 546 mensulem.

118 585 166 650 Ad
192 587 265 649 baec
285 587 472 650 Antiochiam
496 587 654 674 prophetae
680 587 793 672 qnidam
814 589 933 651 venisse
953 599 1126 664 narrantur,
1153 589 1273 650 lamera·

119 709 173 772 que
189 689 342 753 nuntiasse
359 702 420 754 toto
438 701 584 754 terrarum
604 689 675 754 orbe
693 691 831 754 laturam.
876 687 943 752 Nec
962 711 1038 754 vana
1056 691 1271 775 praedictorum

117 792 188 854 fides
213 793 279 856 luit.
324 794 423 876 Atque
441 803 473 857 ut
492 813 580 856 veros
597 793 663 856 illos
689 793 844 878 propbetas
862 792 953 855 luisse
979 803 1174 871 monstraret,
1198 793 1272 855 scri-

117 905 201 978 ptura
219 897 317 958 statim
333 896 484 958 adiunxit:
511 900 588 974 (tuuc
596 897 681 979 secto
699 907 743 956 est
757 897 809 956 rob
825 898 942 957 Claudio
960 900 1090 957 Caesare.
1138 897 1179 958 At
1196 893 1273 958 Pau-

117 997 161 1060 los
181 997 388 1060 sanctissimos
404 997 552 1082 apostolus
572 997 712 1060 instinctu
730 997 898 1083 prophetico
918 997 1009 1060 dixite
1034 1001 1160 1078 Spiritus
1181 1006 1425 1064 catemariam.

118 1102 269 1182 manifeste
286 1105 371 1174 debit,
396 1105 430 1162 In
446 1105 605 1162 nooabsa'mis
623 1102 720 1161 demus
739 1103 884 1163 obstabunt
902 1113 1025 1182 temporo
1042 1102 1190 1184 deffico'ltb,
1215 1113 1269 1162 etc.

117 1197 190 1265 ltem
209 1203 271 1265 alio
289 1203 318 1265 iu
338 1203 421 1265 loooc
445 1207 597 1265 discedent
617 1207 728 1284 quidum
750 1225 856 1266 nanno
872 1207 951 1285 fide,
976 1207 1425 1284 cramtenresrpm‘n21.nma‚a

116 1307 167 1366 bos
191 1309 320 1378 morab,
350 1316 380 1366 ct
400 1309 538 1368 doctrinis
562 1309 784 1380 doemoniorum,
811 1308 1018 1388 pachomium
1041 1307 1161 1380 nubre,
1186 1307 1273 1367 oben·-

116 1429 183 1468 ner-e
203 1429 223 1468 o
241 1411 329 1482 mbas,
355 1431 424 1489 qnos
440 1412 509 1469 dens
525 1413 632 1470 creauit
649 1413 688 1470 nd
707 1413 915 1491 percipiciendum
934 1411 1031 1483 nobas,
1056 1413 1108 1490 qui
1120 1429 1191 1469 enno
1201 1429 1272 1488 gro-

116 1516 220 1571 nna-um
236 1516 349 1572 conone
364 1516 487 1586 utimur,
512 1511 539 1573 id
559 1512 633 1595 qnod
652 1511 681 1574 in
697 1512 780 1575 vobis
799 1531 833 1575 ao
850 1511 941 1574 vestri
960 1510 1102 1574 similibus
1121 1529 1187 1574 esse
1206 1514 1272 1596 pe'r·

117 1613 225 1676 lectum
244 1633 294 1676 res
313 1612 376 1697 ipsa
395 1614 536 1676 declarat.
582 1611 699 1676 Etenim
722 1615 879 1700 pleraeque
901 1614 1014 1677 illarum
1035 1614 1197 1676 haereseon
1221 1635 1274 1677 nu·

114 1713 182 1799 ptiis
208 1726 296 1799 atque
321 1737 375 1778 osu
398 1717 588 1799 quorumdam
615 1716 744 1780 ciborum
765 1717 959 1793 interdicunt,
985 1737 1043 1779 non
1063 1727 1095 1780 ut
1116 1715 1273 1780 sanctioris

115 1817 196 1880 vitae
214 1839 310 1900 gentas
332 1817 503 1898 instituant,
528 1829 578 1880 ant
595 1820 630 1880 ad
651 1820 894 1903 praestantiorem
917 1819 1052 1882 virtutem
1075 1841 1109 1882 ao
1132 1819 1273 1882 coelestia

115 1920 293 2004 praeminet
312 1941 440 1983 coronas
459 1932 646 2004 comparent,
671 1923 721 1986 sed
739 1923 815 2006 quod
836 1922 1007 1986 detestanda
1028 1942 1102 2006 qnae
1120 1941 1136 1984 a
1154 1920 1272 1985 domino

116 2023 235 2084 condita
258 2034 327 2085 sont
349 2022 530 2086 existiment.

199 2123 243 2187 tlt
259 2125 386 2188 ecclesia
403 2125 546 2188 catholica
567 2137 598 2189 et
616 2125 815 2212 virginitatem
838 2127 985 2212 praedicat
1009 2137 1038 2190 et
1062 2126 1204 2190 coelibem
1226 2127 1271 2190 vi·
1290 2135 1409 2204 capax.

115 2237 194 2304 nm,
219 2248 254 2290 ac
279 2227 480 2291 castimoniam
504 2227 731 2312 vicinitatemque
756 2229 918 2307 collaudat,
943 2239 974 2293 et
997 2229 1134 2293 boasestas
1158 2231 1273 2315 nuptias
1326 2265 1334 2278 ·

116 2330 233 2392 uolitet
253 2331 410 2415 approbat3
435 2341 535 2416 stupra
551 2352 642 2410 vero,
668 2329 862 2394 adulterinae
881 2331 1014 2395 libidines
1031 2333 1177 2418 probibet.
1223 2331 1274 2396 Ex

116 2453 176 2517 qno
194 2452 295 2494 veram
322 2455 356 2495 aa
380 2454 549 2517 germanam
573 2433 718 2496 ecclesiae
744 2433 903 2496 catholicae
924 2445 1020 2497 notam
1042 2445 1071 2496 et
1093 2435 1272 2498 adulterinos

116 2537 242 2599 aliorum
270 2535 345 2598 ritus
374 2537 442 2599 licet
468 2535 591 2615 intueri,
626 2557 661 2600 ac
688 2536 927 2620 quemadmodum
955 2537 1090 2601 sincerae
1119 2537 1274 2621 religionis

117 2640 256 2722 dogmata
278 2636 315 2700 ab
332 2639 409 2701 omni
428 2657 531 2702 errore
549 2659 584 2702 ac
600 2639 742 2702 flexuosis
759 2637 928 2722 ambagibus
946 2651 975 2702 et
992 2639 1122 2726 abruptis
1138 2661 1173 2702 ac
1196 2640 1273 2703 sale·

114 2740 213 2804 brasis
238 2739 394 2826 itineribus
421 2742 578 2805 declinent.
626 2739 691 2804 Hoc
713 2741 789 2804 enim
815 2752 845 2803 et
865 2753 933 2806 ante
959 2744 1057 2806 monui
1079 2743 1115 2804 ab
1138 2743 1271 2828 apostolo

114 2861 184 2904 esse
200 2842 400 2926 praedictum,
426 2843 578 2908 etiterum
600 2843 744 2906 monebo:
770 2842 810 2905 nti
828 2863 883 2906 nos
901 2845 1048 2908 cantiones
1068 2845 1213 2923 efficeret,
1237 2865 1273 2907 ao

113 2954 337 3008 sacrosanctam
365 2945 520 3009 ecclesiam
543 2945 669 3030 propriis
696 2945 866 3032 quibusdam
892 2947 969 3012 notis
994 2946 1029 3010 ab
1058 2947 1271 3011 baereticorum

114 3067 220 3111 errore
242 3049 441 3124 discerneret,
465 3048 507 3110 ita
532 3046 755 3132 pronuntiasse:
781 3045 866 3129 Quae
891 3051 985 3111 adeo
1010 3061 1090 3112 recte
1112 3051 1272 3114 constituta

113 3161 183 3213 sont
210 3149 375 3212 incredibili
403 3150 523 3213 audacia
544 3149 732 3234 prohibentes
755 3151 829 3214 istos
851 3151 963 3236 privata
986 3153 1126 3236 quaedam
1150 3153 1269 3215 decreta

115 3256 246 3316 mamre.
293 3250 378 3334 Quod
394 3253 429 3315 ad
446 3273 497 3316 eos
514 3251 640 3336 pertinet
658 3251 707 3335 qui
723 3252 837 3337 nuptias
853 3253 1024 3338 prohibent,
1048 3263 1078 3317 et
1094 3275 1111 3318 a
1128 3254 1200 3318 cibis
1218 3253 1270 3318 ab·

115 3355 228 3419 stinerc
251 3355 444 3440 praecipiunt.
489 3355 580 3438 Atqui
596 3353 668 3417 deus
684 3355 747 3439 ipse
767 3355 887 3419 verbnm
909 3357 938 3419 in
958 3354 1121 3440 Evangelio
1137 3357 1272 3422 modera-

116 3459 226 3521 tionem
252 3457 280 3519 ei
309 3459 349 3520 rei
373 3458 514 3542 quandam
542 3455 692 3542 apposuit:
731 3461 795 3532 Vn,
820 3457 929 3544 inquit,
949 3462 1093 3543 perfectus
1116 3483 1186 3522 csse.
1234 3457 1269 3522 ln
1300 3467 1384 3564 pgtttpl·

116 3581 224 3645 quoae
243 3560 278 3622 ad
300 3559 451 3623 humanam
471 3559 667 3622 occiditionem
686 3571 715 3622 et
734 3560 961 3624 imbecillitatem
976 3563 1195 3626 accommodare
1216 3583 1269 3624 vo·
1333 3552 1341 3576 ’
1380 3547 1387 3562 ’

116 3665 180 3727 luit.
226 3659 270 3726 lis
297 3661 374 3725 euim
400 3663 561 3726 delectatur
589 3663 703 3746 quidem
730 3662 779 3747 qui
807 3663 948 3727 eiusmodi
976 3665 1093 3749 pietatis
1119 3661 1270 3748 specimen

118 3776 271 3851 praestare
294 3765 457 3848 potuerint,
482 3775 512 3828 ot
534 3765 751 3848 virginitatem,
777 3767 978 3830 castimoniam
1005 3766 1271 3850 continentiamque

118 3870 327 3953 profiteantur:
352 3867 516 3952 singulares
533 3887 621 3953 porro
638 3869 753 3954 nuptias
773 3870 973 3947 commendat,
988 3891 1061 3932 cum
1078 3871 1271 3934 sacerdotalia

117 3991 238 4034 monera
267 3979 296 4032 et
320 3981 489 4033 ornamenta
512 3992 576 4034 cum
601 3969 637 4033 iis
664 3973 711 4055 qui
738 3983 804 4057 post
826 3993 899 4035 unas
921 3971 1037 4056 nuptias
1059 3970 1269 4036 continentiam

120 4071 319 4151 servaverint,
344 4084 394 4136 aut
408 4075 437 4136 in
453 4071 621 4158 virginitate
636 4073 828 4157 perstiterint,
854 4073 1092 4137 communicanda
1109 4095 1177 4138 esse
1192 4075 1273 4139 velut

119 4175 148 4238 in
170 4177 295 4261 qondam
321 4175 481 4260 exemplari
500 4175 727 4253 monstraverit3
756 4175 784 4238 id
805 4177 879 4258 quod
903 4175 1028 4262 apostoli
1051 4175 1156 4239 deinde
1175 4177 1271 4240 eccle·

120 4276 234 4343 siastioa
261 4279 419 4342 sacerdotii
443 4278 546 4362 regula
570 4278 692 4342 honeste
715 4297 751 4340 ao
771 4277 909 4362 religiose
929 4279 1135 4344 decreverunt.
1182 4276 1270 4360 Quod

122 4381 146 4444 ai
163 4383 223 4466 qais
242 4393 310 4468 post
327 4380 429 4444 uxoris
444 4380 553 4468 obitum
571 4379 715 4444 secundas
730 4380 845 4467 nuptias
863 4401 916 4467 pro
933 4401 986 4466 sua
1003 4381 1201 4445 imbecillitate
1219 4382 1269 4443 de-

123 4484 239 4564 siderat,
265 4484 386 4548 minimo
402 4485 431 4547 id
446 4485 562 4568 quidem
578 4483 712 4548 veritatis
733 4485 835 4568 regula
854 4485 999 4572 probibet,
1023 4485 1052 4548 in
1071 4503 1107 4547 eo
1126 4483 1269 4547 duntaxat
