3168 4926
485 245 622 300 rauunn
640 247 703 299 ura.
715 248 748 302 u.
764 247 846 300 rou.
860 249 880 297 r.
1243 234 1263 300 5

190 363 247 430 Vl.
281 363 457 445 Marciani,
481 365 518 432 eb
535 365 650 432 Adamo
666 365 766 432 neseio
782 386 840 450 quo
855 364 976 430 virente
992 368 1035 430 sic
1050 368 1132 446 dicti,
1156 367 1265 434 ridicu·

100 469 162 532 lum
178 468 373 554 potiusquam
391 468 552 534 verisimile
570 468 674 554 dogma
692 467 875 554 profitentur.
921 465 1000 532 Nudi
1017 469 1137 555 quippe,
1161 469 1264 554 quales

101 591 142 634 ex
161 581 245 634 utero
264 571 365 634 matris
383 571 498 656 egressi
519 581 604 648 sunt,
638 571 692 637 viri
714 569 833 655 perinde
856 590 891 632 ao
911 571 1047 634 muheres
1068 573 1259 649 conveniunt,

101 685 190 758 atque
204 673 246 738 ita
261 673 455 753 lectionibus,
479 673 661 736 orationibus
677 693 712 736 oe
728 673 836 736 ceteris
852 671 1004 756 religionis
1018 673 1119 738 officiis
1135 675 1261 756 lungun·

101 786 168 856 tur,
201 787 232 838 et
256 775 395 840 videlicet
418 775 626 840 monachorum
656 795 691 836 no
715 773 926 838 continentium
953 775 1085 838 instituta
1110 787 1262 840 sectantur

99 879 274 964 nuptiasque
296 879 503 960 condemnant.
550 875 713 941 Ecclesiam
741 897 814 940 vcro
842 899 924 942 suam
946 874 1119 940 Paradisum
1149 901 1261 942 nuncu·

99 991 180 1066 pant.

185 1078 257 1146 vtt.
293 1079 466 1168 sampsaei,
498 1081 562 1144 sire
584 1079 739 1161 Eloesaei,
770 1084 806 1145 nd
829 1083 903 1146 bano
926 1080 1000 1144 diem
1024 1081 1053 1143 in
1075 1081 1185 1144 Arabia
1209 1083 1259 1146 de·

96 1195 182 1269 gunt,
206 1204 296 1270 supra
311 1181 462 1248 Mortuum
479 1181 580 1264 Mare,
604 1181 701 1248 Elxee
719 1185 867 1249 cuiusdam
884 1183 1154 1270 pseudoprophetae
1173 1184 1259 1247 disci-

96 1287 167 1372 puli.
213 1284 240 1350 E
255 1286 337 1352 euius
351 1287 443 1372 stirpe
457 1283 593 1350 Muribus
608 1297 637 1349 et
651 1283 799 1350 Marthinn
817 1287 941 1360 feminee
956 1288 1030 1352 duae
1045 1296 1143 1350 netate
1158 1297 1258 1350 nostra
1325 1326 1327 1332 ·

95 1390 287 1473 prodierunt,
319 1409 390 1473 quas
410 1389 529 1452 deerunt
548 1388 643 1452 instar
662 1387 793 1453 haeresis
813 1389 867 1452 ista
888 1388 989 1452 coluit.
1037 1387 1147 1452 Eadem
1168 1409 1258 1474 porro

95 1513 160 1556 cum
185 1487 348 1556 Ebiunaeis
371 1491 490 1554 omniuo
513 1491 655 1555 sentiunt.

180 1694 270 1762 Vlll.
304 1693 501 1760 Theodotiarri
525 1694 715 1760 aTheodoto
734 1696 861 1760 coriario
881 1694 1048 1783 Byzantion
1071 1695 1151 1758 dieti.
1196 1695 1257 1779 Qui

94 1801 223 1868 Graecis
240 1799 353 1864 ortibus
371 1800 502 1884 apprime
520 1797 573 1862 tuit
588 1799 750 1862 institutus.
797 1797 853 1862 llio
870 1820 935 1862 cunr
952 1798 1019 1862 aliis
1037 1798 1205 1882 quibusdam
1225 1799 1256 1862 in

94 1927 130 1968 ea
153 1925 230 1988 quoe
254 1914 314 1966 turn
337 1900 490 1966 saeviebat
510 1901 714 1986 perseeutione
735 1903 981 1986 comprehensus,
1013 1923 1078 1964 cum
1098 1899 1171 1963 socii
1191 1900 1255 1962 eius

97 2027 202 2070 omues
218 2003 391 2091 martyrium
406 2003 566 2082 obiissent,
590 2003 671 2068 solus
689 2003 772 2068 tidem
790 2004 928 2068 eiuraritss
975 2001 1021 2070 Ob
1039 2003 1125 2087 idque
1141 2003 1255 2090 probris

56 2107 59 2115 ’
94 2109 241 2194 appetitus
263 2109 291 2172 id
312 2106 513 2190 excogitavit,
547 2117 579 2168 ut
595 2103 744 2170 Christum
763 2108 869 2170 nudunr
889 2127 955 2169 esse
975 2106 1119 2170 borninenn
1138 2095 1259 2170 assere-⁸

94 2223 154 2287 ret,
179 2231 215 2274 ne
232 2209 347 2272 crimini
365 2209 420 2272 sibi
439 2207 515 2271 istud
532 2219 709 2284 verteretur,
734 2208 810 2292 quod
826 2209 889 2272 eius
906 2208 1086 2272 ilicinitatem
1102 2221 1253 2292 negasset.

180 2309 239 2375 ΙΧ.
272 2308 533 2374 Melchisedeeiani
551 2307 800 2374 Melchisedecum
820 2311 860 2374 itu
879 2322 1073 2389 verterentur,
1104 2321 1137 2374 ut
1153 2309 1254 2374 Virtu-

93 2427 153 2479 tem
172 2435 239 2478 esse
256 2415 399 2498 quaradam
417 2411 568 2491 iactitent,
593 2434 650 2475 non
670 2413 815 2477 bominem
833 2414 993 2476 duntaxat:
1017 2424 1047 2476 et
1068 2413 1097 2476 in
1118 2413 1182 2476 eius
1201 2435 1254 2478 no·

92 2518 173 2581 mine
195 2518 294 2580 lacere
317 2536 351 2580 ae
374 2517 473 2580 dicere
495 2515 591 2579 omnin
614 2535 795 2600 nequequam
820 2515 961 2578 dubitant.

178 2616 223 2682 X.
261 2615 510 2683 Bardesianistoe.
557 2614 756 2680 llardesienus
774 2617 829 2679 iste
848 2635 864 2680 e
880 2615 1095 2702 Mesopotamia
1111 2616 1253 2682 oriundus

91 2722 241 2788 sinceram
259 2722 343 2784 bdern
361 2721 444 2784 initio
462 2721 632 2805 complexus
651 2730 714 2798 est,
738 2741 773 2782 ao
792 2718 935 2804 sapientia
956 2720 1111 2804 praestitit.
1157 2717 1217 2784 Sed
1235 2742 1252 2783 a

92 2827 222 2890 veritate
240 2834 341 2910 postea
358 2825 500 2888 recedens
515 2823 616 2886 eadem
633 2843 697 2886 cum
713 2819 872 2886 Valentino
890 2821 1004 2902 docuit,
1029 2833 1146 2906 praeter
1159 2845 1252 2908 pauca

92 2929 256 3014 quaedem,
280 2927 310 2990 in
336 2925 439 3011 quibus
462 2925 569 2990 abillo
592 2925 748 3010 discrepat.

177 3027 238 3093 Xl.
271 3026 425 3093 Nodtiani.
470 3025 587 3092 Nodtus
610 3027 656 3090 bic
674 3024 865 3113 Smyrnensis
885 3047 924 3090 ex
941 3025 1014 3091 Asia
1034 3027 1098 3091 fuit.
1144 3024 1251 3112 Quiin

91 3134 182 3198 altum
206 3131 340 3196 sublatus
369 3152 434 3194 curn
464 3130 529 3193 aliis
551 3129 720 3214 quibusdem
747 3129 912 3214 patrililium
937 3149 1074 3194 asserere
1099 3126 1250 3195 Christum

92 3245 255 3311 amasset,
280 3234 461 3317 eundemque
479 3241 589 3318 patrem
604 3251 638 3294 ae
655 3232 742 3295 lilium
758 3243 788 3295 et
801 3231 935 3318 spiritum
953 3243 1084 3296 sanctum
1100 3252 1167 3296 esse
1184 3253 1251 3320 pro·
1373 3241 1374 3246 ’

93 3337 186 3416 lteri,
211 3357 246 3400 se
269 3357 343 3400 vero
364 3331 510 3420 Moysen,
535 3335 656 3397 tratrem
678 3355 762 3398 sunm
786 3335 938 3398 Aaronem
961 3335 1070 3398 dicere.

177 3435 256 3502 Xll.
294 3435 417 3502 Valesii.
463 3435 519 3516 lli,
551 3446 689 3520 quantum
707 3437 856 3522 suspicor,
885 3433 1172 3517 Baoetbibabitant‚
1201 3439 1249 3523 qui

94 3555 138 3606 est
159 3540 292 3606 Arabiae
314 3536 564 3626 Philadelpbeusis
587 3538 741 3624 primarius
761 3540 856 3604 vicus.
904 3537 993 3602 lidem
1016 3541 1190 3604 accedentes
1213 3541 1250 3602 ad
1332 3577 1335 3586 ·

94 3666 160 3710 sese
174 3654 308 3708 castrare
323 3643 430 3706 solent.
478 3641 521 3706 Ac
537 3641 667 3727 plerique
680 3641 757 3704 inter
773 3642 838 3705 illos
855 3641 979 3706 eunuchi
995 3652 1062 3706 sunt
1079 3657 1109 3706 et
1122 3641 1246 3706 exsecti.

95 3746 212 3812 llebeut
227 3755 259 3808 et
274 3745 330 3808 alia
349 3746 488 3830 quaedam
505 3745 617 3809 erroris
634 3743 802 3830 plenissima
819 3746 971 3829 dogmata,
995 3755 1082 3829 atque
1099 3743 1177 3806 inter
1191 3743 1248 3807 elia

95 3850 188 3934 legem
205 3869 242 3913 ao
258 3847 413 3933 prophetes
429 3846 576 3910 reiieiunt.
620 3845 776 3911 Postremo
792 3848 1019 3912 innumerabiles
1036 3847 1072 3910 ad
1090 3845 1139 3910 illa
1156 3846 1249 3910 loedi-

95 3962 169 4016 tates
191 3949 344 4015 adiiciunt.

93 4143 130 4190 rut
143 4133 278 4206 duacen,
294 4143 321 4188 ut
332 4139 394 4189 idern
406 4143 466 4190 recte
481 4141 614 4190 emcnductt
627 4142 653 4190 tn
685 4135 730 4192 καὶ
746 4137 796 4190 τῶν
813 4140 959 4204 προφητῶν,
975 4152 1005 4188 νο
1019 4139 1106 4190 lucane
1120 4141 1248 4192 Βοονοοοι-

94 4211 142 4260 uuo
155 4211 252 4272 nuru
267 4209 397 4270 emeat„
413 4210 454 4257 cor
468 4213 532 4258 esur
548 4203 588 4275 ἐφ’
604 4201 651 4271 ἅρ-
683 4221 721 4256 aa.
750 4208 806 4256 coa.
820 4208 917 4270 nnana.
933 4212 954 4256 u
966 4209 1003 4256 ea.
1016 4221 1052 4268 pr.
1066 4209 1150 4258 neunt
1164 4224 1247 4274 σαφη-

95 4293 168 4342 ματι,
192 4277 256 4340 pund
276 4277 348 4326 nebu
367 4279 438 4326 utum
456 4277 523 4338 opud
540 4279 650 4327 toonnern
683 4273 789 4336 νίζοντες
805 4275 849 4326 τοῦ
867 4292 887 4326 ν.
905 4293 929 4326 νο
947 4292 969 4327 τ.
986 4277 1131 4342 προφητῶν.
1165 4277 1193 4328 ln
1209 4278 1247 4327 ed.

92 4347 272 4396 numm.
310 4345 352 4394 Str
368 4345 432 4394 beer.
447 4345 538 4407 burn,
560 4343 585 4395 3.
601 4346 652 4394 tntt
684 4345 765 4394 Petro.
776 4345 860 4406 tapttur
873 4335 1035 4410 ἀφανίζοντες
1051 4340 1094 4396 τὸν
1108 4341 1184 4409 νόμον
1202 4343 1248 4398 καὶ

94 4405 238 4480 'Endppurt
254 4409 303 4479 γὰρ
321 4407 411 4478 u'pbelr
428 4408 444 4467 ὅ
460 4411 541 4479 γέρων
558 4417 599 4462 etc.
685 4407 744 4471 τοὺς
760 4409 907 4477 repoenitere:
930 4417 1029 4462 ueterem
1044 4415 1187 4473 scripturum
1201 4415 1247 4464 Pe-

133 4483 160 4534 u
182 4483 280 4534 verast
302 4475 482 4548 ἅφηνιάζοντος
506 4479 551 4534 τοῦ
575 4477 652 4548 νόμον
684 4483 762 4531 mutus
779 4481 901 4532 adnuuutt
917 4483 942 4532 tn
959 4495 1035 4546 rnurp.
1052 4493 1110 4532 rude
1127 4481 1181 4534 edit
