<?xml version="1.0" encoding="UTF-8"?>
<!DOCTYPE html PUBLIC "-//W3C//DTD XHTML 1.0 Transitional//EN"
    "http://www.w3.org/TR/xhtml1/DTD/xhtml1-transitional.dtd">
<html xmlns="http://www.w3.org/1999/xhtml" xml:lang="en" lang="en">
 <head>
  <title>
</title>
<meta http-equiv="Content-Type" content="text/html;charset=utf-8" />
  <meta name='ocr-system' content='tesseract 3.04.00' />
  <meta name='ocr-capabilities' content='ocr_page ocr_carea ocr_par ocr_line ocrx_word'/>
</head>
<body>
  <div class='ocr_page' id='page_1' title='image "./corporishaerese02oehlgoog_0189.png"; bbox 0 0 3116 4934; ppageno 0'>
   <div class='ocr_carea' id='block_1_1' title="bbox 172 374 290 451">
    <p class='ocr_par' dir='ltr' id='par_1_1' title="bbox 172 374 290 451">
     <span class='ocr_line' id='line_1_1' title="bbox 172 374 290 451; baseline 0 -17"><span class='ocrx_word' id='word_1_1' title='bbox 172 374 239 448; x_wconf 73' lang='grc' dir='ltr'><strong><em>Κεφ.</em></strong></span> <span class='ocrx_word' id='word_1_2' title='bbox 258 379 290 451; x_wconf 84' lang='grc' dir='ltr'><strong><em>β’.</em></strong></span> 
     </span>
    </p>
   </div>
   <div class='ocr_carea' id='block_1_2' title="bbox 179 3043 296 3118">
    <p class='ocr_par' dir='ltr' id='par_1_2' title="bbox 179 3043 296 3118">
     <span class='ocr_line' id='line_1_2' title="bbox 179 3043 296 3118; baseline -0.026 -14"><span class='ocrx_word' id='word_1_3' title='bbox 179 3048 246 3118; x_wconf 77' lang='grc' dir='ltr'><strong><em>Κεφ.</em></strong></span> <span class='ocrx_word' id='word_1_4' title='bbox 264 3043 296 3117; x_wconf 82' lang='grc' dir='ltr'><strong><em>γ’.</em></strong></span> 
     </span>
    </p>
   </div>
   <div class='ocr_carea' id='block_1_3' title="bbox 310 249 1042 313">
    <p class='ocr_par' dir='ltr' id='par_1_3' title="bbox 310 249 1042 313">
     <span class='ocr_line' id='line_1_3' title="bbox 310 249 1042 313; baseline 0.001 -2"><span class='ocrx_word' id='word_1_5' title='bbox 310 249 369 313; x_wconf 87' lang='grc'><strong><em>168</em></strong></span> <span class='ocrx_word' id='word_1_6' title='bbox 733 259 854 311; x_wconf 79' lang='grc' dir='ltr'><strong><em>οιιιοει</em></strong></span> <span class='ocrx_word' id='word_1_7' title='bbox 872 251 1042 312; x_wconf 77' lang='grc' dir='ltr'><strong><em>εοιελιιυιι</em></strong></span> 
     </span>
    </p>
   </div>
   <div class='ocr_carea' id='block_1_4' title="bbox 310 374 1474 873">
    <p class='ocr_par' dir='ltr' id='par_1_4' title="bbox 310 374 1474 873">
     <span class='ocr_line' id='line_1_4' title="bbox 398 374 1469 466; baseline 0.003 -25"><span class='ocrx_word' id='word_1_8' title='bbox 398 374 498 458; x_wconf 83' lang='grc' dir='ltr'><strong><em>Πολλή</em></strong></span> <span class='ocrx_word' id='word_1_9' title='bbox 522 376 555 441; x_wconf 78' lang='grc' dir='ltr'><strong><em>δὲ</em></strong></span> <span class='ocrx_word' id='word_1_10' title='bbox 575 375 792 460; x_wconf 83' lang='grc' dir='ltr'><strong><em>φρενοβλύβεια</em></strong></span> <span class='ocrx_word' id='word_1_11' title='bbox 814 383 874 442; x_wconf 72' lang='grc' dir='ltr'><strong><em>τοῖν</em></strong></span> <span class='ocrx_word' id='word_1_12' title='bbox 896 375 1048 442; x_wconf 82' lang='grc' dir='ltr'><strong><em>τοιούτων.</em></strong></span> <span class='ocrx_word' id='word_1_13' title='bbox 1094 380 1137 442; x_wconf 73' lang='lat' dir='ltr'><strong><em>El</em></strong></span> <span class='ocrx_word' id='word_1_14' title='bbox 1158 377 1210 459; x_wconf 78' lang='grc' dir='ltr'><strong><em>μέν</em></strong></span> <span class='ocrx_word' id='word_1_15' title='bbox 1232 377 1289 464; x_wconf 82' lang='grc' dir='ltr'><strong><em>γδρ</em></strong></span> <span class='ocrx_word' id='word_1_16' title='bbox 1311 377 1345 443; x_wconf 89' lang='grc' dir='ltr'><strong><em>τό</em></strong></span> <span class='ocrx_word' id='word_1_17' title='bbox 1374 379 1407 444; x_wconf 87' lang='grc' dir='ltr'><strong><em>ίν</em></strong></span> <span class='ocrx_word' id='word_1_18' title='bbox 1428 385 1469 466; x_wconf 75' lang='grc' dir='ltr'><strong><em>τῷ</em></strong></span> 
     </span>
     <span class='ocr_line' id='line_1_5' title="bbox 310 475 1471 570; baseline -0.001 -25"><span class='ocrx_word' id='word_1_19' title='bbox 310 477 465 565; x_wconf 75' lang='grc' dir='ltr'><strong><em>εὐαγγελίῳ</em></strong></span> <span class='ocrx_word' id='word_1_20' title='bbox 482 475 640 560; x_wconf 83' lang='grc' dir='ltr'><strong><em>βούλονται</em></strong></span> <span class='ocrx_word' id='word_1_21' title='bbox 656 487 805 565; x_wconf 79' lang='grc' dir='ltr'><strong><em>πληροῦν,</em></strong></span> <span class='ocrx_word' id='word_1_22' title='bbox 826 477 878 566; x_wconf 83' lang='grc' dir='ltr'><strong><em>τό,</em></strong></span> <span class='ocrx_word' id='word_1_23' title='bbox 907 477 983 544; x_wconf 61' lang='lat' dir='ltr'><strong><em>&#39;Edu</em></strong></span> <span class='ocrx_word' id='word_1_24' title='bbox 998 483 1173 570; x_wconf 73' lang='grc' dir='ltr'><strong><em>σκανδαλίζῃ</em></strong></span> <span class='ocrx_word' id='word_1_25' title='bbox 1190 501 1222 544; x_wconf 87' lang='grc' dir='ltr'><strong><em>σε</em></strong></span> <span class='ocrx_word' id='word_1_26' title='bbox 1237 485 1273 545; x_wconf 73' lang='grc' dir='ltr'><strong><em>ἓν</em></strong></span> <span class='ocrx_word' id='word_1_27' title='bbox 1291 486 1353 545; x_wconf 78' lang='grc' dir='ltr'><strong><em>τῶν</em></strong></span> <span class='ocrx_word' id='word_1_28' title='bbox 1375 487 1471 563; x_wconf 78' lang='grc' dir='ltr'><strong><em>μελῶν</em></strong></span> 
     </span>
     <span class='ocr_line' id='line_1_6' title="bbox 310 577 1469 668; baseline -0.001 -21"><span class='ocrx_word' id='word_1_29' title='bbox 310 603 381 660; x_wconf 93' lang='grc' dir='ltr'><strong><em>σου,</em></strong></span> <span class='ocrx_word' id='word_1_30' title='bbox 403 578 565 660; x_wconf 84' lang='grc' dir='ltr'><strong><em>ὐπόκοψον</em></strong></span> <span class='ocrx_word' id='word_1_31' title='bbox 587 577 647 646; x_wconf 82' lang='grc' dir='ltr'><strong><em>όπό</em></strong></span> <span class='ocrx_word' id='word_1_32' title='bbox 665 589 737 661; x_wconf 82' lang='grc' dir='ltr'><strong><em>σοῦ,</em></strong></span> <span class='ocrx_word' id='word_1_33' title='bbox 760 583 904 667; x_wconf 76' lang='grc' dir='ltr'><strong><em>συμφέρει</em></strong></span> <span class='ocrx_word' id='word_1_34' title='bbox 922 580 979 668; x_wconf 82' lang='grc' dir='ltr'><strong><em>γόρ</em></strong></span> <span class='ocrx_word' id='word_1_35' title='bbox 996 602 1043 647; x_wconf 92' lang='grc' dir='ltr'><strong><em>σοι</em></strong></span> <span class='ocrx_word' id='word_1_36' title='bbox 1063 585 1228 658; x_wconf 78' lang='grc' dir='ltr'><strong><em>Ιείςελθεῑυ</em></strong></span> <span class='ocrx_word' id='word_1_37' title='bbox 1251 585 1292 658; x_wconf 87' lang='grc' dir='ltr'><strong><em>είς</em></strong></span> <span class='ocrx_word' id='word_1_38' title='bbox 1311 579 1366 664; x_wconf 80' lang='grc' dir='ltr'><strong><em>τήν</em></strong></span> <span class='ocrx_word' id='word_1_39' title='bbox 1386 587 1469 665; x_wconf 79' lang='grc' dir='ltr'><strong><em>βασι·</em></strong></span> 
     </span>
     <span class='ocr_line' id='line_1_7' title="bbox 310 679 1474 766; baseline 0 -18"><span class='ocrx_word' id='word_1_40' title='bbox 310 687 389 750; x_wconf 87' lang='grc' dir='ltr'><strong><em>λείαν</em></strong></span> <span class='ocrx_word' id='word_1_41' title='bbox 410 689 470 748; x_wconf 76' lang='grc' dir='ltr'><strong><em>τῶν</em></strong></span> <span class='ocrx_word' id='word_1_42' title='bbox 492 679 629 766; x_wconf 82' lang='grc' dir='ltr'><strong><em>οὐρανῶν</em></strong></span> <span class='ocrx_word' id='word_1_43' title='bbox 651 681 672 766; x_wconf 79' lang='grc' dir='ltr'><strong><em>ἢ</em></strong></span> <span class='ocrx_word' id='word_1_44' title='bbox 695 681 804 766; x_wconf 81' lang='grc' dir='ltr'><strong><em>χωλόν,</em></strong></span> <span class='ocrx_word' id='word_1_45' title='bbox 827 682 847 766; x_wconf 81' lang='grc' dir='ltr'><strong><em>ἦ</em></strong></span> <span class='ocrx_word' id='word_1_46' title='bbox 866 681 994 762; x_wconf 89' lang='grc' dir='ltr'><strong><em>τυφλόν,</em></strong></span> <span class='ocrx_word' id='word_1_47' title='bbox 1016 683 1037 766; x_wconf 79' lang='grc' dir='ltr'><em>ἢ</em></span> <span class='ocrx_word' id='word_1_48' title='bbox 1057 683 1179 764; x_wconf 86' lang='grc' dir='ltr'><strong><em>κυλλδν,</em></strong></span> <span class='ocrx_word' id='word_1_49' title='bbox 1206 692 1271 762; x_wconf 74' lang='grc' dir='ltr'><strong><em>ποῖς</em></strong></span> <span class='ocrx_word' id='word_1_50' title='bbox 1291 684 1419 750; x_wconf 81' lang='grc' dir='ltr'><strong><em>δύναται</em></strong></span> <span class='ocrx_word' id='word_1_51' title='bbox 1441 689 1474 751; x_wconf 80' lang='grc' dir='ltr'><strong><em>ἐν</em></strong></span> 
     </span>
     <span class='ocr_line' id='line_1_8' title="bbox 310 781 1474 873; baseline 0.003 -24"><span class='ocrx_word' id='word_1_52' title='bbox 310 789 442 873; x_wconf 74' lang='grc' dir='ltr'><strong><em>βασιλείᾳ</em></strong></span> <span class='ocrx_word' id='word_1_53' title='bbox 465 781 529 850; x_wconf 83' lang='grc' dir='ltr'><strong><em>τινδ</em></strong></span> <span class='ocrx_word' id='word_1_54' title='bbox 552 782 845 872; x_wconf 73' lang='grc' dir='ltr'><strong><em>ήκρατηριασμένονς</em></strong></span> <span class='ocrx_word' id='word_1_55' title='bbox 875 789 918 852; x_wconf 83' lang='grc' dir='ltr'><strong><em>Εί</em></strong></span> <span class='ocrx_word' id='word_1_56' title='bbox 933 785 990 871; x_wconf 82' lang='grc' dir='ltr'><strong><em>γδρ</em></strong></span> <span class='ocrx_word' id='word_1_57' title='bbox 1010 783 1030 868; x_wconf 87' lang='grc' dir='ltr'><strong><em>ή</em></strong></span> <span class='ocrx_word' id='word_1_58' title='bbox 1047 791 1178 869; x_wconf 85' lang='grc' dir='ltr'><strong><em>βασιλεία</em></strong></span> <span class='ocrx_word' id='word_1_59' title='bbox 1196 795 1255 852; x_wconf 75' lang='grc' dir='ltr'><strong><em>τῶν</em></strong></span> <span class='ocrx_word' id='word_1_60' title='bbox 1274 785 1414 868; x_wconf 79' lang='grc' dir='ltr'><strong><em>οὐρανῶν</em></strong></span> <span class='ocrx_word' id='word_1_61' title='bbox 1437 786 1474 852; x_wconf 77' lang='grc' dir='ltr'><strong><em>τό</em></strong></span> 
     </span>
    </p>
   </div>
   <div class='ocr_carea' id='block_1_5' title="bbox 311 885 1474 1181">
    <p class='ocr_par' dir='ltr' id='par_1_5' title="bbox 311 885 1474 1181">
     <span class='ocr_line' id='line_1_9' title="bbox 311 885 1472 978; baseline 0.003 -26"><span class='ocrx_word' id='word_1_62' title='bbox 311 887 410 952; x_wconf 74' lang='grc' dir='ltr'><strong><em>πάντα</em></strong></span> <span class='ocrx_word' id='word_1_63' title='bbox 425 888 486 951; x_wconf 86' lang='grc' dir='ltr'><strong><em>έστλ</em></strong></span> <span class='ocrx_word' id='word_1_64' title='bbox 501 893 657 966; x_wconf 86' lang='grc' dir='ltr'><strong><em>τελειοῦσα,</em></strong></span> <span class='ocrx_word' id='word_1_65' title='bbox 680 887 769 954; x_wconf 75' lang='grc' dir='ltr'><strong><em>οὐδέν</em></strong></span> <span class='ocrx_word' id='word_1_66' title='bbox 786 885 883 964; x_wconf 84' lang='grc' dir='ltr'><strong><em>ιίτελές</em></strong></span> <span class='ocrx_word' id='word_1_67' title='bbox 896 890 951 971; x_wconf 65' lang='grc' dir='ltr'><strong><em>ἔχει</em></strong></span> <span class='ocrx_word' id='word_1_68' title='bbox 967 891 999 954; x_wconf 81' lang='grc' dir='ltr'><strong><em>έν</em></strong></span> <span class='ocrx_word' id='word_1_69' title='bbox 1015 890 1115 978; x_wconf 75' lang='grc' dir='ltr'><strong><em>ἑαυτῇ.</em></strong></span> <span class='ocrx_word' id='word_1_70' title='bbox 1161 893 1222 954; x_wconf 86' lang='grc' dir='ltr'><strong><em>Καί</em></strong></span> <span class='ocrx_word' id='word_1_71' title='bbox 1237 888 1328 956; x_wconf 86' lang='grc' dir='ltr'><strong><em>όιτότε</em></strong></span> <span class='ocrx_word' id='word_1_72' title='bbox 1342 897 1397 955; x_wconf 78' lang='grc' dir='ltr'><strong><em>τοῦ</em></strong></span> <span class='ocrx_word' id='word_1_73' title='bbox 1414 889 1472 956; x_wconf 77' lang='grc' dir='ltr'><strong><em>συό-</em></strong></span> 
     </span>
     <span class='ocr_line' id='line_1_10' title="bbox 311 987 1474 1076; baseline 0.003 -23"><span class='ocrx_word' id='word_1_74' title='bbox 311 988 403 1072; x_wconf 88' lang='grc' dir='ltr'><strong><em>ματός</em></strong></span> <span class='ocrx_word' id='word_1_75' title='bbox 418 991 497 1055; x_wconf 77' lang='grc' dir='ltr'><strong><em>ἔστιν</em></strong></span> <span class='ocrx_word' id='word_1_76' title='bbox 511 987 678 1069; x_wconf 86' lang='grc' dir='ltr'><strong><em>οίνοίστασις,</em></strong></span> <span class='ocrx_word' id='word_1_77' title='bbox 700 989 798 1055; x_wconf 84' lang='grc' dir='ltr'><strong><em>ποίντα</em></strong></span> <span class='ocrx_word' id='word_1_78' title='bbox 812 989 848 1055; x_wconf 83' lang='grc' dir='ltr'><strong><em>τό</em></strong></span> <span class='ocrx_word' id='word_1_79' title='bbox 865 992 936 1072; x_wconf 85' lang='grc' dir='ltr'><strong><em>μέλη</em></strong></span> <span class='ocrx_word' id='word_1_80' title='bbox 950 988 1152 1073; x_wconf 82' lang='grc' dir='ltr'><strong><em>ὐναστήσετοιι,</em></strong></span> <span class='ocrx_word' id='word_1_81' title='bbox 1174 996 1223 1057; x_wconf 86' lang='grc' dir='ltr'><strong><em>καί</em></strong></span> <span class='ocrx_word' id='word_1_82' title='bbox 1241 991 1311 1058; x_wconf 74' lang='grc' dir='ltr'><strong><em>οὐδὲ</em></strong></span> <span class='ocrx_word' id='word_1_83' title='bbox 1326 990 1474 1076; x_wconf 83' lang='grc' dir='ltr'><strong><em>ότιότερον</em></strong></span> 
     </span>
     <span class='ocr_line' id='line_1_11' title="bbox 311 1089 1474 1181; baseline 0.002 -23"><span class='ocrx_word' id='word_1_84' title='bbox 311 1089 410 1158; x_wconf 80' lang='grc' dir='ltr'><strong><em>αὐτῶν</em></strong></span> <span class='ocrx_word' id='word_1_85' title='bbox 427 1090 702 1175; x_wconf 84' lang='grc' dir='ltr'><strong><em>καταλειφθήσεται.</em></strong></span> <span class='ocrx_word' id='word_1_86' title='bbox 749 1095 810 1158; x_wconf 82' lang='grc' dir='ltr'><strong><em>Καί</em></strong></span> <span class='ocrx_word' id='word_1_87' title='bbox 833 1096 860 1157; x_wconf 84' lang='grc' dir='ltr'><strong><em>εί</em></strong></span> <span class='ocrx_word' id='word_1_88' title='bbox 883 1091 959 1169; x_wconf 81' lang='grc' dir='ltr'><strong><em>δ’λοις</em></strong></span> <span class='ocrx_word' id='word_1_89' title='bbox 978 1092 1011 1158; x_wconf 88' lang='grc' dir='ltr'><strong><em>τό</em></strong></span> <span class='ocrx_word' id='word_1_90' title='bbox 1034 1095 1120 1175; x_wconf 89' lang='grc' dir='ltr'><strong><em>μέλος</em></strong></span> <span class='ocrx_word' id='word_1_91' title='bbox 1142 1092 1198 1159; x_wconf 85' lang='grc' dir='ltr'><strong><em>οὐκ</em></strong></span> <span class='ocrx_word' id='word_1_92' title='bbox 1217 1097 1373 1181; x_wconf 79' lang='grc' dir='ltr'><strong><em>ἐγείρεται,</em></strong></span> <span class='ocrx_word' id='word_1_93' title='bbox 1401 1093 1474 1160; x_wconf 76' lang='grc' dir='ltr'><strong><em>οὐδὲ</em></strong></span> 
     </span>
    </p>
   </div>
   <div class='ocr_carea' id='block_1_6' title="bbox 302 1192 1473 1280">
    <p class='ocr_par' dir='ltr' id='par_1_6' title="bbox 302 1192 1473 1280">
     <span class='ocr_line' id='line_1_12' title="bbox 302 1192 1473 1280; baseline 0.002 -20"><span class='ocrx_word' id='word_1_94' title='bbox 302 1203 372 1260; x_wconf 79' lang='grc' dir='ltr'><strong><em>Ιποῖν</em></strong></span> <span class='ocrx_word' id='word_1_95' title='bbox 389 1203 475 1277; x_wconf 76' lang='grc' dir='ltr'><strong><em>σῶμα</em></strong></span> <span class='ocrx_word' id='word_1_96' title='bbox 495 1192 696 1278; x_wconf 83' lang='grc' dir='ltr'><strong><em>όναστήσεται.</em></strong></span> <span class='ocrx_word' id='word_1_97' title='bbox 741 1197 802 1260; x_wconf 80' lang='grc' dir='ltr'><strong><em>Καὶ</em></strong></span> <span class='ocrx_word' id='word_1_98' title='bbox 818 1199 846 1259; x_wconf 86' lang='grc' dir='ltr'><strong><em>εί</em></strong></span> <span class='ocrx_word' id='word_1_99' title='bbox 862 1193 894 1260; x_wconf 91' lang='grc' dir='ltr'><strong><em>τό</em></strong></span> <span class='ocrx_word' id='word_1_100' title='bbox 913 1200 950 1260; x_wconf 80' lang='grc' dir='ltr'><strong><em>λλν</em></strong></span> <span class='ocrx_word' id='word_1_101' title='bbox 969 1198 1055 1278; x_wconf 82' lang='grc' dir='ltr'><strong><em>μέλος</em></strong></span> <span class='ocrx_word' id='word_1_102' title='bbox 1071 1195 1104 1261; x_wconf 89' lang='grc' dir='ltr'><strong><em>τό</em></strong></span> <span class='ocrx_word' id='word_1_103' title='bbox 1123 1201 1311 1275; x_wconf 81' lang='grc' dir='ltr'><strong><em>σιιανδαλίζου</em></strong></span> <span class='ocrx_word' id='word_1_104' title='bbox 1327 1195 1400 1262; x_wconf 84' lang='grc' dir='ltr'><strong><em>αὐτό</em></strong></span> <span class='ocrx_word' id='word_1_105' title='bbox 1419 1196 1473 1280; x_wconf 88' lang='grc' dir='ltr'><strong><em>μό-</em></strong></span> 
     </span>
    </p>
   </div>
   <div class='ocr_carea' id='block_1_7' title="bbox 310 1296 1476 2710">
    <p class='ocr_par' dir='ltr' id='par_1_7' title="bbox 310 1296 1476 2710">
     <span class='ocr_line' id='line_1_13' title="bbox 310 1296 1474 1384; baseline 0 -21"><span class='ocrx_word' id='word_1_106' title='bbox 310 1323 365 1364; x_wconf 90' lang='grc' dir='ltr'><strong><em>νον</em></strong></span> <span class='ocrx_word' id='word_1_107' title='bbox 380 1296 644 1378; x_wconf 79' lang='grc' dir='ltr'><strong><em>καταλιμπάνεται,</em></strong></span> <span class='ocrx_word' id='word_1_108' title='bbox 668 1296 755 1363; x_wconf 76' lang='grc' dir='ltr'><strong><em>οὐδὲν</em></strong></span> <span class='ocrx_word' id='word_1_109' title='bbox 769 1296 846 1373; x_wconf 82' lang='grc' dir='ltr'><strong><em>ὅλοις</em></strong></span> <span class='ocrx_word' id='word_1_110' title='bbox 860 1297 1143 1381; x_wconf 87' lang='grc' dir='ltr'><strong><em>καταλειφθήσεται,</em></strong></span> <span class='ocrx_word' id='word_1_111' title='bbox 1166 1297 1236 1365; x_wconf 75' lang='grc' dir='ltr'><strong><em>οὐδὲ</em></strong></span> <span class='ocrx_word' id='word_1_112' title='bbox 1251 1298 1396 1384; x_wconf 81' lang='grc' dir='ltr'><strong><em>ὁπότερον</em></strong></span> <span class='ocrx_word' id='word_1_113' title='bbox 1412 1307 1474 1364; x_wconf 75' lang='grc' dir='ltr'><strong><em>τῶν</em></strong></span> 
     </span>
     <span class='ocr_line' id='line_1_14' title="bbox 312 1397 1474 1486; baseline 0.001 -21"><span class='ocrx_word' id='word_1_114' title='bbox 312 1407 415 1486; x_wconf 77' lang='grc' dir='ltr'><strong><em>μελῶν.</em></strong></span> <span class='ocrx_word' id='word_1_115' title='bbox 463 1399 568 1463; x_wconf 81' lang='grc' dir='ltr'><strong><em>Πάντα</em></strong></span> <span class='ocrx_word' id='word_1_116' title='bbox 588 1398 644 1486; x_wconf 83' lang='grc' dir='ltr'><strong><em>γόρ</em></strong></span> <span class='ocrx_word' id='word_1_117' title='bbox 665 1397 744 1482; x_wconf 78' lang='grc' dir='ltr'><strong><em>ήμᾶς</em></strong></span> <span class='ocrx_word' id='word_1_118' title='bbox 768 1397 966 1465; x_wconf 82' lang='grc' dir='ltr'><strong><em>ἐσκανδόλισε.</em></strong></span> <span class='ocrx_word' id='word_1_119' title='bbox 1014 1405 1065 1476; x_wconf 83' lang='grc' dir='ltr'><strong><em>Τίς</em></strong></span> <span class='ocrx_word' id='word_1_120' title='bbox 1081 1402 1113 1466; x_wconf 77' lang='grc' dir='ltr'><strong><em>δὲ</em></strong></span> <span class='ocrx_word' id='word_1_121' title='bbox 1128 1400 1286 1486; x_wconf 79' lang='grc' dir='ltr'><strong><em>οίναρρήξει</em></strong></span> <span class='ocrx_word' id='word_1_122' title='bbox 1301 1399 1396 1467; x_wconf 84' lang='grc' dir='ltr'><strong><em>αὐτοῦ</em></strong></span> <span class='ocrx_word' id='word_1_123' title='bbox 1417 1401 1474 1484; x_wconf 84' lang='grc' dir='ltr'><strong><em>τήν</em></strong></span> 
     </span>
     <span class='ocr_line' id='line_1_15' title="bbox 310 1500 1474 1589; baseline 0 -20"><span class='ocrx_word' id='word_1_124' title='bbox 310 1508 436 1589; x_wconf 75' lang='grc' dir='ltr'><strong><em>καρδίαν</em></strong></span> <span class='ocrx_word' id='word_1_125' title='bbox 458 1500 557 1567; x_wconf 73' lang='grc' dir='ltr'><strong><em>πάντα</em></strong></span> <span class='ocrx_word' id='word_1_126' title='bbox 578 1505 843 1580; x_wconf 78' lang='grc' dir='ltr'><strong><em>σιιανδαλίζουσαν,Ι</em></strong></span> <span class='ocrx_word' id='word_1_127' title='bbox 865 1501 1003 1567; x_wconf 83' lang='grc' dir='ltr'><strong><em>Ἔσοοθεν</em></strong></span> <span class='ocrx_word' id='word_1_128' title='bbox 1022 1501 1093 1588; x_wconf 85' lang='grc' dir='ltr'><strong><em>γοίρ,</em></strong></span> <span class='ocrx_word' id='word_1_129' title='bbox 1121 1507 1230 1586; x_wconf 83' lang='grc' dir='ltr'><strong><em>φησὶν,</em></strong></span> <span class='ocrx_word' id='word_1_130' title='bbox 1259 1502 1474 1588; x_wconf 70' lang='grc' dir='ltr'><strong><em>ἐκπορεύονται</em></strong></span> 
     </span>
     <span class='ocr_line' id='line_1_16' title="bbox 311 1597 1473 1691; baseline -0.001 -19"><span class='ocrx_word' id='word_1_131' title='bbox 311 1614 463 1691; x_wconf 82' lang='grc' dir='ltr'><strong><em>πορνεῖαι,</em></strong></span> <span class='ocrx_word' id='word_1_132' title='bbox 486 1613 628 1688; x_wconf 81' lang='grc' dir='ltr'><strong><em>μοιχεῖαι,</em></strong></span> <span class='ocrx_word' id='word_1_133' title='bbox 651 1601 809 1689; x_wconf 85' lang='grc' dir='ltr'><strong><em>α’σέλγειαι,</em></strong></span> <span class='ocrx_word' id='word_1_134' title='bbox 831 1605 883 1669; x_wconf 85' lang='grc' dir='ltr'><strong><em>καὶ</em></strong></span> <span class='ocrx_word' id='word_1_135' title='bbox 901 1603 939 1668; x_wconf 82' lang='grc' dir='ltr'><strong><em>τοί</em></strong></span> <span class='ocrx_word' id='word_1_136' title='bbox 957 1603 1076 1682; x_wconf 82' lang='grc' dir='ltr'><strong><em>τούτοις</em></strong></span> <span class='ocrx_word' id='word_1_137' title='bbox 1096 1605 1196 1689; x_wconf 78' lang='grc' dir='ltr'><strong><em>ὅμοια.</em></strong></span> <span class='ocrx_word' id='word_1_138' title='bbox 1241 1612 1294 1682; x_wconf 88' lang='grc' dir='ltr'><strong><em>Τίς</em></strong></span> <span class='ocrx_word' id='word_1_139' title='bbox 1315 1597 1372 1671; x_wconf 86' lang='grc' dir='ltr'><strong><em>οὐν</em></strong></span> <span class='ocrx_word' id='word_1_140' title='bbox 1389 1606 1473 1690; x_wconf 74' lang='grc' dir='ltr'><strong><em>ῥήξει</em></strong></span> 
     </span>
     <span class='ocr_line' id='line_1_17' title="bbox 312 1704 1475 1793; baseline 0.002 -21"><span class='ocrx_word' id='word_1_141' title='bbox 312 1707 365 1791; x_wconf 87' lang='grc' dir='ltr'><strong><em>τήν</em></strong></span> <span class='ocrx_word' id='word_1_142' title='bbox 387 1711 496 1774; x_wconf 77' lang='grc' dir='ltr'><strong><em>ἑαυτοῦ</em></strong></span> <span class='ocrx_word' id='word_1_143' title='bbox 516 1710 656 1790; x_wconf 75' lang='grc' dir='ltr'><strong><em>καρδίανς</em></strong></span> <span class='ocrx_word' id='word_1_144' title='bbox 688 1709 731 1770; x_wconf 80' lang='grc' dir='ltr'><strong><em>Εἰ</em></strong></span> <span class='ocrx_word' id='word_1_145' title='bbox 752 1707 783 1772; x_wconf 74' lang='grc' dir='ltr'><strong><em>δὲ</em></strong></span> <span class='ocrx_word' id='word_1_146' title='bbox 808 1704 863 1772; x_wconf 83' lang='grc' dir='ltr'><strong><em>οὐκ</em></strong></span> <span class='ocrx_word' id='word_1_147' title='bbox 889 1709 1028 1793; x_wconf 78' lang='grc' dir='ltr'><strong><em>ἐγείρεται</em></strong></span> <span class='ocrx_word' id='word_1_148' title='bbox 1049 1706 1082 1772; x_wconf 85' lang='grc' dir='ltr'><strong><em>τό</em></strong></span> <span class='ocrx_word' id='word_1_149' title='bbox 1106 1715 1191 1791; x_wconf 77' lang='grc' dir='ltr'><strong><em>σοῑμα</em></strong></span> <span class='ocrx_word' id='word_1_150' title='bbox 1211 1707 1285 1773; x_wconf 84' lang='grc' dir='ltr'><strong><em>κατύ</em></strong></span> <span class='ocrx_word' id='word_1_151' title='bbox 1306 1707 1361 1790; x_wconf 85' lang='grc' dir='ltr'><strong><em>τήν</em></strong></span> <span class='ocrx_word' id='word_1_152' title='bbox 1382 1735 1475 1774; x_wconf 89' lang='grc' dir='ltr'><strong><em>τινοον</em></strong></span> 
     </span>
     <span class='ocr_line' id='line_1_18' title="bbox 313 1806 1473 1896; baseline -0.001 -21"><span class='ocrx_word' id='word_1_153' title='bbox 313 1809 418 1876; x_wconf 86' lang='grc' dir='ltr'><strong><em>όίνοιοιν</em></strong></span> <span class='ocrx_word' id='word_1_154' title='bbox 433 1811 484 1875; x_wconf 84' lang='grc' dir='ltr'><strong><em>καί</em></strong></span> <span class='ocrx_word' id='word_1_155' title='bbox 500 1807 651 1892; x_wconf 84' lang='grc' dir='ltr'><strong><em>ὐσέβειαυ,</em></strong></span> <span class='ocrx_word' id='word_1_156' title='bbox 673 1813 738 1886; x_wconf 75' lang='grc' dir='ltr'><strong><em>ποῐς</em></strong></span> <span class='ocrx_word' id='word_1_157' title='bbox 755 1807 814 1893; x_wconf 75' lang='grc' dir='ltr'><strong><em>ἄρα</em></strong></span> <span class='ocrx_word' id='word_1_158' title='bbox 828 1814 930 1875; x_wconf 83' lang='grc' dir='ltr'><strong><em>διοίσει</em></strong></span> <span class='ocrx_word' id='word_1_159' title='bbox 946 1806 964 1874; x_wconf 87' lang='grc' dir='ltr'><strong><em>δ</em></strong></span> <span class='ocrx_word' id='word_1_160' title='bbox 982 1812 1048 1894; x_wconf 87' lang='grc' dir='ltr'><strong><em>τιερλ</em></strong></span> <span class='ocrx_word' id='word_1_161' title='bbox 1064 1812 1177 1876; x_wconf 85' lang='grc' dir='ltr'><strong><em>τούτοον</em></strong></span> <span class='ocrx_word' id='word_1_162' title='bbox 1194 1808 1361 1896; x_wconf 80' lang='grc' dir='ltr'><strong><em>ὁριζόμενος</em></strong></span> <span class='ocrx_word' id='word_1_163' title='bbox 1375 1809 1473 1896; x_wconf 82' lang='grc' dir='ltr'><strong><em>λόγος.</em></strong></span> 
     </span>
     <span class='ocr_line' id='line_1_19' title="bbox 318 1909 1475 1998; baseline 0 -20"><span class='ocrx_word' id='word_1_164' title='bbox 318 1917 383 1978; x_wconf 76' lang='grc' dir='ltr'><strong><em>Τῶν</em></strong></span> <span class='ocrx_word' id='word_1_165' title='bbox 404 1909 460 1998; x_wconf 82' lang='grc' dir='ltr'><strong><em>γόρ</em></strong></span> <span class='ocrx_word' id='word_1_166' title='bbox 483 1918 577 1994; x_wconf 79' lang='grc' dir='ltr'><strong><em>μελῶν</em></strong></span> <span class='ocrx_word' id='word_1_167' title='bbox 595 1909 736 1977; x_wconf 74' lang='grc' dir='ltr'><strong><em>ἁπάντων</em></strong></span> <span class='ocrx_word' id='word_1_168' title='bbox 751 1911 792 1994; x_wconf 87' lang='grc' dir='ltr'><strong><em>μή</em></strong></span> <span class='ocrx_word' id='word_1_169' title='bbox 809 1913 1015 1996; x_wconf 82' lang='grc' dir='ltr'><strong><em>είςερχομένοιυ</em></strong></span> <span class='ocrx_word' id='word_1_170' title='bbox 1031 1916 1072 1988; x_wconf 85' lang='grc' dir='ltr'><strong><em>είς</em></strong></span> <span class='ocrx_word' id='word_1_171' title='bbox 1087 1917 1238 1995; x_wconf 83' lang='grc' dir='ltr'><strong><em>βασιλείαν</em></strong></span> <span class='ocrx_word' id='word_1_172' title='bbox 1254 1911 1406 1997; x_wconf 76' lang='grc' dir='ltr'><strong><em>οὐρανῶν,</em></strong></span> <span class='ocrx_word' id='word_1_173' title='bbox 1430 1919 1475 1990; x_wconf 86' lang='grc' dir='ltr'><strong><em>τίς</em></strong></span> 
     </span>
     <span class='ocr_line' id='line_1_20' title="bbox 312 2011 1474 2101; baseline 0.002 -21"><span class='ocrx_word' id='word_1_174' title='bbox 312 2018 354 2080; x_wconf 73' lang='grc' dir='ltr'><strong><em>ἔτι</em></strong></span> <span class='ocrx_word' id='word_1_175' title='bbox 371 2019 451 2099; x_wconf 81' lang='grc' dir='ltr'><strong><em>χρεία</em></strong></span> <span class='ocrx_word' id='word_1_176' title='bbox 473 2011 554 2098; x_wconf 77' lang='grc' dir='ltr'><strong><em>νεαροὶ</em></strong></span> <span class='ocrx_word' id='word_1_177' title='bbox 568 2018 604 2078; x_wconf 72' lang='grc' dir='ltr'><strong><em>ἓν</em></strong></span> <span class='ocrx_word' id='word_1_178' title='bbox 626 2015 712 2096; x_wconf 92' lang='grc' dir='ltr'><strong><em>μέλος</em></strong></span> <span class='ocrx_word' id='word_1_179' title='bbox 732 2017 882 2098; x_wconf 86' lang='grc' dir='ltr'><strong><em>γίνεσθαι,</em></strong></span> <span class='ocrx_word' id='word_1_180' title='bbox 911 2021 971 2080; x_wconf 70' lang='grc' dir='ltr'><strong><em>τοῖν</em></strong></span> <span class='ocrx_word' id='word_1_181' title='bbox 992 2013 1085 2080; x_wconf 82' lang='grc' dir='ltr'><strong><em>όίλλοεν</em></strong></span> <span class='ocrx_word' id='word_1_182' title='bbox 1103 2015 1144 2098; x_wconf 82' lang='grc' dir='ltr'><strong><em>μή</em></strong></span> <span class='ocrx_word' id='word_1_183' title='bbox 1160 2023 1246 2082; x_wconf 82' lang='grc' dir='ltr'><strong><em>τοῦτο</em></strong></span> <span class='ocrx_word' id='word_1_184' title='bbox 1264 2013 1474 2101; x_wconf 84' lang='grc' dir='ltr'><strong><em>πληρούντων,·</em></strong></span> 
     </span>
     <span class='ocr_line' id='line_1_21' title="bbox 314 2113 1474 2206; baseline 0.002 -26"><span class='ocrx_word' id='word_1_185' title='bbox 314 2120 357 2180; x_wconf 74' lang='lat' dir='ltr'><strong><em>Et</em></strong></span> <span class='ocrx_word' id='word_1_186' title='bbox 369 2116 401 2180; x_wconf 76' lang='grc' dir='ltr'><strong><em>δὲ</em></strong></span> <span class='ocrx_word' id='word_1_187' title='bbox 417 2118 554 2200; x_wconf 72' lang='grc' dir='ltr'><strong><em>ἐγείρεται</em></strong></span> <span class='ocrx_word' id='word_1_188' title='bbox 572 2113 603 2180; x_wconf 88' lang='grc' dir='ltr'><strong><em>τό</em></strong></span> <span class='ocrx_word' id='word_1_189' title='bbox 620 2121 720 2197; x_wconf 75' lang='grc' dir='ltr'><strong><em>σῶμα,</em></strong></span> <span class='ocrx_word' id='word_1_190' title='bbox 743 2119 883 2201; x_wconf 77' lang='grc' dir='ltr'><strong><em>ἐγείρεται</em></strong></span> <span class='ocrx_word' id='word_1_191' title='bbox 898 2115 971 2203; x_wconf 82' lang='grc' dir='ltr'><strong><em>γύρ,</em></strong></span> <span class='ocrx_word' id='word_1_192' title='bbox 994 2123 1058 2193; x_wconf 76' lang='grc' dir='ltr'><strong><em>πῶς</em></strong></span> <span class='ocrx_word' id='word_1_193' title='bbox 1075 2119 1219 2200; x_wconf 73' lang='grc' dir='ltr'><strong><em>ένδίγεται</em></strong></span> <span class='ocrx_word' id='word_1_194' title='bbox 1235 2119 1274 2184; x_wconf 81' lang='grc' dir='ltr'><strong><em>έτι</em></strong></span> <span class='ocrx_word' id='word_1_195' title='bbox 1292 2121 1323 2183; x_wconf 83' lang='grc' dir='ltr'><strong><em>έν</em></strong></span> <span class='ocrx_word' id='word_1_196' title='bbox 1337 2123 1474 2206; x_wconf 79' lang='grc' dir='ltr'><strong><em>βασιλείιγ</em></strong></span> 
     </span>
     <span class='ocr_line' id='line_1_22' title="bbox 315 2216 1475 2304; baseline 0.002 -20"><span class='ocrx_word' id='word_1_197' title='bbox 315 2216 451 2302; x_wconf 81' lang='grc' dir='ltr'><strong><em>οὐρανῶν</em></strong></span> <span class='ocrx_word' id='word_1_198' title='bbox 466 2217 594 2300; x_wconf 82' lang='grc' dir='ltr'><strong><em>λόβησις</em></strong></span> <span class='ocrx_word' id='word_1_199' title='bbox 609 2221 745 2302; x_wconf 87' lang='grc' dir='ltr'><strong><em>γίνεσθαι</em></strong></span> <span class='ocrx_word' id='word_1_200' title='bbox 751 2245 760 2296; x_wconf 84' lang='lat'><em>3</em></span> <span class='ocrx_word' id='word_1_201' title='bbox 787 2217 886 2300; x_wconf 71' lang='grc' dir='ltr'><strong><em>ήποῖς</em></strong></span> <span class='ocrx_word' id='word_1_202' title='bbox 903 2217 959 2285; x_wconf 88' lang='grc' dir='ltr'><strong><em>οὐκ</em></strong></span> <span class='ocrx_word' id='word_1_203' title='bbox 975 2221 1053 2285; x_wconf 76' lang='grc' dir='ltr'><strong><em>ἔσται</em></strong></span> <span class='ocrx_word' id='word_1_204' title='bbox 1069 2218 1204 2304; x_wconf 84' lang='grc' dir='ltr'><strong><em>α’πρεττής</em></strong></span> <span class='ocrx_word' id='word_1_205' title='bbox 1223 2218 1243 2302; x_wconf 81' lang='grc' dir='ltr'><strong><em>ή</em></strong></span> <span class='ocrx_word' id='word_1_206' title='bbox 1258 2225 1391 2302; x_wconf 77' lang='grc' dir='ltr'><strong><em>βασιλεία</em></strong></span> <span class='ocrx_word' id='word_1_207' title='bbox 1411 2228 1475 2286; x_wconf 80' lang='grc' dir='ltr'><strong><em>τῶν</em></strong></span> 
     </span>
     <span class='ocr_line' id='line_1_23' title="bbox 314 2317 1473 2406; baseline -0.001 -19"><span class='ocrx_word' id='word_1_208' title='bbox 314 2319 452 2405; x_wconf 77' lang='grc' dir='ltr'><strong><em>οὐρανῶν</em></strong></span> <span class='ocrx_word' id='word_1_209' title='bbox 470 2323 587 2402; x_wconf 83' lang='grc' dir='ltr'><strong><em>έπισιυή</em></strong></span> <span class='ocrx_word' id='word_1_210' title='bbox 612 2317 736 2401; x_wconf 79' lang='grc' dir='ltr'><strong><em>στόματα</em></strong></span> <span class='ocrx_word' id='word_1_211' title='bbox 759 2323 867 2404; x_wconf 81' lang='grc' dir='ltr'><strong><em>έχουσα</em></strong></span> <span class='ocrx_word' id='word_1_212' title='bbox 887 2319 965 2406; x_wconf 83' lang='grc' dir='ltr'><strong><em>πρός</em></strong></span> <span class='ocrx_word' id='word_1_213' title='bbox 982 2321 1087 2400; x_wconf 74' lang='grc' dir='ltr'><strong><em>δόξανς</em></strong></span> <span class='ocrx_word' id='word_1_214' title='bbox 1118 2325 1160 2386; x_wconf 75' lang='lat' dir='ltr'><strong><em>Et</em></strong></span> <span class='ocrx_word' id='word_1_215' title='bbox 1179 2323 1212 2387; x_wconf 77' lang='grc' dir='ltr'><strong><em>δὲ</em></strong></span> <span class='ocrx_word' id='word_1_216' title='bbox 1233 2321 1308 2399; x_wconf 81' lang='grc' dir='ltr'><strong><em>ὅλως</em></strong></span> <span class='ocrx_word' id='word_1_217' title='bbox 1329 2325 1380 2388; x_wconf 86' lang='grc' dir='ltr'><strong><em>καλ</em></strong></span> <span class='ocrx_word' id='word_1_218' title='bbox 1399 2349 1473 2405; x_wconf 86' lang='grc' dir='ltr'><strong><em>τμη-</em></strong></span> 
     </span>
     <span class='ocr_line' id='line_1_24' title="bbox 313 2421 1476 2508; baseline 0 -18"><span class='ocrx_word' id='word_1_219' title='bbox 313 2427 382 2507; x_wconf 80' lang='grc' dir='ltr'><strong><em>θείη</em></strong></span> <span class='ocrx_word' id='word_1_220' title='bbox 399 2421 432 2490; x_wconf 86' lang='grc' dir='ltr'><strong><em>τό</em></strong></span> <span class='ocrx_word' id='word_1_221' title='bbox 450 2424 537 2506; x_wconf 85' lang='grc' dir='ltr'><strong><em>μέλος</em></strong></span> <span class='ocrx_word' id='word_1_222' title='bbox 553 2422 585 2488; x_wconf 88' lang='grc' dir='ltr'><strong><em>τό</em></strong></span> <span class='ocrx_word' id='word_1_223' title='bbox 605 2426 806 2502; x_wconf 79' lang='grc' dir='ltr'><strong><em>σκανδαλίζον,</em></strong></span> <span class='ocrx_word' id='word_1_224' title='bbox 829 2422 888 2508; x_wconf 84' lang='grc' dir='ltr'><strong><em>όίρα</em></strong></span> <span class='ocrx_word' id='word_1_225' title='bbox 903 2426 1050 2507; x_wconf 80' lang='grc' dir='ltr'><strong><em>τέτμηται,</em></strong></span> <span class='ocrx_word' id='word_1_226' title='bbox 1072 2427 1121 2490; x_wconf 80' lang='grc' dir='ltr'><strong><em>καὶ</em></strong></span> <span class='ocrx_word' id='word_1_227' title='bbox 1139 2423 1193 2508; x_wconf 86' lang='grc' dir='ltr'><strong><em>οὐχ</em></strong></span> <span class='ocrx_word' id='word_1_228' title='bbox 1211 2424 1336 2508; x_wconf 77' lang='grc' dir='ltr'><strong><em>ἥμαρτε·</em></strong></span> <span class='ocrx_word' id='word_1_229' title='bbox 1358 2427 1476 2508; x_wconf 74' lang='grc' dir='ltr'><strong><em>τμηθὲν</em></strong></span> 
     </span>
     <span class='ocr_line' id='line_1_25' title="bbox 313 2523 1474 2612; baseline 0 -21"><span class='ocrx_word' id='word_1_230' title='bbox 313 2527 346 2592; x_wconf 78' lang='grc' dir='ltr'><strong><em>δλ</em></strong></span> <span class='ocrx_word' id='word_1_231' title='bbox 367 2528 418 2591; x_wconf 85' lang='grc' dir='ltr'><strong><em>καλ</em></strong></span> <span class='ocrx_word' id='word_1_232' title='bbox 435 2525 476 2609; x_wconf 87' lang='grc' dir='ltr'><strong><em>μή</em></strong></span> <span class='ocrx_word' id='word_1_233' title='bbox 494 2523 666 2611; x_wconf 84' lang='grc' dir='ltr'><strong><em>δμαρτήσαν</em></strong></span> <span class='ocrx_word' id='word_1_234' title='bbox 681 2523 754 2591; x_wconf 89' lang='grc' dir='ltr'><strong><em>αὐτό</em></strong></span> <span class='ocrx_word' id='word_1_235' title='bbox 776 2529 825 2592; x_wconf 86' lang='grc' dir='ltr'><strong><em>δεῖ</em></strong></span> <span class='ocrx_word' id='word_1_236' title='bbox 835 2533 954 2612; x_wconf 80' lang='grc' dir='ltr'><strong><em>προῑτον</em></strong></span> <span class='ocrx_word' id='word_1_237' title='bbox 976 2525 1097 2592; x_wconf 82' lang='grc' dir='ltr'><strong><em>πόντων</em></strong></span> <span class='ocrx_word' id='word_1_238' title='bbox 1117 2525 1292 2610; x_wconf 85' lang='grc' dir='ltr'><strong><em>α’ναστήναι,</em></strong></span> <span class='ocrx_word' id='word_1_239' title='bbox 1315 2526 1356 2610; x_wconf 84' lang='grc' dir='ltr'><strong><em>μή</em></strong></span> <span class='ocrx_word' id='word_1_240' title='bbox 1379 2525 1474 2612; x_wconf 82' lang='grc' dir='ltr'><strong><em>οίμορ-</em></strong></span> 
     </span>
     <span class='ocr_line' id='line_1_26' title="bbox 313 2635 413 2710; baseline 0 -18"><span class='ocrx_word' id='word_1_241' title='bbox 313 2635 413 2710; x_wconf 80' lang='grc' dir='ltr'><strong><em>τήσαν.</em></strong></span> 
     </span>
    </p>
   </div>
   <div class='ocr_carea' id='block_1_8' title="bbox 314 3035 1476 3227">
    <p class='ocr_par' dir='ltr' id='par_1_8' title="bbox 314 3035 1476 3227">
     <span class='ocr_line' id='line_1_27' title="bbox 390 3035 1476 3124; baseline 0.004 -23"><span class='ocrx_word' id='word_1_242' title='bbox 390 3035 480 3102; x_wconf 80' lang='grc' dir='ltr'><strong><em>Ὅσοι</em></strong></span> <span class='ocrx_word' id='word_1_243' title='bbox 496 3035 528 3101; x_wconf 76' lang='grc' dir='ltr'><strong><em>δὲ</em></strong></span> <span class='ocrx_word' id='word_1_244' title='bbox 543 3039 586 3112; x_wconf 87' lang='grc' dir='ltr'><strong><em>είς</em></strong></span> <span class='ocrx_word' id='word_1_245' title='bbox 601 3035 633 3103; x_wconf 90' lang='grc' dir='ltr'><strong><em>τό</em></strong></span> <span class='ocrx_word' id='word_1_246' title='bbox 652 3035 809 3124; x_wconf 79' lang='grc' dir='ltr'><strong><em>πρόχειρον</em></strong></span> <span class='ocrx_word' id='word_1_247' title='bbox 823 3044 910 3104; x_wconf 77' lang='grc' dir='ltr'><strong><em>τοῦτο</em></strong></span> <span class='ocrx_word' id='word_1_248' title='bbox 925 3041 1011 3124; x_wconf 78' lang='grc' dir='ltr'><strong><em>ἔργον</em></strong></span> <span class='ocrx_word' id='word_1_249' title='bbox 1027 3041 1171 3122; x_wconf 79' lang='grc' dir='ltr'><strong><em>έυτολμοι,</em></strong></span> <span class='ocrx_word' id='word_1_250' title='bbox 1194 3036 1254 3103; x_wconf 84' lang='grc' dir='ltr'><strong><em>α’νιό</em></strong></span> <span class='ocrx_word' id='word_1_251' title='bbox 1270 3037 1391 3105; x_wconf 83' lang='grc' dir='ltr'><strong><em>πόντων</em></strong></span> <span class='ocrx_word' id='word_1_252' title='bbox 1409 3041 1476 3104; x_wconf 86' lang='grc' dir='ltr'><strong><em>έαυ-</em></strong></span> 
     </span>
     <span class='ocr_line' id='line_1_28' title="bbox 314 3136 1475 3227; baseline 0.003 -23"><span class='ocrx_word' id='word_1_253' title='bbox 314 3137 385 3216; x_wconf 89' lang='grc' dir='ltr'><strong><em>τούς</em></strong></span> <span class='ocrx_word' id='word_1_254' title='bbox 407 3136 558 3221; x_wconf 79' lang='grc' dir='ltr'><strong><em>ἠθέτησαν</em></strong></span> <span class='ocrx_word' id='word_1_255' title='bbox 579 3141 630 3203; x_wconf 87' lang='grc' dir='ltr'><strong><em>κοιλ</em></strong></span> <span class='ocrx_word' id='word_1_256' title='bbox 654 3138 910 3223; x_wconf 83' lang='grc' dir='ltr'><strong><em>ὐπήλλοιτρίτοσαν.</em></strong></span> <span class='ocrx_word' id='word_1_257' title='bbox 957 3139 1033 3205; x_wconf 83' lang='grc' dir='ltr'><strong><em>Οὐτε</em></strong></span> <span class='ocrx_word' id='word_1_258' title='bbox 1058 3139 1116 3227; x_wconf 81' lang='grc' dir='ltr'><strong><em>γοίρ</em></strong></span> <span class='ocrx_word' id='word_1_259' title='bbox 1140 3139 1245 3225; x_wconf 84' lang='grc' dir='ltr'><strong><em>δίνδρες</em></strong></span> <span class='ocrx_word' id='word_1_260' title='bbox 1266 3144 1338 3219; x_wconf 88' lang='grc' dir='ltr'><strong><em>είσί,</em></strong></span> <span class='ocrx_word' id='word_1_261' title='bbox 1369 3141 1421 3207; x_wconf 78' lang='grc' dir='ltr'><strong><em>διό</em></strong></span> <span class='ocrx_word' id='word_1_262' title='bbox 1442 3141 1475 3208; x_wconf 85' lang='grc' dir='ltr'><strong><em>τό</em></strong></span> 
     </span>
    </p>
   </div>
   <div class='ocr_carea' id='block_1_9' title="bbox 186 3239 1476 3332">
    <p class='ocr_par' dir='ltr' id='par_1_9' title="bbox 186 3239 1476 3332">
     <span class='ocr_line' id='line_1_29' title="bbox 186 3239 1476 3332; baseline 0.009 -34"><span class='ocrx_word' id='word_1_263' title='bbox 186 3265 239 3314; x_wconf 73' lang='grc' dir='ltr'><strong><em>μς.</em></strong></span> <span class='ocrx_word' id='word_1_264' title='bbox 257 3255 302 3302; x_wconf 78' lang='grc' dir='ltr'><strong><em>εει.</em></strong></span> <span class='ocrx_word' id='word_1_265' title='bbox 317 3239 530 3332; x_wconf 77' lang='grc' dir='ltr'><strong><em>ὐφήρημένον,</em></strong></span> <span class='ocrx_word' id='word_1_266' title='bbox 564 3239 632 3307; x_wconf 83' lang='grc' dir='ltr'><strong><em>οὐτε</em></strong></span> <span class='ocrx_word' id='word_1_267' title='bbox 661 3251 798 3327; x_wconf 85' lang='grc' dir='ltr'><strong><em>γυναῖκες</em></strong></span> <span class='ocrx_word' id='word_1_268' title='bbox 826 3241 968 3308; x_wconf 76' lang='grc' dir='ltr'><strong><em>δύνανται</em></strong></span> <span class='ocrx_word' id='word_1_269' title='bbox 997 3241 1090 3322; x_wconf 76' lang='grc' dir='ltr'><strong><em>εἶναι,</em></strong></span> <span class='ocrx_word' id='word_1_270' title='bbox 1125 3241 1175 3308; x_wconf 83' lang='grc' dir='ltr'><strong><em>διδ</em></strong></span> <span class='ocrx_word' id='word_1_271' title='bbox 1200 3242 1233 3309; x_wconf 79' lang='grc' dir='ltr'><strong><em>τύ</em></strong></span> <span class='ocrx_word' id='word_1_272' title='bbox 1264 3242 1345 3328; x_wconf 82' lang='grc' dir='ltr'><strong><em>παρύ</em></strong></span> <span class='ocrx_word' id='word_1_273' title='bbox 1373 3244 1476 3324; x_wconf 78' lang='grc' dir='ltr'><strong><em>φύσιν.</em></strong></span> 
     </span>
    </p>
   </div>
   <div class='ocr_carea' id='block_1_10' title="bbox 314 3341 1477 4045">
    <p class='ocr_par' dir='ltr' id='par_1_10' title="bbox 314 3341 1477 4045">
     <span class='ocr_line' id='line_1_30' title="bbox 320 3341 1477 3431; baseline 0.005 -24"><span class='ocrx_word' id='word_1_274' title='bbox 320 3342 499 3428; x_wconf 76' lang='grc' dir='ltr'><strong><em>1Προέλαβε</em></strong></span> <span class='ocrx_word' id='word_1_275' title='bbox 523 3345 555 3409; x_wconf 79' lang='grc' dir='ltr'><strong><em>δὲ</em></strong></span> <span class='ocrx_word' id='word_1_276' title='bbox 574 3347 624 3408; x_wconf 82' lang='grc' dir='ltr'><strong><em>καί</em></strong></span> <span class='ocrx_word' id='word_1_277' title='bbox 646 3341 736 3427; x_wconf 85' lang='grc' dir='ltr'><strong><em>ήτοῦ</em></strong></span> <span class='ocrx_word' id='word_1_278' title='bbox 753 3343 902 3425; x_wconf 78' lang='grc' dir='ltr'><strong><em>στεφάνου</em></strong></span> <span class='ocrx_word' id='word_1_279' title='bbox 923 3353 978 3411; x_wconf 81' lang='grc' dir='ltr'><strong><em>τοῦ</em></strong></span> <span class='ocrx_word' id='word_1_280' title='bbox 996 3343 1109 3431; x_wconf 83' lang='grc' dir='ltr'><strong><em>ὐγῶνος</em></strong></span> <span class='ocrx_word' id='word_1_281' title='bbox 1132 3347 1183 3410; x_wconf 85' lang='grc' dir='ltr'><strong><em>καί</em></strong></span> <span class='ocrx_word' id='word_1_282' title='bbox 1201 3351 1344 3431; x_wconf 82' lang='grc' dir='ltr'><strong><em>βραβείου</em></strong></span> <span class='ocrx_word' id='word_1_283' title='bbox 1366 3347 1477 3414; x_wconf 76' lang='grc' dir='ltr'><strong><em>τούτου</em></strong></span> 
     </span>
     <span class='ocr_line' id='line_1_31' title="bbox 316 3441 1477 3534; baseline 0 -20"><span class='ocrx_word' id='word_1_284' title='bbox 316 3450 479 3530; x_wconf 71' lang='grc' dir='ltr'><strong><em>ἐπωνυμία.</em></strong></span> <span class='ocrx_word' id='word_1_285' title='bbox 527 3445 605 3512; x_wconf 75' lang='grc' dir='ltr'><strong><em>Οὐδὲ</em></strong></span> <span class='ocrx_word' id='word_1_286' title='bbox 628 3443 766 3531; x_wconf 84' lang='grc' dir='ltr'><strong><em>όπότεροι</em></strong></span> <span class='ocrx_word' id='word_1_287' title='bbox 790 3445 846 3534; x_wconf 80' lang='grc' dir='ltr'><strong><em>γόρ</em></strong></span> <span class='ocrx_word' id='word_1_288' title='bbox 868 3447 1053 3531; x_wconf 86' lang='grc' dir='ltr'><strong><em>φανήσονται</em></strong></span> <span class='ocrx_word' id='word_1_289' title='bbox 1071 3441 1236 3514; x_wconf 73' lang='grc' dir='ltr'><strong><em>οὐτοιτολν</em></strong></span> <span class='ocrx_word' id='word_1_290' title='bbox 1252 3455 1343 3534; x_wconf 72' lang='grc' dir='ltr'><strong><em>τρισίν</em></strong></span> <span class='ocrx_word' id='word_1_291' title='bbox 1364 3449 1477 3528; x_wconf 77' lang='grc' dir='ltr'><strong><em>τάξεων</em></strong></span> 
     </span>
     <span class='ocr_line' id='line_1_32' title="bbox 315 3547 1477 3636; baseline 0.002 -22"><span class='ocrx_word' id='word_1_292' title='bbox 315 3557 375 3615; x_wconf 79' lang='grc' dir='ltr'><strong><em>τῶν</em></strong></span> <span class='ocrx_word' id='word_1_293' title='bbox 389 3547 537 3632; x_wconf 79' lang='grc' dir='ltr'><strong><em>εὐνούχων</em></strong></span> <span class='ocrx_word' id='word_1_294' title='bbox 555 3555 614 3615; x_wconf 79' lang='grc' dir='ltr'><strong><em>τῶν</em></strong></span> <span class='ocrx_word' id='word_1_295' title='bbox 634 3547 694 3614; x_wconf 87' lang='grc' dir='ltr'><strong><em>ὐπδ</em></strong></span> <span class='ocrx_word' id='word_1_296' title='bbox 712 3554 818 3633; x_wconf 83' lang='grc' dir='ltr'><strong><em>κυρίου</em></strong></span> <span class='ocrx_word' id='word_1_297' title='bbox 839 3551 1010 3634; x_wconf 82' lang='grc' dir='ltr'><strong><em>εἰρημένων.</em></strong></span> <span class='ocrx_word' id='word_1_298' title='bbox 1055 3553 1127 3616; x_wconf 69' lang='lat' dir='ltr'><strong><em>Em</em></strong></span> <span class='ocrx_word' id='word_1_299' title='bbox 1144 3550 1217 3636; x_wconf 83' lang='grc' dir='ltr'><strong><em>γοίρ,</em></strong></span> <span class='ocrx_word' id='word_1_300' title='bbox 1240 3554 1346 3634; x_wconf 84' lang='grc' dir='ltr'><strong><em>φησίν,</em></strong></span> <span class='ocrx_word' id='word_1_301' title='bbox 1370 3550 1477 3618; x_wconf 78' lang='grc' dir='ltr'><strong><em>εὐνοῦ-</em></strong></span> 
     </span>
     <span class='ocr_line' id='line_1_33' title="bbox 315 3649 1477 3740; baseline 0.001 -21"><span class='ocrx_word' id='word_1_302' title='bbox 315 3678 377 3736; x_wconf 80' lang='grc' dir='ltr'><strong><em>χοι,</em></strong></span> <span class='ocrx_word' id='word_1_303' title='bbox 401 3655 431 3717; x_wconf 73' lang='grc' dir='ltr'><strong><em>οἳ</em></strong></span> <span class='ocrx_word' id='word_1_304' title='bbox 446 3654 479 3718; x_wconf 80' lang='grc' dir='ltr'><strong><em>ἐν</em></strong></span> <span class='ocrx_word' id='word_1_305' title='bbox 493 3656 605 3728; x_wconf 84' lang='grc' dir='ltr'><strong><em>κοιλίας</em></strong></span> <span class='ocrx_word' id='word_1_306' title='bbox 619 3649 731 3738; x_wconf 84' lang='grc' dir='ltr'><strong><em>μητρός</em></strong></span> <span class='ocrx_word' id='word_1_307' title='bbox 747 3650 847 3718; x_wconf 77' lang='grc' dir='ltr'><strong><em>αὐτῶν</em></strong></span> <span class='ocrx_word' id='word_1_308' title='bbox 865 3653 1079 3738; x_wconf 75' lang='grc' dir='ltr'><strong><em>ἐγεννήθησαν.</em></strong></span> <span class='ocrx_word' id='word_1_309' title='bbox 1122 3651 1254 3720; x_wconf 84' lang='grc' dir='ltr'><strong><em>Ἐκεῖνοι</em></strong></span> <span class='ocrx_word' id='word_1_310' title='bbox 1274 3654 1330 3740; x_wconf 83' lang='grc' dir='ltr'><strong><em>γόρ</em></strong></span> <span class='ocrx_word' id='word_1_311' title='bbox 1349 3651 1477 3720; x_wconf 86' lang='grc' dir='ltr'><strong><em>οίυαίτιοί</em></strong></span> 
     </span>
     <span class='ocr_line' id='line_1_34' title="bbox 314 3751 1477 3839; baseline 0.003 -19"><span class='ocrx_word' id='word_1_312' title='bbox 314 3757 371 3820; x_wconf 74' lang='grc' dir='ltr'><strong><em>τίσι</em></strong></span> <span class='ocrx_word' id='word_1_313' title='bbox 386 3761 441 3837; x_wconf 83' lang='grc' dir='ltr'><strong><em>τῆς</em></strong></span> <span class='ocrx_word' id='word_1_314' title='bbox 462 3751 561 3820; x_wconf 72' lang='grc' dir='ltr'><strong><em>αὐτόν</em></strong></span> <span class='ocrx_word' id='word_1_315' title='bbox 577 3753 745 3838; x_wconf 79' lang='grc' dir='ltr'><strong><em>εὐνουχίας,</em></strong></span> <span class='ocrx_word' id='word_1_316' title='bbox 767 3752 836 3821; x_wconf 86' lang='grc' dir='ltr'><strong><em>οὐτε</em></strong></span> <span class='ocrx_word' id='word_1_317' title='bbox 853 3752 912 3838; x_wconf 85' lang='grc' dir='ltr'><strong><em>μήν</em></strong></span> <span class='ocrx_word' id='word_1_318' title='bbox 929 3752 1076 3839; x_wconf 73' lang='grc' dir='ltr'><strong><em>ἁμαρτίαν</em></strong></span> <span class='ocrx_word' id='word_1_319' title='bbox 1094 3758 1222 3839; x_wconf 69' lang='grc' dir='ltr'><strong><em>ἔχοντες,</em></strong></span> <span class='ocrx_word' id='word_1_320' title='bbox 1250 3755 1300 3822; x_wconf 81' lang='grc' dir='ltr'><strong><em>διδ</em></strong></span> <span class='ocrx_word' id='word_1_321' title='bbox 1321 3753 1354 3822; x_wconf 85' lang='grc' dir='ltr'><strong><em>τό</em></strong></span> <span class='ocrx_word' id='word_1_322' title='bbox 1379 3757 1477 3832; x_wconf 72' lang='grc' dir='ltr'><strong><em>οὕτως</em></strong></span> 
     </span>
     <span class='ocr_line' id='line_1_35' title="bbox 316 3853 1477 3943; baseline 0.002 -23"><span class='ocrx_word' id='word_1_323' title='bbox 316 3865 502 3943; x_wconf 80' lang='grc' dir='ltr'><strong><em>γεγενῆσθαι,</em></strong></span> <span class='ocrx_word' id='word_1_324' title='bbox 525 3855 592 3921; x_wconf 82' lang='grc' dir='ltr'><strong><em>οὐτε</em></strong></span> <span class='ocrx_word' id='word_1_325' title='bbox 608 3857 697 3922; x_wconf 86' lang='grc' dir='ltr'><strong><em>πόλιν</em></strong></span> <span class='ocrx_word' id='word_1_326' title='bbox 712 3853 857 3943; x_wconf 81' lang='grc' dir='ltr'><strong><em>όμοιρτίαν</em></strong></span> <span class='ocrx_word' id='word_1_327' title='bbox 872 3856 1033 3940; x_wconf 78' lang='grc' dir='ltr'><strong><em>δυνάμενοι</em></strong></span> <span class='ocrx_word' id='word_1_328' title='bbox 1048 3857 1197 3942; x_wconf 73' lang='grc' dir='ltr'><strong><em>πράττειν,</em></strong></span> <span class='ocrx_word' id='word_1_329' title='bbox 1218 3857 1273 3941; x_wconf 86' lang='grc' dir='ltr'><strong><em>τήν</em></strong></span> <span class='ocrx_word' id='word_1_330' title='bbox 1288 3856 1477 3941; x_wconf 71' lang='grc' dir='ltr'><strong><em>ἀφροδισίων</em></strong></span> 
     </span>
     <span class='ocr_line' id='line_1_36' title="bbox 316 3957 1477 4045; baseline 0.002 -21"><span class='ocrx_word' id='word_1_331' title='bbox 316 3961 411 4041; x_wconf 82' lang='grc' dir='ltr'><strong><em>φημί,</em></strong></span> <span class='ocrx_word' id='word_1_332' title='bbox 439 3958 541 4042; x_wconf 86' lang='grc' dir='ltr'><strong><em>έπειδή</em></strong></span> <span class='ocrx_word' id='word_1_333' title='bbox 563 3958 604 4043; x_wconf 86' lang='grc' dir='ltr'><strong><em>μή</em></strong></span> <span class='ocrx_word' id='word_1_334' title='bbox 625 3961 740 4042; x_wconf 87' lang='grc' dir='ltr'><strong><em>πέφυκε</em></strong></span> <span class='ocrx_word' id='word_1_335' title='bbox 761 3957 863 4035; x_wconf 87' lang='grc' dir='ltr'><strong><em>αὐτοῖς</em></strong></span> <span class='ocrx_word' id='word_1_336' title='bbox 885 3957 922 4024; x_wconf 82' lang='grc' dir='ltr'><strong><em>τό</em></strong></span> <span class='ocrx_word' id='word_1_337' title='bbox 940 3959 1105 4027; x_wconf 73' lang='grc' dir='ltr'><strong><em>παιδοποιοὶ</em></strong></span> <span class='ocrx_word' id='word_1_338' title='bbox 1128 3959 1256 4045; x_wconf 80' lang='grc' dir='ltr'><strong><em>ὄργανα,</em></strong></span> <span class='ocrx_word' id='word_1_339' title='bbox 1284 3959 1319 4026; x_wconf 84' lang='grc' dir='ltr'><strong><em>τό</em></strong></span> <span class='ocrx_word' id='word_1_340' title='bbox 1341 3962 1375 4026; x_wconf 81' lang='grc' dir='ltr'><strong><em>ἐκ</em></strong></span> <span class='ocrx_word' id='word_1_341' title='bbox 1399 3967 1477 4028; x_wconf 79' lang='grc' dir='ltr'><strong><em>θεοῦ</em></strong></span> 
     </span>
    </p>
   </div>
   <div class='ocr_carea' id='block_1_11' title="bbox 205 4059 1476 4150">
    <p class='ocr_par' dir='ltr' id='par_1_11' title="bbox 205 4059 1476 4150">
     <span class='ocr_line' id='line_1_37' title="bbox 205 4059 1476 4150; baseline 0.006 -26"><span class='ocrx_word' id='word_1_342' title='bbox 205 4070 213 4085; x_wconf 91' lang='grc'><strong>’</strong></span> <span class='ocrx_word' id='word_1_343' title='bbox 317 4063 496 4144; x_wconf 82' lang='grc' dir='ltr'><strong><em>νεκτισμίνα.</em></strong></span> <span class='ocrx_word' id='word_1_344' title='bbox 539 4060 611 4128; x_wconf 76' lang='grc' dir='ltr'><strong><em>Ἀλλ’</em></strong></span> <span class='ocrx_word' id='word_1_345' title='bbox 626 4061 694 4129; x_wconf 85' lang='grc' dir='ltr'><strong><em>οὐτε</em></strong></span> <span class='ocrx_word' id='word_1_346' title='bbox 709 4061 822 4147; x_wconf 83' lang='grc' dir='ltr'><strong><em>μισθόν</em></strong></span> <span class='ocrx_word' id='word_1_347' title='bbox 837 4065 953 4146; x_wconf 78' lang='grc' dir='ltr'><strong><em>ἔχουσιν</em></strong></span> <span class='ocrx_word' id='word_1_348' title='bbox 968 4059 1120 4146; x_wconf 80' lang='grc' dir='ltr'><strong><em>εὐνουχίας</em></strong></span> <span class='ocrx_word' id='word_1_349' title='bbox 1138 4071 1154 4108; x_wconf 75' lang='lat'><strong>²</strong></span> <span class='ocrx_word' id='word_1_350' title='bbox 1162 4068 1309 4148; x_wconf 82' lang='grc' dir='ltr'><strong><em>βασιλείας</em></strong></span> <span class='ocrx_word' id='word_1_351' title='bbox 1325 4061 1476 4150; x_wconf 75' lang='grc' dir='ltr'><strong><em>οὐρανῶν,</em></strong></span> 
     </span>
    </p>
   </div>
   <div class='ocr_carea' id='block_1_12' title="bbox 314 4281 1476 4494">
    <p class='ocr_par' dir='ltr' id='par_1_12' title="bbox 314 4281 1476 4494">
     <span class='ocr_line' id='line_1_38' title="bbox 353 4281 1476 4358; baseline 0.004 -26"><span class='ocrx_word' id='word_1_352' title='bbox 353 4281 454 4335; x_wconf 47' lang='lat' dir='ltr'><strong>cumn.</strong></span> <span class='ocrx_word' id='word_1_353' title='bbox 472 4311 502 4323; x_wconf 92' lang='lat'><strong><em>·-</em></strong></span> <span class='ocrx_word' id='word_1_354' title='bbox 530 4287 551 4338; x_wconf 82' lang='grc' dir='ltr'><strong><em>ί.</em></strong></span> <span class='ocrx_word' id='word_1_355' title='bbox 571 4287 690 4349; x_wconf 69' lang='grc' dir='ltr'><strong><em>είςελθεῖν</em></strong></span> <span class='ocrx_word' id='word_1_356' title='bbox 708 4293 732 4338; x_wconf 76' lang='grc' dir='ltr'><strong><em>λιι</em></strong></span> <span class='ocrx_word' id='word_1_357' title='bbox 748 4291 880 4350; x_wconf 79' lang='grc' dir='ltr'><strong><em>λίοτίεΕρί-</em></strong></span> <span class='ocrx_word' id='word_1_358' title='bbox 914 4291 977 4358; x_wconf 87' lang='grc' dir='ltr'><strong><em>λαβε</em></strong></span> <span class='ocrx_word' id='word_1_359' title='bbox 1001 4297 1142 4357; x_wconf 75' lang='lat' dir='ltr'>suspectum</span> <span class='ocrx_word' id='word_1_360' title='bbox 1168 4288 1228 4339; x_wconf 71' lang='lat' dir='ltr'>mihi</span> <span class='ocrx_word' id='word_1_361' title='bbox 1254 4291 1320 4339; x_wconf 78' lang='lat' dir='ltr'><strong>est.“</strong></span> <span class='ocrx_word' id='word_1_362' title='bbox 1354 4291 1476 4340; x_wconf 77' lang='grc' dir='ltr'><strong><em>Ρεέαυίιιι.</em></strong></span> 
     </span>
     <span class='ocr_line' id='line_1_39' title="bbox 314 4353 1476 4418; baseline 0.007 -18"><span class='ocrx_word' id='word_1_363' title='bbox 314 4353 399 4417; x_wconf 77' lang='grc' dir='ltr'><strong><em>ρλοιιίλ</em></strong></span> <span class='ocrx_word' id='word_1_364' title='bbox 409 4355 713 4418; x_wconf 73' lang='grc' dir='ltr'><strong><em>ίοιπιοτίφλίιςυοιτιδίλίε</em></strong></span> <span class='ocrx_word' id='word_1_365' title='bbox 722 4359 877 4407; x_wconf 68' lang='lat' dir='ltr'><strong><em>desideratur.</em></strong></span> <span class='ocrx_word' id='word_1_366' title='bbox 913 4359 1042 4408; x_wconf 72' lang='lat' dir='ltr'><strong><em>Carnarius</em></strong></span> <span class='ocrx_word' id='word_1_367' title='bbox 1056 4361 1138 4409; x_wconf 74' lang='grc' dir='ltr'><strong><em>νιτλιλι</em></strong></span> <span class='ocrx_word' id='word_1_368' title='bbox 1160 4356 1250 4407; x_wconf 77' lang='lat' dir='ltr'>Sedet</span> <span class='ocrx_word' id='word_1_369' title='bbox 1265 4372 1374 4407; x_wconf 73' lang='lat' dir='ltr'><strong>coronae</strong></span> <span class='ocrx_word' id='word_1_370' title='bbox 1390 4369 1476 4408; x_wconf 75' lang='lat' dir='ltr'>oem-</span> 
     </span>
     <span class='ocr_line' id='line_1_40' title="bbox 353 4419 1474 4494; baseline 0.004 -24"><span class='ocrx_word' id='word_1_371' title='bbox 353 4419 411 4472; x_wconf 73' lang='grc' dir='ltr'><strong><em>ίλιε.</em></strong></span> <span class='ocrx_word' id='word_1_372' title='bbox 424 4419 468 4470; x_wconf 82' lang='grc' dir='ltr'><strong><em>ΙΙΙ.</em></strong></span> <span class='ocrx_word' id='word_1_373' title='bbox 484 4449 518 4461; x_wconf 92' lang='grc'>-</span> <span class='ocrx_word' id='word_1_374' title='bbox 546 4423 568 4474; x_wconf 87' lang='lat'><strong><em>1.</em></strong></span> <span class='ocrx_word' id='word_1_375' title='bbox 586 4424 711 4486; x_wconf 84' lang='lat' dir='ltr'>„Verbum</span> <span class='ocrx_word' id='word_1_376' title='bbox 728 4423 788 4476; x_wconf 81' lang='lat' dir='ltr'><strong>illud</strong></span> <span class='ocrx_word' id='word_1_377' title='bbox 804 4421 878 4490; x_wconf 74' lang='grc' dir='ltr'><strong><em>τροί-</em></strong></span> <span class='ocrx_word' id='word_1_378' title='bbox 911 4423 984 4475; x_wconf 84' lang='grc' dir='ltr'><strong><em>αιὶιιίι</em></strong></span> <span class='ocrx_word' id='word_1_379' title='bbox 999 4443 1029 4476; x_wconf 74' lang='grc' dir='ltr'><strong><em>ιο</em></strong></span> <span class='ocrx_word' id='word_1_380' title='bbox 1046 4425 1150 4494; x_wconf 72' lang='lat' dir='ltr'><strong>praemii</strong></span> <span class='ocrx_word' id='word_1_381' title='bbox 1170 4424 1242 4476; x_wconf 75' lang='lat' dir='ltr'>huius</span> <span class='ocrx_word' id='word_1_382' title='bbox 1264 4439 1405 4491; x_wconf 74' lang='lat' dir='ltr'>cognomen</span> <span class='ocrx_word' id='word_1_383' title='bbox 1427 4441 1474 4475; x_wconf 83' lang='grc' dir='ltr'><strong><em>ιο-</em></strong></span> 
     </span>
    </p>
   </div>
   <div class='ocr_carea' id='block_1_13' title="bbox 0 0 1566 4934">
    <p class='ocr_par' dir='ltr' id='par_1_13' title="bbox 0 0 1566 4934">
     <span class='ocr_line' id='line_1_41' title="bbox 0 0 1566 4934; baseline 0 0"><span class='ocrx_word' id='word_1_384' title='bbox 0 0 1566 4934; x_wconf 95' lang='lat' dir='ltr'><strong><em> </em></strong></span> 
     </span>
    </p>
   </div>
  </div>
 </body>
</html>
