<?xml version="1.0" encoding="UTF-8"?>
<!DOCTYPE html PUBLIC "-//W3C//DTD XHTML 1.0 Transitional//EN"
    "http://www.w3.org/TR/xhtml1/DTD/xhtml1-transitional.dtd">
<html xmlns="http://www.w3.org/1999/xhtml" xml:lang="en" lang="en">
 <head>
  <title>
</title>
<meta http-equiv="Content-Type" content="text/html;charset=utf-8" />
  <meta name='ocr-system' content='tesseract 3.04.00' />
  <meta name='ocr-capabilities' content='ocr_page ocr_carea ocr_par ocr_line ocrx_word'/>
</head>
<body>
  <div class='ocr_page' id='page_1' title='image "./corporishaerese02oehlgoog_0525.png"; bbox 0 0 3154 4930; ppageno 0'>
   <div class='ocr_carea' id='block_1_1' title="bbox 320 147 1050 224">
    <p class='ocr_par' dir='ltr' id='par_1_1' title="bbox 320 147 1050 224">
     <span class='ocr_line' id='line_1_1' title="bbox 320 147 1050 224; baseline 0.008 -15"><span class='ocrx_word' id='word_1_1' title='bbox 320 147 381 210; x_wconf 74' lang='lat'><strong><em>504</em></strong></span> <span class='ocrx_word' id='word_1_2' title='bbox 657 219 659 224; x_wconf 67' lang='grc'><strong><em>,</em></strong></span> <span class='ocrx_word' id='word_1_3' title='bbox 741 163 864 214; x_wconf 78' lang='grc' dir='ltr'><strong><em>νινοτι</em></strong></span> <span class='ocrx_word' id='word_1_4' title='bbox 881 164 1050 217; x_wconf 81' lang='grc' dir='ltr'><strong><em>ονιεειιαιι</em></strong></span> 
     </span>
    </p>
   </div>
   <div class='ocr_carea' id='block_1_2' title="bbox 322 274 1471 772">
    <p class='ocr_par' dir='ltr' id='par_1_2' title="bbox 322 274 1471 772">
     <span class='ocr_line' id='line_1_2' title="bbox 322 274 1468 370; baseline 0.002 -23"><span class='ocrx_word' id='word_1_5' title='bbox 322 275 373 347; x_wconf 79' lang='grc' dir='ltr'><strong><em>τόν</em></strong></span> <span class='ocrx_word' id='word_1_6' title='bbox 391 277 562 362; x_wconf 74' lang='grc' dir='ltr'><strong><em>Ἀρχέλαον,</em></strong></span> <span class='ocrx_word' id='word_1_7' title='bbox 595 281 645 344; x_wconf 74' lang='grc' dir='ltr'><strong><em>ἵνα</em></strong></span> <span class='ocrx_word' id='word_1_8' title='bbox 676 278 767 346; x_wconf 87' lang='grc' dir='ltr'><strong><em>αῦτόν</em></strong></span> <span class='ocrx_word' id='word_1_9' title='bbox 794 279 920 370; x_wconf 78' lang='grc' dir='ltr'><strong><em>ήττήση,</em></strong></span> <span class='ocrx_word' id='word_1_10' title='bbox 952 283 1006 346; x_wconf 84' lang='grc' dir='ltr'><strong><em>καλ</em></strong></span> <span class='ocrx_word' id='word_1_11' title='bbox 1032 279 1070 346; x_wconf 87' lang='grc' dir='ltr'><strong><em>οῦ</em></strong></span> <span class='ocrx_word' id='word_1_12' title='bbox 1096 281 1260 365; x_wconf 67' lang='grc' dir='ltr'><strong><em>δεδύνηται»</em></strong></span> <span class='ocrx_word' id='word_1_13' title='bbox 1312 287 1390 358; x_wconf 74' lang='grc' dir='ltr'><strong><em>Πᾶς</em></strong></span> <span class='ocrx_word' id='word_1_14' title='bbox 1418 274 1468 348; x_wconf 77' lang='grc' dir='ltr'><strong><em>νῦν</em></strong></span> 
     </span>
     <span class='ocr_line' id='line_1_3' title="bbox 322 378 1468 467; baseline 0.004 -24"><span class='ocrx_word' id='word_1_15' title='bbox 322 379 440 463; x_wconf 81' lang='grc' dir='ltr'><strong><em>ἆγνοῦν</em></strong></span> <span class='ocrx_word' id='word_1_16' title='bbox 455 378 489 445; x_wconf 89' lang='grc' dir='ltr'><strong><em>τό</em></strong></span> <span class='ocrx_word' id='word_1_17' title='bbox 504 380 676 466; x_wconf 89' lang='grc' dir='ltr'><strong><em>πρόςφατον</em></strong></span> <span class='ocrx_word' id='word_1_18' title='bbox 689 381 812 448; x_wconf 79' lang='grc' dir='ltr'><strong><em>δύναται</em></strong></span> <span class='ocrx_word' id='word_1_19' title='bbox 829 386 937 450; x_wconf 79' lang='grc' dir='ltr'><strong><em>εἰδέναι</em></strong></span> <span class='ocrx_word' id='word_1_20' title='bbox 954 385 1021 466; x_wconf 90' lang='grc' dir='ltr'><strong><em>περλ</em></strong></span> <span class='ocrx_word' id='word_1_21' title='bbox 1034 391 1093 450; x_wconf 80' lang='grc' dir='ltr'><strong><em>νῦν</em></strong></span> <span class='ocrx_word' id='word_1_22' title='bbox 1110 383 1266 467; x_wconf 71' lang='grc' dir='ltr'><strong><em>μειζόνανς</em></strong></span> <span class='ocrx_word' id='word_1_23' title='bbox 1288 393 1355 462; x_wconf 75' lang='grc' dir='ltr'><strong><em>πῶς</em></strong></span> <span class='ocrx_word' id='word_1_24' title='bbox 1371 385 1406 450; x_wconf 71' lang='grc' dir='ltr'><strong><em>δὲ</em></strong></span> <span class='ocrx_word' id='word_1_25' title='bbox 1418 381 1468 448; x_wconf 82' lang='grc' dir='ltr'><strong><em>οόι</em></strong></span> 
     </span>
     <span class='ocr_line' id='line_1_4' title="bbox 322 481 1471 571; baseline 0.003 -25"><span class='ocrx_word' id='word_1_26' title='bbox 322 483 411 548; x_wconf 84' lang='grc' dir='ltr'><strong><em>έλαθε</em></strong></span> <span class='ocrx_word' id='word_1_27' title='bbox 425 481 476 557; x_wconf 85' lang='grc' dir='ltr'><strong><em>τός</em></strong></span> <span class='ocrx_word' id='word_1_28' title='bbox 493 492 592 566; x_wconf 79' lang='grc' dir='ltr'><strong><em>χεῖρας</em></strong></span> <span class='ocrx_word' id='word_1_29' title='bbox 610 493 663 550; x_wconf 89' lang='grc' dir='ltr'><strong><em>τοῦ</em></strong></span> <span class='ocrx_word' id='word_1_30' title='bbox 677 487 819 571; x_wconf 84' lang='grc' dir='ltr'><strong><em>βασιλέως</em></strong></span> <span class='ocrx_word' id='word_1_31' title='bbox 835 493 894 551; x_wconf 79' lang='grc' dir='ltr'><strong><em>τῶν</em></strong></span> <span class='ocrx_word' id='word_1_32' title='bbox 912 491 1051 570; x_wconf 79' lang='grc' dir='ltr'><strong><em>Περσῶν,</em></strong></span> <span class='ocrx_word' id='word_1_33' title='bbox 1075 485 1139 563; x_wconf 68' lang='grc' dir='ltr'><strong><em>θεός</em></strong></span> <span class='ocrx_word' id='word_1_34' title='bbox 1152 486 1202 554; x_wconf 82' lang='grc' dir='ltr'><strong><em>ὅτε</em></strong></span> <span class='ocrx_word' id='word_1_35' title='bbox 1217 485 1305 564; x_wconf 81' lang='grc' dir='ltr'><strong><em>ἆλοῦς</em></strong></span> <span class='ocrx_word' id='word_1_36' title='bbox 1320 489 1417 554; x_wconf 83' lang='grc' dir='ltr'><strong><em>έδιοκε</em></strong></span> <span class='ocrx_word' id='word_1_37' title='bbox 1433 489 1471 550; x_wconf 87' lang='grc' dir='ltr'><strong><em>δί-</em></strong></span> 
     </span>
     <span class='ocr_line' id='line_1_5' title="bbox 323 582 1471 678; baseline 0.004 -29"><span class='ocrx_word' id='word_1_38' title='bbox 323 611 395 666; x_wconf 72' lang='grc' dir='ltr'><strong><em>κηνς</em></strong></span> <span class='ocrx_word' id='word_1_39' title='bbox 419 582 517 650; x_wconf 59' lang='grc' dir='ltr'><strong><em>δἈλλ</em></strong></span> <span class='ocrx_word' id='word_1_40' title='bbox 534 589 584 650; x_wconf 79' lang='grc' dir='ltr'><strong><em>ἵνα</em></strong></span> <span class='ocrx_word' id='word_1_41' title='bbox 599 596 757 678; x_wconf 78' lang='grc' dir='ltr'><strong><em>καταφανή</em></strong></span> <span class='ocrx_word' id='word_1_42' title='bbox 778 597 840 665; x_wconf 83' lang='grc' dir='ltr'><strong><em>τοῖς</em></strong></span> <span class='ocrx_word' id='word_1_43' title='bbox 860 587 976 655; x_wconf 82' lang='grc' dir='ltr'><strong><em>σῦνεσιν</em></strong></span> <span class='ocrx_word' id='word_1_44' title='bbox 997 593 1184 673; x_wconf 66' lang='grc' dir='ltr'><strong><em>κεκτημένοις</em></strong></span> <span class='ocrx_word' id='word_1_45' title='bbox 1200 589 1276 658; x_wconf 78' lang='grc' dir='ltr'><strong><em>κακοί</em></strong></span> <span class='ocrx_word' id='word_1_46' title='bbox 1289 589 1391 656; x_wconf 74' lang='grc' dir='ltr'><strong><em>πόντιε</em></strong></span> <span class='ocrx_word' id='word_1_47' title='bbox 1402 607 1471 670; x_wconf 74' lang='grc' dir='ltr'><strong><em>ψει·</em></strong></span> 
     </span>
     <span class='ocr_line' id='line_1_6' title="bbox 323 686 453 772; baseline 0.008 -19"><span class='ocrx_word' id='word_1_48' title='bbox 323 686 453 772; x_wconf 86' lang='grc' dir='ltr'><strong><em>δόμενος.</em></strong></span> 
     </span>
    </p>
   </div>
   <div class='ocr_carea' id='block_1_3' title="bbox 191 893 1480 3758">
    <p class='ocr_par' dir='ltr' id='par_1_3' title="bbox 191 893 1473 1089">
     <span class='ocr_line' id='line_1_7' title="bbox 191 893 1473 996; baseline 0.002 -33"><span class='ocrx_word' id='word_1_49' title='bbox 191 927 258 995; x_wconf 54' lang='grc' dir='ltr'><strong><em>χω,</em></strong></span> <span class='ocrx_word' id='word_1_50' title='bbox 274 925 318 996; x_wconf 60' lang='grc' dir='ltr'><strong><em>ρρς</em></strong></span> <span class='ocrx_word' id='word_1_51' title='bbox 416 895 510 963; x_wconf 81' lang='grc' dir='ltr'><strong><em>Πόλιν</em></strong></span> <span class='ocrx_word' id='word_1_52' title='bbox 532 896 564 960; x_wconf 84' lang='grc' dir='ltr'><strong><em>δὲ</em></strong></span> <span class='ocrx_word' id='word_1_53' title='bbox 585 893 719 978; x_wconf 80' lang='grc' dir='ltr'><strong><em>βούλεται</em></strong></span> <span class='ocrx_word' id='word_1_54' title='bbox 740 893 840 982; x_wconf 85' lang='grc' dir='ltr'><strong><em>φέρειν</em></strong></span> <span class='ocrx_word' id='word_1_55' title='bbox 861 902 1039 984; x_wconf 71' lang='grc' dir='ltr'><strong><em>μαρτυρίαν,</em></strong></span> <span class='ocrx_word' id='word_1_56' title='bbox 1068 903 1118 966; x_wconf 75' lang='grc' dir='ltr'><strong><em>’ίνα</em></strong></span> <span class='ocrx_word' id='word_1_57' title='bbox 1138 900 1312 990; x_wconf 70' lang='grc' dir='ltr'><strong><em>παραστήσῃ</em></strong></span> <span class='ocrx_word' id='word_1_58' title='bbox 1333 899 1390 982; x_wconf 85' lang='grc' dir='ltr'><strong><em>τήν</em></strong></span> <span class='ocrx_word' id='word_1_59' title='bbox 1411 896 1473 982; x_wconf 77' lang='grc' dir='ltr'><strong><em>παρ’</em></strong></span> 
     </span>
     <span class='ocr_line' id='line_1_8' title="bbox 326 997 1475 1092; baseline -0.001 -22"><span class='ocrx_word' id='word_1_60' title='bbox 326 1003 406 1092; x_wconf 76' lang='grc' dir='ltr'><strong><em>αὐτῷ</em></strong></span> <span class='ocrx_word' id='word_1_61' title='bbox 423 1001 578 1086; x_wconf 77' lang='grc' dir='ltr'><strong><em>λεγομένην</em></strong></span> <span class='ocrx_word' id='word_1_62' title='bbox 595 997 708 1077; x_wconf 79' lang='grc' dir='ltr'><strong><em>δυάδα,</em></strong></span> <span class='ocrx_word' id='word_1_63' title='bbox 738 1001 786 1065; x_wconf 84' lang='grc' dir='ltr'><strong><em>καί</em></strong></span> <span class='ocrx_word' id='word_1_64' title='bbox 807 1001 888 1088; x_wconf 81' lang='grc' dir='ltr'><strong><em>διέλη</em></strong></span> <span class='ocrx_word' id='word_1_65' title='bbox 911 997 1058 1083; x_wconf 80' lang='grc' dir='ltr'><strong><em>όναμέσον</em></strong></span> <span class='ocrx_word' id='word_1_66' title='bbox 1079 1008 1138 1068; x_wconf 77' lang='grc' dir='ltr'><strong><em>τῶν</em></strong></span> <span class='ocrx_word' id='word_1_67' title='bbox 1161 1003 1217 1069; x_wconf 87' lang='grc' dir='ltr'><strong><em>δῦο</em></strong></span> <span class='ocrx_word' id='word_1_68' title='bbox 1239 1001 1352 1089; x_wconf 79' lang='grc' dir='ltr'><strong><em>Ἀρχῦν</em></strong></span> <span class='ocrx_word' id='word_1_69' title='bbox 1375 1010 1475 1078; x_wconf 76' lang='grc' dir='ltr'><strong><em>κενοῖς,</em></strong></span> 
     </span>
    </p>

    <p class='ocr_par' dir='ltr' id='par_1_4' title="bbox 326 1099 1476 1192">
     <span class='ocr_line' id='line_1_9' title="bbox 326 1099 1476 1192; baseline -0.003 -19"><span class='ocrx_word' id='word_1_70' title='bbox 326 1111 359 1173; x_wconf 85' lang='grc' dir='ltr'><strong><em>ίν</em></strong></span> <span class='ocrx_word' id='word_1_71' title='bbox 381 1133 422 1192; x_wconf 81' lang='grc' dir='ltr'><strong><em>τῳ</em></strong></span> <span class='ocrx_word' id='word_1_72' title='bbox 408 1099 583 1168; x_wconf 82' lang='grc' dir='ltr'><strong><em>εἰπεῖν</em></strong></span> <span class='ocrx_word' id='word_1_73' title='bbox 551 1127 603 1166; x_wconf 91' lang='grc' dir='ltr'><strong><em>τον</em></strong></span> <span class='ocrx_word' id='word_1_74' title='bbox 617 1107 748 1183; x_wconf 81' lang='grc' dir='ltr'><strong><em>σωτῆρα,</em></strong></span> <span class='ocrx_word' id='word_1_75' title='bbox 783 1099 828 1168; x_wconf 89' lang='grc' dir='ltr'><strong><em>Οῦ</em></strong></span> <span class='ocrx_word' id='word_1_76' title='bbox 847 1101 971 1169; x_wconf 85' lang='grc' dir='ltr'><strong><em>δύναται</em></strong></span> <span class='ocrx_word' id='word_1_77' title='bbox 986 1105 1106 1189; x_wconf 89' lang='grc' dir='ltr'><strong><em>δέντρον</em></strong></span> <span class='ocrx_word' id='word_1_78' title='bbox 1129 1103 1247 1190; x_wconf 88' lang='grc' dir='ltr'><strong><em>αγαθδν</em></strong></span> <span class='ocrx_word' id='word_1_79' title='bbox 1271 1103 1410 1192; x_wconf 84' lang='grc' dir='ltr'><strong><em>καρποῦς</em></strong></span> <span class='ocrx_word' id='word_1_80' title='bbox 1428 1133 1476 1170; x_wconf 88' lang='grc' dir='ltr'><strong><em>ιια·</em></strong></span> 
     </span>
    </p>

    <p class='ocr_par' dir='ltr' id='par_1_5' title="bbox 327 1201 1476 1334">
     <span class='ocr_line' id='line_1_10' title="bbox 327 1201 1476 1334; baseline -0.001 -61"><span class='ocrx_word' id='word_1_81' title='bbox 327 1207 400 1334; x_wconf 77' lang='grc' dir='ltr'><strong><em>κρῦς</em></strong></span> <span class='ocrx_word' id='word_1_82' title='bbox 417 1213 553 1288; x_wconf 84' lang='grc' dir='ltr'><strong><em>ποιήσαι,</em></strong></span> <span class='ocrx_word' id='word_1_83' title='bbox 588 1201 681 1270; x_wconf 78' lang='grc' dir='ltr'><strong><em>ιου’δλ</em></strong></span> <span class='ocrx_word' id='word_1_84' title='bbox 697 1206 820 1287; x_wconf 76' lang='grc' dir='ltr'><strong><em>δένδρον</em></strong></span> <span class='ocrx_word' id='word_1_85' title='bbox 840 1202 954 1288; x_wconf 87' lang='grc' dir='ltr'><strong><em>σαπρόν</em></strong></span> <span class='ocrx_word' id='word_1_86' title='bbox 976 1207 1109 1293; x_wconf 84' lang='grc' dir='ltr'><strong><em>καρποῦς</em></strong></span> <span class='ocrx_word' id='word_1_87' title='bbox 1126 1205 1261 1292; x_wconf 81' lang='grc' dir='ltr'><strong><em>όγαθοῦς</em></strong></span> <span class='ocrx_word' id='word_1_88' title='bbox 1277 1215 1417 1291; x_wconf 80' lang='grc' dir='ltr'><strong><em>ποιῆσαι</em></strong></span> <span class='ocrx_word' id='word_1_89' title='bbox 1447 1211 1476 1272; x_wconf 76' lang='grc' dir='ltr'><strong><em>ἐκ</em></strong></span> 
     </span>
    </p>

    <p class='ocr_par' dir='ltr' id='par_1_6' title="bbox 327 1305 1477 1431">
     <span class='ocr_line' id='line_1_11' title="bbox 327 1305 1477 1431; baseline 0 -55"><span class='ocrx_word' id='word_1_90' title='bbox 327 1311 383 1398; x_wconf 68' lang='grc' dir='ltr'><strong><em>γὰρ</em></strong></span> <span class='ocrx_word' id='word_1_91' title='bbox 406 1317 460 1376; x_wconf 89' lang='grc' dir='ltr'><strong><em>τοῦ</em></strong></span> <span class='ocrx_word' id='word_1_92' title='bbox 483 1315 601 1392; x_wconf 81' lang='grc' dir='ltr'><strong><em>καρποῦ</em></strong></span> <span class='ocrx_word' id='word_1_93' title='bbox 625 1306 656 1372; x_wconf 87' lang='grc' dir='ltr'><strong><em>τό</em></strong></span> <span class='ocrx_word' id='word_1_94' title='bbox 679 1309 801 1392; x_wconf 76' lang='grc' dir='ltr'><strong><em>δένδρον</em></strong></span> <span class='ocrx_word' id='word_1_95' title='bbox 820 1305 1002 1431; x_wconf 79' lang='grc' dir='ltr'><strong><em>γιγόσκεται.</em></strong></span> <span class='ocrx_word' id='word_1_96' title='bbox 1046 1309 1145 1376; x_wconf 77' lang='grc' dir='ltr'><strong><em>Καλ“</em></strong></span> <span class='ocrx_word' id='word_1_97' title='bbox 1127 1337 1184 1396; x_wconf 90' lang='grc' dir='ltr'><strong><em>ορα</em></strong></span> <span class='ocrx_word' id='word_1_98' title='bbox 1202 1337 1253 1393; x_wconf 90' lang='grc' dir='ltr'><strong><em>μοι</em></strong></span> <span class='ocrx_word' id='word_1_99' title='bbox 1272 1309 1327 1394; x_wconf 82' lang='grc' dir='ltr'><strong><em>τήν</em></strong></span> <span class='ocrx_word' id='word_1_100' title='bbox 1346 1307 1477 1394; x_wconf 73' lang='grc' dir='ltr'><strong><em>ἐλαφρόν</em></strong></span> 
     </span>
    </p>

    <p class='ocr_par' dir='ltr' id='par_1_7' title="bbox 206 1408 1478 1603">
     <span class='ocr_line' id='line_1_12' title="bbox 206 1408 1478 1534; baseline -0.005 -50"><span class='ocrx_word' id='word_1_101' title='bbox 206 1432 221 1496; x_wconf 81' lang='grc' dir='ltr'><strong><em>ρ’</em></strong></span> <span class='ocrx_word' id='word_1_102' title='bbox 222 1451 257 1495; x_wconf 60' lang='grc' dir='ltr'><strong><em>ια</em></strong></span> <span class='ocrx_word' id='word_1_103' title='bbox 269 1437 313 1484; x_wconf 71' lang='grc' dir='ltr'><strong><em>εει.</em></strong></span> <span class='ocrx_word' id='word_1_104' title='bbox 327 1413 479 1491; x_wconf 85' lang='grc' dir='ltr'><strong><em>διόνοιαν,</em></strong></span> <span class='ocrx_word' id='word_1_105' title='bbox 500 1437 550 1478; x_wconf 93' lang='grc' dir='ltr'><strong><em>και</em></strong></span> <span class='ocrx_word' id='word_1_106' title='bbox 540 1411 657 1493; x_wconf 75' lang='grc' dir='ltr'><strong><em>μηδὲν</em></strong></span> <span class='ocrx_word' id='word_1_107' title='bbox 673 1411 705 1476; x_wconf 89' lang='grc' dir='ltr'><strong><em>έν</em></strong></span> <span class='ocrx_word' id='word_1_108' title='bbox 717 1408 859 1534; x_wconf 81' lang='grc' dir='ltr'><strong><em>βάθει</em></strong></span> <span class='ocrx_word' id='word_1_109' title='bbox 826 1437 861 1474; x_wconf 90' lang='grc' dir='ltr'><strong><em>τα</em></strong></span> <span class='ocrx_word' id='word_1_110' title='bbox 876 1417 928 1494; x_wconf 79' lang='grc' dir='ltr'><strong><em>τῆς</em></strong></span> <span class='ocrx_word' id='word_1_111' title='bbox 942 1417 1029 1488; x_wconf 85' lang='grc' dir='ltr'><strong><em>θείας</em></strong></span> <span class='ocrx_word' id='word_1_112' title='bbox 1043 1421 1162 1499; x_wconf 85' lang='grc' dir='ltr'><strong><em>γραφής</em></strong></span> <span class='ocrx_word' id='word_1_113' title='bbox 1178 1421 1395 1480; x_wconf 65' lang='grc' dir='ltr'><strong><em>κατανοοῦσιν.</em></strong></span> <span class='ocrx_word' id='word_1_114' title='bbox 1441 1415 1478 1478; x_wconf 64' lang='lat' dir='ltr'><strong><em>Es</em></strong></span> 
     </span>
     <span class='ocr_line' id='line_1_13' title="bbox 329 1510 1478 1603; baseline 0.001 -24"><span class='ocrx_word' id='word_1_115' title='bbox 329 1514 431 1601; x_wconf 79' lang='grc' dir='ltr'><strong><em>μὲν</em></strong></span> <span class='ocrx_word' id='word_1_116' title='bbox 397 1541 451 1603; x_wconf 87' lang='grc' dir='ltr'><strong><em>γαρ</em></strong></span> <span class='ocrx_word' id='word_1_117' title='bbox 473 1515 580 1597; x_wconf 80' lang='grc' dir='ltr'><strong><em>δένδρα</em></strong></span> <span class='ocrx_word' id='word_1_118' title='bbox 597 1510 732 1590; x_wconf 80' lang='grc' dir='ltr'><strong><em>ελσλν,”</em></strong></span> <span class='ocrx_word' id='word_1_119' title='bbox 712 1539 770 1599; x_wconf 90' lang='grc' dir='ltr'><strong><em>αρα</em></strong></span> <span class='ocrx_word' id='word_1_120' title='bbox 787 1515 838 1577; x_wconf 88' lang='grc' dir='ltr'><strong><em>καλ</em></strong></span> <span class='ocrx_word' id='word_1_121' title='bbox 853 1512 983 1599; x_wconf 82' lang='grc' dir='ltr'><strong><em>γεωργόν</em></strong></span> <span class='ocrx_word' id='word_1_122' title='bbox 999 1517 1112 1599; x_wconf 82' lang='grc' dir='ltr'><strong><em>έχουσι,</em></strong></span> <span class='ocrx_word' id='word_1_123' title='bbox 1133 1543 1184 1581; x_wconf 90' lang='grc' dir='ltr'><strong><em>και</em></strong></span> <span class='ocrx_word' id='word_1_124' title='bbox 1200 1514 1281 1598; x_wconf 81' lang='grc' dir='ltr'><strong><em>φατοί</em></strong></span> <span class='ocrx_word' id='word_1_125' title='bbox 1299 1515 1478 1602; x_wconf 69' lang='grc' dir='ltr'><strong><em>τυγχάνοντα</em></strong></span> 
     </span>
    </p>

    <p class='ocr_par' dir='ltr' id='par_1_8' title="bbox 211 1613 1479 1804">
     <span class='ocr_line' id='line_1_14' title="bbox 211 1613 1479 1702; baseline -0.005 -15"><span class='ocrx_word' id='word_1_126' title='bbox 211 1628 217 1640; x_wconf 85' lang='grc'><strong>”</strong></span> <span class='ocrx_word' id='word_1_127' title='bbox 329 1621 381 1688; x_wconf 82' lang='grc' dir='ltr'><strong><em>καί</em></strong></span> <span class='ocrx_word' id='word_1_128' title='bbox 396 1617 515 1694; x_wconf 78' lang='grc' dir='ltr'><strong><em>πάντας</em></strong></span> <span class='ocrx_word' id='word_1_129' title='bbox 528 1613 589 1682; x_wconf 85' lang='grc' dir='ltr'><strong><em>ῦπό</em></strong></span> <span class='ocrx_word' id='word_1_130' title='bbox 611 1614 691 1691; x_wconf 88' lang='grc' dir='ltr'><strong><em>τινός</em></strong></span> <span class='ocrx_word' id='word_1_131' title='bbox 707 1617 763 1682; x_wconf 87' lang='grc' dir='ltr'><strong><em>είσι</em></strong></span> <span class='ocrx_word' id='word_1_132' title='bbox 785 1618 1015 1700; x_wconf 84' lang='grc' dir='ltr'><strong><em>πεφντεοομένα.</em></strong></span> <span class='ocrx_word' id='word_1_133' title='bbox 1062 1624 1131 1684; x_wconf 80' lang='grc' dir='ltr'><strong><em>Πᾶν</em></strong></span> <span class='ocrx_word' id='word_1_134' title='bbox 1149 1618 1235 1686; x_wconf 79' lang='grc' dir='ltr'><strong><em>δλτό</em></strong></span> <span class='ocrx_word' id='word_1_135' title='bbox 1259 1621 1479 1702; x_wconf 65' lang='grc' dir='ltr'><strong><em>πεφυτευμένον</em></strong></span> 
     </span>
     <span class='ocr_line' id='line_1_15' title="bbox 330 1715 1478 1804; baseline -0.002 -14"><span class='ocrx_word' id='word_1_136' title='bbox 330 1721 387 1790; x_wconf 85' lang='grc' dir='ltr'><strong><em>οῦκ</em></strong></span> <span class='ocrx_word' id='word_1_137' title='bbox 402 1724 479 1787; x_wconf 83' lang='grc' dir='ltr'><strong><em>έοτιν</em></strong></span> <span class='ocrx_word' id='word_1_138' title='bbox 495 1718 637 1804; x_wconf 79' lang='grc' dir='ltr'><strong><em>όναργον,</em></strong></span> <span class='ocrx_word' id='word_1_139' title='bbox 661 1715 757 1785; x_wconf 58' lang='grc' dir='ltr'><strong><em>λόλλῦ</em></strong></span> <span class='ocrx_word' id='word_1_140' title='bbox 772 1715 865 1804; x_wconf 79' lang='grc' dir='ltr'><strong><em>όργήν</em></strong></span> <span class='ocrx_word' id='word_1_141' title='bbox 885 1722 954 1802; x_wconf 77' lang='grc' dir='ltr'><strong><em>ἔχει·</em></strong></span> <span class='ocrx_word' id='word_1_142' title='bbox 984 1719 1077 1804; x_wconf 82' lang='grc' dir='ltr'><strong><em>οίργήν</em></strong></span> <span class='ocrx_word' id='word_1_143' title='bbox 1100 1723 1132 1788; x_wconf 82' lang='grc' dir='ltr'><strong><em>δδ</em></strong></span> <span class='ocrx_word' id='word_1_144' title='bbox 1153 1724 1221 1804; x_wconf 79' lang='grc' dir='ltr'><strong><em>ἔχον</em></strong></span> <span class='ocrx_word' id='word_1_145' title='bbox 1241 1725 1293 1788; x_wconf 81' lang='grc' dir='ltr'><strong><em>καί</em></strong></span> <span class='ocrx_word' id='word_1_146' title='bbox 1309 1723 1395 1798; x_wconf 66' lang='grc' dir='ltr'><strong><em>τέλος</em></strong></span> <span class='ocrx_word' id='word_1_147' title='bbox 1410 1719 1478 1802; x_wconf 80' lang='grc' dir='ltr'><strong><em>όφλ·</em></strong></span> 
     </span>
    </p>

    <p class='ocr_par' dir='ltr' id='par_1_9' title="bbox 329 1816 1478 1907">
     <span class='ocr_line' id='line_1_16' title="bbox 329 1816 1478 1907; baseline -0.003 -16"><span class='ocrx_word' id='word_1_148' title='bbox 329 1830 379 1904; x_wconf 80' lang='grc' dir='ltr'><strong><em>ξει.</em></strong></span> <span class='ocrx_word' id='word_1_149' title='bbox 427 1827 534 1888; x_wconf 84' lang='grc' dir='ltr'><strong><em>Τοίνυν</em></strong></span> <span class='ocrx_word' id='word_1_150' title='bbox 557 1820 590 1887; x_wconf 86' lang='grc' dir='ltr'><strong><em>τό</em></strong></span> <span class='ocrx_word' id='word_1_151' title='bbox 615 1819 730 1907; x_wconf 89' lang='grc' dir='ltr'><strong><em>σαπρόν</em></strong></span> <span class='ocrx_word' id='word_1_152' title='bbox 755 1823 879 1906; x_wconf 85' lang='grc' dir='ltr'><strong><em>δένδρον</em></strong></span> <span class='ocrx_word' id='word_1_153' title='bbox 905 1819 961 1888; x_wconf 85' lang='grc' dir='ltr'><strong><em>οῦκ</em></strong></span> <span class='ocrx_word' id='word_1_154' title='bbox 979 1816 1017 1906; x_wconf 86' lang='grc' dir='ltr'><strong><em>ήν</em></strong></span> <span class='ocrx_word' id='word_1_155' title='bbox 1039 1822 1100 1899; x_wconf 80' lang='grc' dir='ltr'><strong><em>δελ,</em></strong></span> <span class='ocrx_word' id='word_1_156' title='bbox 1122 1822 1194 1890; x_wconf 81' lang='grc' dir='ltr'><strong><em>οίλλό</em></strong></span> <span class='ocrx_word' id='word_1_157' title='bbox 1211 1824 1413 1906; x_wconf 73' lang='grc' dir='ltr'><strong><em>πεφύτευται,</em></strong></span> <span class='ocrx_word' id='word_1_158' title='bbox 1433 1825 1478 1890; x_wconf 83' lang='grc' dir='ltr'><strong><em>τισί</em></strong></span> 
     </span>
    </p>

    <p class='ocr_par' dir='ltr' id='par_1_10' title="bbox 329 1922 1478 2013">
     <span class='ocr_line' id='line_1_17' title="bbox 329 1922 1478 2013; baseline -0.001 -20"><span class='ocrx_word' id='word_1_159' title='bbox 329 1926 363 1994; x_wconf 86' lang='grc' dir='ltr'><strong><em>τό</em></strong></span> <span class='ocrx_word' id='word_1_160' title='bbox 378 1923 495 2012; x_wconf 83' lang='grc' dir='ltr'><strong><em>όγαθόν</em></strong></span> <span class='ocrx_word' id='word_1_161' title='bbox 509 1925 631 2009; x_wconf 88' lang='grc' dir='ltr'><strong><em>δένδρον</em></strong></span> <span class='ocrx_word' id='word_1_162' title='bbox 646 1930 734 1990; x_wconf 86' lang='grc' dir='ltr'><strong><em>τοῦτο</em></strong></span> <span class='ocrx_word' id='word_1_163' title='bbox 749 1922 786 1989; x_wconf 88' lang='grc' dir='ltr'><strong><em>οῦ</em></strong></span> <span class='ocrx_word' id='word_1_164' title='bbox 801 1926 867 2008; x_wconf 82' lang='grc' dir='ltr'><strong><em>περί</em></strong></span> <span class='ocrx_word' id='word_1_165' title='bbox 883 1923 980 2008; x_wconf 82' lang='grc' dir='ltr'><strong><em>πόσης</em></strong></span> <span class='ocrx_word' id='word_1_166' title='bbox 994 1932 1047 2009; x_wconf 85' lang='grc' dir='ltr'><strong><em>τής</em></strong></span> <span class='ocrx_word' id='word_1_167' title='bbox 1063 1924 1182 1993; x_wconf 81' lang='grc' dir='ltr'><strong><em>ι’ίνοθεν</em></strong></span> <span class='ocrx_word' id='word_1_168' title='bbox 1195 1924 1384 2013; x_wconf 80' lang='grc' dir='ltr'><strong><em>όγαθότητος</em></strong></span> <span class='ocrx_word' id='word_1_169' title='bbox 1402 1931 1478 2006; x_wconf 65' lang='grc' dir='ltr'><strong><em>’διη</em></strong></span> 
     </span>
    </p>

    <p class='ocr_par' dir='ltr' id='par_1_11' title="bbox 329 2024 1478 2116">
     <span class='ocr_line' id='line_1_18' title="bbox 329 2024 1478 2116; baseline -0.001 -21"><span class='ocrx_word' id='word_1_170' title='bbox 329 2037 429 2116; x_wconf 83' lang='grc' dir='ltr'><strong><em>γεῖται.</em></strong></span> <span class='ocrx_word' id='word_1_171' title='bbox 466 2027 551 2092; x_wconf 53' lang='lat' dir='ltr'><strong><em>&#39;aaz</em></strong></span> <span class='ocrx_word' id='word_1_172' title='bbox 563 2025 619 2112; x_wconf 84' lang='grc' dir='ltr'><strong><em>γόρ</em></strong></span> <span class='ocrx_word' id='word_1_173' title='bbox 635 2024 784 2108; x_wconf 81' lang='grc' dir='ltr'><strong><em>ῦψενστος</em></strong></span> <span class='ocrx_word' id='word_1_174' title='bbox 803 2025 956 2112; x_wconf 85' lang='grc' dir='ltr'><strong><em>διγαθότης</em></strong></span> <span class='ocrx_word' id='word_1_175' title='bbox 971 2027 1136 2111; x_wconf 84' lang='grc' dir='ltr'><strong><em>μεταβολήν</em></strong></span> <span class='ocrx_word' id='word_1_176' title='bbox 1161 2028 1201 2112; x_wconf 88' lang='grc' dir='ltr'><strong><em>μή</em></strong></span> <span class='ocrx_word' id='word_1_177' title='bbox 1222 2032 1344 2112; x_wconf 81' lang='grc' dir='ltr'><strong><em>έχουοα,</em></strong></span> <span class='ocrx_word' id='word_1_178' title='bbox 1378 2033 1430 2096; x_wconf 83' lang='grc' dir='ltr'><strong><em>καί</em></strong></span> <span class='ocrx_word' id='word_1_179' title='bbox 1450 2031 1478 2094; x_wconf 86' lang='grc' dir='ltr'><strong><em>έν</em></strong></span> 
     </span>
    </p>

    <p class='ocr_par' dir='ltr' id='par_1_12' title="bbox 330 2127 1479 2221">
     <span class='ocr_line' id='line_1_19' title="bbox 330 2127 1479 2221; baseline -0.001 -22"><span class='ocrx_word' id='word_1_180' title='bbox 330 2139 399 2221; x_wconf 79' lang='grc' dir='ltr'><strong><em>τιμή</em></strong></span> <span class='ocrx_word' id='word_1_181' title='bbox 426 2128 609 2218; x_wconf 71' lang='grc' dir='ltr'><strong><em>ἀνεκλαλήτῳ</em></strong></span> <span class='ocrx_word' id='word_1_182' title='bbox 637 2136 691 2196; x_wconf 88' lang='grc' dir='ltr'><strong><em>τοῦ</em></strong></span> <span class='ocrx_word' id='word_1_183' title='bbox 715 2127 801 2206; x_wconf 85' lang='grc' dir='ltr'><strong><em>όντος</em></strong></span> <span class='ocrx_word' id='word_1_184' title='bbox 826 2127 911 2216; x_wconf 83' lang='grc' dir='ltr'><strong><em>ἇγίου</em></strong></span> <span class='ocrx_word' id='word_1_185' title='bbox 935 2139 1012 2198; x_wconf 89' lang='grc' dir='ltr'><strong><em>θεοῦ</em></strong></span> <span class='ocrx_word' id='word_1_186' title='bbox 1037 2131 1071 2198; x_wconf 84' lang='grc' dir='ltr'><strong><em>τό</em></strong></span> <span class='ocrx_word' id='word_1_187' title='bbox 1095 2130 1251 2214; x_wconf 87' lang='grc' dir='ltr'><strong><em>διανόημα.</em></strong></span> <span class='ocrx_word' id='word_1_188' title='bbox 1295 2136 1352 2208; x_wconf 61' lang='lat' dir='ltr'><strong><em>Ele</em></strong></span> <span class='ocrx_word' id='word_1_189' title='bbox 1378 2134 1413 2198; x_wconf 85' lang='grc' dir='ltr'><strong><em>δὲ</em></strong></span> <span class='ocrx_word' id='word_1_190' title='bbox 1431 2130 1479 2212; x_wconf 72' lang='grc' dir='ltr'><strong><em>τήν</em></strong></span> 
     </span>
    </p>

    <p class='ocr_par' dir='ltr' id='par_1_13' title="bbox 331 2231 1480 2320">
     <span class='ocr_line' id='line_1_20' title="bbox 331 2231 1480 2320; baseline -0.002 -20"><span class='ocrx_word' id='word_1_191' title='bbox 331 2237 399 2320; x_wconf 80' lang='grc' dir='ltr'><strong><em>περὶ</em></strong></span> <span class='ocrx_word' id='word_1_192' title='bbox 416 2240 518 2316; x_wconf 80' lang='grc' dir='ltr'><strong><em>φυτῶν</em></strong></span> <span class='ocrx_word' id='word_1_193' title='bbox 535 2234 681 2318; x_wconf 79' lang='grc' dir='ltr'><strong><em>ἐνέργειαν</em></strong></span> <span class='ocrx_word' id='word_1_194' title='bbox 698 2235 819 2313; x_wconf 73' lang='grc' dir='ltr'><strong><em>έδιομεν·</em></strong></span> <span class='ocrx_word' id='word_1_195' title='bbox 829 2235 857 2298; x_wconf 87' lang='grc' dir='ltr'><strong><em>εἰ</em></strong></span> <span class='ocrx_word' id='word_1_196' title='bbox 873 2231 967 2310; x_wconf 86' lang='grc' dir='ltr'><strong><em>οῦτυς</em></strong></span> <span class='ocrx_word' id='word_1_197' title='bbox 983 2235 1055 2317; x_wconf 84' lang='grc' dir='ltr'><strong><em>έχει,</em></strong></span> <span class='ocrx_word' id='word_1_198' title='bbox 1076 2237 1131 2299; x_wconf 85' lang='grc' dir='ltr'><strong><em>καλ</em></strong></span> <span class='ocrx_word' id='word_1_199' title='bbox 1142 2231 1278 2319; x_wconf 73' lang='grc' dir='ltr'><strong><em>λάβοιμεν</em></strong></span> <span class='ocrx_word' id='word_1_200' title='bbox 1295 2237 1399 2319; x_wconf 88' lang='grc' dir='ltr'><strong><em>λέγειν.</em></strong></span> <span class='ocrx_word' id='word_1_201' title='bbox 1443 2235 1480 2298; x_wconf 73' lang='lat' dir='ltr'><strong><em>Ec</em></strong></span> 
     </span>
    </p>

    <p class='ocr_par' dir='ltr' id='par_1_14' title="bbox 332 2333 1478 2422">
     <span class='ocr_line' id='line_1_21' title="bbox 332 2333 1478 2422; baseline -0.003 -18"><span class='ocrx_word' id='word_1_202' title='bbox 332 2339 385 2422; x_wconf 73' lang='grc' dir='ltr'><strong><em>μὲν</em></strong></span> <span class='ocrx_word' id='word_1_203' title='bbox 403 2335 457 2422; x_wconf 81' lang='grc' dir='ltr'><strong><em>γόρ</em></strong></span> <span class='ocrx_word' id='word_1_204' title='bbox 475 2339 544 2422; x_wconf 89' lang='grc' dir='ltr'><strong><em>περί</em></strong></span> <span class='ocrx_word' id='word_1_205' title='bbox 558 2342 613 2400; x_wconf 87' lang='grc' dir='ltr'><strong><em>τοῦ</em></strong></span> <span class='ocrx_word' id='word_1_206' title='bbox 629 2333 773 2418; x_wconf 80' lang='grc' dir='ltr'><strong><em>διαβόλου</em></strong></span> <span class='ocrx_word' id='word_1_207' title='bbox 789 2336 866 2400; x_wconf 79' lang='grc' dir='ltr'><strong><em>ἐστὶν</em></strong></span> <span class='ocrx_word' id='word_1_208' title='bbox 879 2333 898 2401; x_wconf 87' lang='grc' dir='ltr'><strong><em>ό</em></strong></span> <span class='ocrx_word' id='word_1_209' title='bbox 910 2335 1014 2420; x_wconf 85' lang='grc' dir='ltr'><strong><em>λόγος,</em></strong></span> <span class='ocrx_word' id='word_1_210' title='bbox 1035 2335 1094 2419; x_wconf 80' lang='grc' dir='ltr'><strong><em>ήδη</em></strong></span> <span class='ocrx_word' id='word_1_211' title='bbox 1111 2335 1250 2413; x_wconf 74' lang='grc' dir='ltr'><strong><em>πολλάκις</em></strong></span> <span class='ocrx_word' id='word_1_212' title='bbox 1267 2340 1419 2420; x_wconf 83' lang='grc' dir='ltr'><strong><em>έδελξαμεν</em></strong></span> <span class='ocrx_word' id='word_1_213' title='bbox 1439 2337 1478 2402; x_wconf 83' lang='grc' dir='ltr'><strong><em>ότι</em></strong></span> 
     </span>
    </p>

    <p class='ocr_par' dir='ltr' id='par_1_15' title="bbox 332 2434 1478 2525">
     <span class='ocr_line' id='line_1_22' title="bbox 332 2434 1478 2525; baseline -0.003 -18"><span class='ocrx_word' id='word_1_214' title='bbox 332 2440 369 2507; x_wconf 88' lang='grc' dir='ltr'><strong><em>οῦ</em></strong></span> <span class='ocrx_word' id='word_1_215' title='bbox 386 2437 517 2525; x_wconf 90' lang='grc' dir='ltr'><strong><em>πονηρός</em></strong></span> <span class='ocrx_word' id='word_1_216' title='bbox 534 2439 697 2525; x_wconf 80' lang='grc' dir='ltr'><strong><em>γεγένηται·</em></strong></span> <span class='ocrx_word' id='word_1_217' title='bbox 721 2434 807 2504; x_wconf 77' lang='grc' dir='ltr'><strong><em>οῦδὲν</em></strong></span> <span class='ocrx_word' id='word_1_218' title='bbox 822 2437 879 2524; x_wconf 80' lang='grc' dir='ltr'><strong><em>γόρ</em></strong></span> <span class='ocrx_word' id='word_1_219' title='bbox 896 2447 1012 2520; x_wconf 86' lang='grc' dir='ltr'><strong><em>φαῦλον</em></strong></span> <span class='ocrx_word' id='word_1_220' title='bbox 1029 2436 1048 2504; x_wconf 88' lang='grc' dir='ltr'><strong><em>ό</em></strong></span> <span class='ocrx_word' id='word_1_221' title='bbox 1063 2438 1137 2516; x_wconf 84' lang='grc' dir='ltr'><strong><em>θεός</em></strong></span> <span class='ocrx_word' id='word_1_222' title='bbox 1158 2442 1292 2521; x_wconf 81' lang='grc' dir='ltr'><strong><em>ἐποίησε,</em></strong></span> <span class='ocrx_word' id='word_1_223' title='bbox 1322 2443 1377 2506; x_wconf 83' lang='grc' dir='ltr'><strong><em>ιιαλ</em></strong></span> <span class='ocrx_word' id='word_1_224' title='bbox 1398 2447 1478 2506; x_wconf 83' lang='grc' dir='ltr'><strong><em>τοῦτο</em></strong></span> 
     </span>
    </p>

    <p class='ocr_par' dir='ltr' id='par_1_16' title="bbox 333 2539 1479 2626">
     <span class='ocr_line' id='line_1_23' title="bbox 333 2539 1479 2626; baseline 0.001 -18"><span class='ocrx_word' id='word_1_225' title='bbox 333 2551 395 2620; x_wconf 83' lang='grc' dir='ltr'><strong><em>τοῖς</em></strong></span> <span class='ocrx_word' id='word_1_226' title='bbox 418 2551 549 2619; x_wconf 84' lang='grc' dir='ltr'><strong><em>σννετοῖς</em></strong></span> <span class='ocrx_word' id='word_1_227' title='bbox 572 2545 633 2608; x_wconf 79' lang='grc' dir='ltr'><strong><em>ἐστι</em></strong></span> <span class='ocrx_word' id='word_1_228' title='bbox 655 2539 826 2623; x_wconf 76' lang='grc' dir='ltr'><strong><em>κατάδηλον.</em></strong></span> <span class='ocrx_word' id='word_1_229' title='bbox 872 2544 914 2606; x_wconf 72' lang='lat' dir='ltr'><strong><em>Ec</em></strong></span> <span class='ocrx_word' id='word_1_230' title='bbox 938 2540 994 2626; x_wconf 82' lang='grc' dir='ltr'><strong><em>γόρ</em></strong></span> <span class='ocrx_word' id='word_1_231' title='bbox 1016 2540 1090 2608; x_wconf 76' lang='grc' dir='ltr'><strong><em>κακοὶ</em></strong></span> <span class='ocrx_word' id='word_1_232' title='bbox 1113 2549 1173 2608; x_wconf 82' lang='grc' dir='ltr'><strong><em>τῦν</em></strong></span> <span class='ocrx_word' id='word_1_233' title='bbox 1195 2539 1294 2609; x_wconf 82' lang='grc' dir='ltr'><strong><em>ου’τῦν</em></strong></span> <span class='ocrx_word' id='word_1_234' title='bbox 1315 2541 1479 2626; x_wconf 79' lang='grc' dir='ltr'><strong><em>φερόμεθσ.</em></strong></span> 
     </span>
    </p>

    <p class='ocr_par' dir='ltr' id='par_1_17' title="bbox 334 2641 1479 2732">
     <span class='ocr_line' id='line_1_24' title="bbox 334 2641 1479 2732; baseline -0.003 -19"><span class='ocrx_word' id='word_1_235' title='bbox 334 2643 421 2714; x_wconf 78' lang='grc' dir='ltr'><strong><em>οῦδὲν</em></strong></span> <span class='ocrx_word' id='word_1_236' title='bbox 437 2644 561 2729; x_wconf 76' lang='grc' dir='ltr'><strong><em>λυπήσει</em></strong></span> <span class='ocrx_word' id='word_1_237' title='bbox 585 2641 741 2722; x_wconf 77' lang='grc' dir='ltr'><strong><em>α’ποδεῖξαι</em></strong></span> <span class='ocrx_word' id='word_1_238' title='bbox 764 2645 815 2708; x_wconf 89' lang='grc' dir='ltr'><strong><em>καλ</em></strong></span> <span class='ocrx_word' id='word_1_239' title='bbox 839 2646 871 2709; x_wconf 82' lang='grc' dir='ltr'><strong><em>έν</em></strong></span> <span class='ocrx_word' id='word_1_240' title='bbox 894 2650 934 2732; x_wconf 80' lang='grc' dir='ltr'><strong><em>τῷ</em></strong></span> <span class='ocrx_word' id='word_1_241' title='bbox 956 2643 1081 2727; x_wconf 85' lang='grc' dir='ltr'><strong><em>παρόντι</em></strong></span> <span class='ocrx_word' id='word_1_242' title='bbox 1103 2643 1155 2711; x_wconf 87' lang='grc' dir='ltr'><strong><em>τόν</em></strong></span> <span class='ocrx_word' id='word_1_243' title='bbox 1179 2648 1247 2731; x_wconf 84' lang='grc' dir='ltr'><strong><em>περί</em></strong></span> <span class='ocrx_word' id='word_1_244' title='bbox 1267 2653 1321 2728; x_wconf 78' lang='grc' dir='ltr'><strong><em>τῆς</em></strong></span> <span class='ocrx_word' id='word_1_245' title='bbox 1343 2643 1479 2727; x_wconf 83' lang='grc' dir='ltr'><strong><em>όληθείσς</em></strong></span> 
     </span>
    </p>

    <p class='ocr_par' dir='ltr' id='par_1_18' title="bbox 333 2739 1478 2837">
     <span class='ocr_line' id='line_1_25' title="bbox 333 2739 1478 2837; baseline -0.005 -22"><span class='ocrx_word' id='word_1_246' title='bbox 333 2746 429 2836; x_wconf 87' lang='grc' dir='ltr'><strong><em>λόγον.</em></strong></span> <span class='ocrx_word' id='word_1_247' title='bbox 471 2746 521 2812; x_wconf 58' lang='grc' dir='ltr'><strong><em>’ἣν</em></strong></span> <span class='ocrx_word' id='word_1_248' title='bbox 539 2755 575 2837; x_wconf 73' lang='grc' dir='ltr'><strong><em>τῇ</em></strong></span> <span class='ocrx_word' id='word_1_249' title='bbox 591 2745 666 2837; x_wconf 79' lang='grc' dir='ltr'><strong><em>ιίργῇ</em></strong></span> <span class='ocrx_word' id='word_1_250' title='bbox 679 2751 780 2812; x_wconf 87' lang='grc' dir='ltr'><strong><em>τοίνυν</em></strong></span> <span class='ocrx_word' id='word_1_251' title='bbox 795 2753 909 2828; x_wconf 85' lang='grc' dir='ltr'><strong><em>φαῦλος</em></strong></span> <span class='ocrx_word' id='word_1_252' title='bbox 924 2744 980 2812; x_wconf 89' lang='grc' dir='ltr'><strong><em>οῦκ</em></strong></span> <span class='ocrx_word' id='word_1_253' title='bbox 996 2739 1044 2830; x_wconf 79' lang='grc' dir='ltr'><strong><em>ἦν,</em></strong></span> <span class='ocrx_word' id='word_1_254' title='bbox 1066 2745 1163 2830; x_wconf 86' lang='grc' dir='ltr'><strong><em>οίπέβη</em></strong></span> <span class='ocrx_word' id='word_1_255' title='bbox 1183 2749 1216 2814; x_wconf 77' lang='grc' dir='ltr'><strong><em>δὲ</em></strong></span> <span class='ocrx_word' id='word_1_256' title='bbox 1231 2756 1354 2829; x_wconf 89' lang='grc' dir='ltr'><strong><em>φαῦλος.</em></strong></span> <span class='ocrx_word' id='word_1_257' title='bbox 1397 2743 1478 2821; x_wconf 78' lang='grc' dir='ltr'><strong><em>Ἰδοῦ,</em></strong></span> 
     </span>
    </p>

    <p class='ocr_par' dir='ltr' id='par_1_19' title="bbox 335 2847 1480 2938">
     <span class='ocr_line' id='line_1_26' title="bbox 335 2847 1480 2938; baseline -0.003 -20"><span class='ocrx_word' id='word_1_258' title='bbox 335 2849 372 2918; x_wconf 86' lang='grc' dir='ltr'><strong><em>οῦ</em></strong></span> <span class='ocrx_word' id='word_1_259' title='bbox 387 2849 601 2932; x_wconf 86' lang='grc' dir='ltr'><strong><em>συσταθήσεται</em></strong></span> <span class='ocrx_word' id='word_1_260' title='bbox 617 2852 649 2916; x_wconf 87' lang='grc' dir='ltr'><strong><em>έν</em></strong></span> <span class='ocrx_word' id='word_1_261' title='bbox 662 2855 702 2938; x_wconf 77' lang='grc' dir='ltr'><strong><em>τῷ</em></strong></span> <span class='ocrx_word' id='word_1_262' title='bbox 719 2851 800 2935; x_wconf 81' lang='grc' dir='ltr'><strong><em>μέρει</em></strong></span> <span class='ocrx_word' id='word_1_263' title='bbox 815 2848 911 2938; x_wconf 82' lang='grc' dir='ltr'><strong><em>τοῦτρο</em></strong></span> <span class='ocrx_word' id='word_1_264' title='bbox 928 2848 1026 2934; x_wconf 86' lang='grc' dir='ltr'><strong><em>όπερλ</em></strong></span> <span class='ocrx_word' id='word_1_265' title='bbox 1044 2857 1098 2916; x_wconf 88' lang='grc' dir='ltr'><strong><em>τοῦ</em></strong></span> <span class='ocrx_word' id='word_1_266' title='bbox 1114 2859 1213 2930; x_wconf 83' lang='grc' dir='ltr'><strong><em>φυτοῦ</em></strong></span> <span class='ocrx_word' id='word_1_267' title='bbox 1226 2854 1322 2936; x_wconf 86' lang='grc' dir='ltr'><strong><em>λόγος.</em></strong></span> <span class='ocrx_word' id='word_1_268' title='bbox 1354 2847 1480 2934; x_wconf 73' lang='grc' dir='ltr'><strong><em>Ὀροίμιν</em></strong></span> 
     </span>
    </p>

    <p class='ocr_par' dir='ltr' id='par_1_20' title="bbox 333 2949 1480 3348">
     <span class='ocr_line' id='line_1_27' title="bbox 333 2949 1479 3041; baseline -0.003 -21"><span class='ocrx_word' id='word_1_269' title='bbox 333 2954 389 3041; x_wconf 84' lang='grc' dir='ltr'><strong><em>γόρ</em></strong></span> <span class='ocrx_word' id='word_1_270' title='bbox 406 2955 457 3019; x_wconf 86' lang='grc' dir='ltr'><strong><em>καλ</em></strong></span> <span class='ocrx_word' id='word_1_271' title='bbox 474 2960 593 3020; x_wconf 85' lang='grc' dir='ltr'><strong><em>Σαῦλον</em></strong></span> <span class='ocrx_word' id='word_1_272' title='bbox 609 2951 738 3034; x_wconf 81' lang='grc' dir='ltr'><strong><em>διόκτην</em></strong></span> <span class='ocrx_word' id='word_1_273' title='bbox 752 2951 920 3038; x_wconf 88' lang='grc' dir='ltr'><strong><em>γινόμενον,</em></strong></span> <span class='ocrx_word' id='word_1_274' title='bbox 943 2951 1065 3037; x_wconf 67' lang='grc' dir='ltr'><strong><em>ὕστερον</em></strong></span> <span class='ocrx_word' id='word_1_275' title='bbox 1079 2953 1113 3018; x_wconf 75' lang='grc' dir='ltr'><strong><em>δὲ</em></strong></span> <span class='ocrx_word' id='word_1_276' title='bbox 1129 2952 1311 3036; x_wconf 79' lang='grc' dir='ltr'><strong><em>διωκόμενον</em></strong></span> <span class='ocrx_word' id='word_1_277' title='bbox 1334 2949 1413 3036; x_wconf 71' lang='grc' dir='ltr'><strong><em>ῦπλρ</em></strong></span> <span class='ocrx_word' id='word_1_278' title='bbox 1434 2956 1479 3016; x_wconf 80' lang='grc' dir='ltr'><strong><em>τοῦ</em></strong></span> 
     </span>
     <span class='ocr_line' id='line_1_28' title="bbox 335 3047 1479 3142; baseline -0.002 -20"><span class='ocrx_word' id='word_1_279' title='bbox 335 3055 481 3139; x_wconf 80' lang='grc' dir='ltr'><strong><em>ὀνόματος</em></strong></span> <span class='ocrx_word' id='word_1_280' title='bbox 495 3047 533 3122; x_wconf 77' lang='grc' dir='ltr'><strong><em>οὗ</em></strong></span> <span class='ocrx_word' id='word_1_281' title='bbox 548 3081 619 3120; x_wconf 85' lang='grc' dir='ltr'><strong><em>ποτε</em></strong></span> <span class='ocrx_word' id='word_1_282' title='bbox 633 3057 761 3121; x_wconf 82' lang='grc' dir='ltr'><strong><em>ἐδίωκεν.</em></strong></span> <span class='ocrx_word' id='word_1_283' title='bbox 792 3051 922 3139; x_wconf 73' lang='grc' dir='ltr'><strong><em>Ὀροῖμεν</em></strong></span> <span class='ocrx_word' id='word_1_284' title='bbox 937 3053 988 3122; x_wconf 86' lang='grc' dir='ltr'><strong><em>τόν</em></strong></span> <span class='ocrx_word' id='word_1_285' title='bbox 999 3053 1120 3122; x_wconf 86' lang='grc' dir='ltr'><strong><em>Ἰοῦδαν</em></strong></span> <span class='ocrx_word' id='word_1_286' title='bbox 1138 3058 1337 3142; x_wconf 81' lang='grc' dir='ltr'><strong><em>ἐκλελεγμένον</em></strong></span> <span class='ocrx_word' id='word_1_287' title='bbox 1354 3055 1411 3122; x_wconf 87' lang='grc' dir='ltr'><strong><em>σῦν</em></strong></span> <span class='ocrx_word' id='word_1_288' title='bbox 1425 3061 1479 3127; x_wconf 80' lang='grc' dir='ltr'><strong><em>τοῖς</em></strong></span> 
     </span>
     <span class='ocr_line' id='line_1_29' title="bbox 335 3155 1479 3247; baseline -0.003 -24"><span class='ocrx_word' id='word_1_289' title='bbox 335 3157 450 3225; x_wconf 88' lang='grc' dir='ltr'><strong><em>δυ’δεκα</em></strong></span> <span class='ocrx_word' id='word_1_290' title='bbox 467 3157 656 3238; x_wconf 71' lang='grc' dir='ltr'><strong><em>ἀποστόλοις,</em></strong></span> <span class='ocrx_word' id='word_1_291' title='bbox 678 3161 729 3222; x_wconf 81' lang='grc' dir='ltr'><strong><em>καὶ</em></strong></span> <span class='ocrx_word' id='word_1_292' title='bbox 744 3156 867 3239; x_wconf 87' lang='grc' dir='ltr'><strong><em>ῦστερον</em></strong></span> <span class='ocrx_word' id='word_1_293' title='bbox 884 3155 1053 3240; x_wconf 83' lang='grc' dir='ltr'><strong><em>όποβόντα,</em></strong></span> <span class='ocrx_word' id='word_1_294' title='bbox 1075 3161 1125 3224; x_wconf 83' lang='grc' dir='ltr'><strong><em>καί</em></strong></span> <span class='ocrx_word' id='word_1_295' title='bbox 1142 3161 1174 3224; x_wconf 83' lang='grc' dir='ltr'><strong><em>έν</em></strong></span> <span class='ocrx_word' id='word_1_296' title='bbox 1191 3163 1287 3245; x_wconf 90' lang='grc' dir='ltr'><strong><em>μερίδι</em></strong></span> <span class='ocrx_word' id='word_1_297' title='bbox 1304 3165 1424 3247; x_wconf 69' lang='grc' dir='ltr'><strong><em>πονηρᾷ</em></strong></span> <span class='ocrx_word' id='word_1_298' title='bbox 1443 3181 1479 3220; x_wconf 83' lang='grc' dir='ltr'><strong><em>τε·</em></strong></span> 
     </span>
     <span class='ocr_line' id='line_1_30' title="bbox 334 3253 1480 3348; baseline 0.004 -22"><span class='ocrx_word' id='word_1_299' title='bbox 334 3264 482 3348; x_wconf 86' lang='grc' dir='ltr'><strong><em>ταγμένον.</em></strong></span> <span class='ocrx_word' id='word_1_300' title='bbox 524 3259 656 3346; x_wconf 81' lang='grc' dir='ltr'><strong><em>Ὀριῦμεν</em></strong></span> <span class='ocrx_word' id='word_1_301' title='bbox 679 3259 774 3343; x_wconf 79' lang='grc' dir='ltr'><strong><em>Ῥαοίβ</em></strong></span> <span class='ocrx_word' id='word_1_302' title='bbox 796 3259 849 3342; x_wconf 86' lang='grc' dir='ltr'><strong><em>τήν</em></strong></span> <span class='ocrx_word' id='word_1_303' title='bbox 873 3259 989 3344; x_wconf 85' lang='grc' dir='ltr'><strong><em>πόρνην</em></strong></span> <span class='ocrx_word' id='word_1_304' title='bbox 1011 3258 1163 3346; x_wconf 84' lang='grc' dir='ltr'><strong><em>α’λλοτρίαν</em></strong></span> <span class='ocrx_word' id='word_1_305' title='bbox 1186 3253 1280 3328; x_wconf 77' lang='grc' dir='ltr'><strong><em>οὖσαν</em></strong></span> <span class='ocrx_word' id='word_1_306' title='bbox 1303 3269 1360 3328; x_wconf 86' lang='grc' dir='ltr'><strong><em>τοῦ</em></strong></span> <span class='ocrx_word' id='word_1_307' title='bbox 1384 3263 1480 3348; x_wconf 78' lang='grc' dir='ltr'><strong><em>γένους</em></strong></span> 
     </span>
    </p>

    <p class='ocr_par' dir='ltr' id='par_1_21' title="bbox 245 3348 1480 3557">
     <span class='ocr_line' id='line_1_31' title="bbox 245 3348 1480 3449; baseline 0 -21"><span class='ocrx_word' id='word_1_308' title='bbox 245 3397 248 3412; x_wconf 85' lang='grc'><em>·</em></span> <span class='ocrx_word' id='word_1_309' title='bbox 332 3363 456 3449; x_wconf 88' lang='grc' dir='ltr'><strong><em>Ἰσραήλ,</em></strong></span> <span class='ocrx_word' id='word_1_310' title='bbox 473 3361 595 3448; x_wconf 73' lang='grc' dir='ltr'><strong><em>ὕστερον</em></strong></span> <span class='ocrx_word' id='word_1_311' title='bbox 608 3364 639 3430; x_wconf 80' lang='grc' dir='ltr'><strong><em>δέ</em></strong></span> <span class='ocrx_word' id='word_1_312' title='bbox 655 3362 883 3447; x_wconf 78' lang='grc' dir='ltr'><strong><em>μετανοήσουσιν,</em></strong></span> <span class='ocrx_word' id='word_1_313' title='bbox 899 3365 947 3428; x_wconf 84' lang='grc' dir='ltr'><strong><em>καλ</em></strong></span> <span class='ocrx_word' id='word_1_314' title='bbox 963 3368 1114 3447; x_wconf 81' lang='grc' dir='ltr'><strong><em>λαβοῦσαν</em></strong></span> <span class='ocrx_word' id='word_1_315' title='bbox 1127 3371 1202 3430; x_wconf 84' lang='grc' dir='ltr'><strong><em>θεοῦ</em></strong></span> <span class='ocrx_word' id='word_1_316' title='bbox 1217 3361 1271 3430; x_wconf 88' lang='grc' dir='ltr'><strong><em>τόν</em></strong></span> <span class='ocrx_word' id='word_1_317' title='bbox 1286 3348 1377 3429; x_wconf 77' lang='grc' dir='ltr'><strong><em>ἔλεόν.</em></strong></span> <span class='ocrx_word' id='word_1_318' title='bbox 1398 3360 1480 3447; x_wconf 73' lang='grc' dir='ltr'><strong><em>Ὀρῖν</em></strong></span> 
     </span>
     <span class='ocr_line' id='line_1_32' title="bbox 335 3461 1478 3557; baseline -0.002 -25"><span class='ocrx_word' id='word_1_319' title='bbox 335 3491 387 3553; x_wconf 87' lang='grc' dir='ltr'><strong><em>μεν</em></strong></span> <span class='ocrx_word' id='word_1_320' title='bbox 401 3465 454 3534; x_wconf 88' lang='grc' dir='ltr'><strong><em>τόν</em></strong></span> <span class='ocrx_word' id='word_1_321' title='bbox 467 3465 575 3557; x_wconf 74' lang='grc' dir='ltr'><strong><em>λῃστήν</em></strong></span> <span class='ocrx_word' id='word_1_322' title='bbox 591 3468 640 3532; x_wconf 81' lang='grc' dir='ltr'><strong><em>ἐπὶ</em></strong></span> <span class='ocrx_word' id='word_1_323' title='bbox 662 3470 851 3554; x_wconf 62' lang='grc' dir='ltr'><strong><em>*κακουργία</em></strong></span> <span class='ocrx_word' id='word_1_324' title='bbox 862 3463 991 3546; x_wconf 76' lang='grc' dir='ltr'><strong><em>όλόντα,</em></strong></span> <span class='ocrx_word' id='word_1_325' title='bbox 1013 3469 1063 3532; x_wconf 83' lang='grc' dir='ltr'><strong><em>καλ</em></strong></span> <span class='ocrx_word' id='word_1_326' title='bbox 1080 3468 1285 3553; x_wconf 74' lang='grc' dir='ltr'><strong><em>κρεμασθέντα</em></strong></span> <span class='ocrx_word' id='word_1_327' title='bbox 1302 3468 1353 3532; x_wconf 85' lang='grc' dir='ltr'><strong><em>έπλ</em></strong></span> <span class='ocrx_word' id='word_1_328' title='bbox 1369 3473 1423 3532; x_wconf 87' lang='grc' dir='ltr'><strong><em>τοῦ</em></strong></span> <span class='ocrx_word' id='word_1_329' title='bbox 1437 3461 1478 3541; x_wconf 67' lang='grc' dir='ltr'><strong><em>ἐν’</em></strong></span> 
     </span>
    </p>

    <p class='ocr_par' dir='ltr' id='par_1_22' title="bbox 268 3563 1478 3758">
     <span class='ocr_line' id='line_1_33' title="bbox 268 3563 1478 3658; baseline -0.002 -21"><span class='ocrx_word' id='word_1_330' title='bbox 268 3563 272 3568; x_wconf 51' lang='grc'><strong>’</strong></span> <span class='ocrx_word' id='word_1_331' title='bbox 334 3581 403 3651; x_wconf 88' lang='grc' dir='ltr'><strong><em>λου,</em></strong></span> <span class='ocrx_word' id='word_1_332' title='bbox 425 3572 475 3636; x_wconf 83' lang='grc' dir='ltr'><strong><em>καί</em></strong></span> <span class='ocrx_word' id='word_1_333' title='bbox 496 3569 796 3655; x_wconf 82' lang='grc' dir='ltr'><strong><em>έξομολογησόμενον,</em></strong></span> <span class='ocrx_word' id='word_1_334' title='bbox 818 3571 868 3634; x_wconf 81' lang='grc' dir='ltr'><strong><em>καὶ</em></strong></span> <span class='ocrx_word' id='word_1_335' title='bbox 882 3567 944 3651; x_wconf 86' lang='grc' dir='ltr'><strong><em>όίμα</em></strong></span> <span class='ocrx_word' id='word_1_336' title='bbox 960 3576 1001 3656; x_wconf 80' lang='grc' dir='ltr'><strong><em>τῷ</em></strong></span> <span class='ocrx_word' id='word_1_337' title='bbox 1016 3574 1108 3658; x_wconf 78' lang='grc' dir='ltr'><strong><em>κορίμ</em></strong></span> <span class='ocrx_word' id='word_1_338' title='bbox 1128 3571 1162 3634; x_wconf 83' lang='grc' dir='ltr'><strong><em>έν</em></strong></span> <span class='ocrx_word' id='word_1_339' title='bbox 1180 3575 1221 3656; x_wconf 75' lang='grc' dir='ltr'><strong><em>τῷ</em></strong></span> <span class='ocrx_word' id='word_1_340' title='bbox 1236 3572 1410 3658; x_wconf 80' lang='grc' dir='ltr'><strong><em>παραδείσρι</em></strong></span> <span class='ocrx_word' id='word_1_341' title='bbox 1431 3569 1478 3641; x_wconf 82' lang='grc' dir='ltr'><strong><em>είς</em></strong></span> 
     </span>
     <span class='ocr_line' id='line_1_34' title="bbox 335 3669 1477 3758; baseline -0.003 -19"><span class='ocrx_word' id='word_1_342' title='bbox 335 3671 506 3758; x_wconf 87' lang='grc' dir='ltr'><strong><em>εληλνθότα.</em></strong></span> <span class='ocrx_word' id='word_1_343' title='bbox 548 3669 684 3758; x_wconf 82' lang='grc' dir='ltr'><strong><em>Ὅρῦμεν</em></strong></span> <span class='ocrx_word' id='word_1_344' title='bbox 703 3671 855 3738; x_wconf 88' lang='grc' dir='ltr'><strong><em>Νικόλαον</em></strong></span> <span class='ocrx_word' id='word_1_345' title='bbox 872 3669 963 3738; x_wconf 86' lang='grc' dir='ltr'><strong><em>καλόν</em></strong></span> <span class='ocrx_word' id='word_1_346' title='bbox 979 3669 1067 3750; x_wconf 88' lang='grc' dir='ltr'><strong><em>όντα,</em></strong></span> <span class='ocrx_word' id='word_1_347' title='bbox 1097 3673 1147 3736; x_wconf 90' lang='grc' dir='ltr'><strong><em>καλ</em></strong></span> <span class='ocrx_word' id='word_1_348' title='bbox 1167 3673 1385 3756; x_wconf 67' lang='grc' dir='ltr'><strong><em>ἐκλελεγμένον,</em></strong></span> <span class='ocrx_word' id='word_1_349' title='bbox 1407 3670 1477 3736; x_wconf 55' lang='lat' dir='ltr'><strong><em>zm·</em></strong></span> 
     </span>
    </p>
   </div>
   <div class='ocr_carea' id='block_1_4' title="bbox 335 3773 1479 4171">
    <p class='ocr_par' dir='ltr' id='par_1_23' title="bbox 335 3773 1479 4171">
     <span class='ocr_line' id='line_1_35' title="bbox 335 3773 1479 3860; baseline -0.01 -16"><span class='ocrx_word' id='word_1_350' title='bbox 335 3803 390 3860; x_wconf 89' lang='grc' dir='ltr'><strong><em>ρον</em></strong></span> <span class='ocrx_word' id='word_1_351' title='bbox 405 3776 438 3842; x_wconf 81' lang='grc' dir='ltr'><strong><em>δὲ</em></strong></span> <span class='ocrx_word' id='word_1_352' title='bbox 453 3773 606 3858; x_wconf 84' lang='grc' dir='ltr'><strong><em>οίποβόντα</em></strong></span> <span class='ocrx_word' id='word_1_353' title='bbox 621 3773 752 3858; x_wconf 89' lang='grc' dir='ltr'><strong><em>πονηρόν</em></strong></span> <span class='ocrx_word' id='word_1_354' title='bbox 773 3777 824 3840; x_wconf 85' lang='grc' dir='ltr'><strong><em>καλ</em></strong></span> <span class='ocrx_word' id='word_1_355' title='bbox 841 3777 872 3840; x_wconf 87' lang='grc' dir='ltr'><strong><em>έν</em></strong></span> <span class='ocrx_word' id='word_1_356' title='bbox 886 3783 949 3850; x_wconf 85' lang='grc' dir='ltr'><strong><em>τοῖς</em></strong></span> <span class='ocrx_word' id='word_1_357' title='bbox 964 3773 1159 3859; x_wconf 79' lang='grc' dir='ltr'><strong><em>αίρεσιόρχαις</em></strong></span> <span class='ocrx_word' id='word_1_358' title='bbox 1181 3774 1333 3856; x_wconf 73' lang='grc' dir='ltr'><strong><em>ταχθέντα.</em></strong></span> <span class='ocrx_word' id='word_1_359' title='bbox 1380 3775 1438 3840; x_wconf 75' lang='grc' dir='ltr'><strong><em>Καὶ</em></strong></span> <span class='ocrx_word' id='word_1_360' title='bbox 1456 3773 1479 3833; x_wconf 86' lang='grc' dir='ltr'><strong><em>τί</em></strong></span> 
     </span>
     <span class='ocr_line' id='line_1_36' title="bbox 335 3865 1478 3963; baseline -0.008 -17"><span class='ocrx_word' id='word_1_361' title='bbox 335 3905 386 3962; x_wconf 89' lang='grc' dir='ltr'><strong><em>μοι</em></strong></span> <span class='ocrx_word' id='word_1_362' title='bbox 402 3877 439 3944; x_wconf 79' lang='grc' dir='ltr'><strong><em>τό</em></strong></span> <span class='ocrx_word' id='word_1_363' title='bbox 454 3877 556 3961; x_wconf 82' lang='grc' dir='ltr'><strong><em>πλήθη</em></strong></span> <span class='ocrx_word' id='word_1_364' title='bbox 573 3879 680 3963; x_wconf 71' lang='grc' dir='ltr'><strong><em>λίγεινς</em></strong></span> <span class='ocrx_word' id='word_1_365' title='bbox 701 3882 729 3942; x_wconf 85' lang='grc' dir='ltr'><strong><em>τί</em></strong></span> <span class='ocrx_word' id='word_1_366' title='bbox 742 3869 797 3942; x_wconf 85' lang='grc' dir='ltr'><strong><em>οῦν</em></strong></span> <span class='ocrx_word' id='word_1_367' title='bbox 814 3880 872 3943; x_wconf 85' lang='grc' dir='ltr'><strong><em>έστι</em></strong></span> <span class='ocrx_word' id='word_1_368' title='bbox 894 3875 927 3943; x_wconf 87' lang='grc' dir='ltr'><strong><em>τό</em></strong></span> <span class='ocrx_word' id='word_1_369' title='bbox 943 3874 1041 3958; x_wconf 86' lang='grc' dir='ltr'><strong><em>φυτόν</em></strong></span> <span class='ocrx_word' id='word_1_370' title='bbox 1061 3883 1150 3943; x_wconf 87' lang='grc' dir='ltr'><strong><em>τοῦτο</em></strong></span> <span class='ocrx_word' id='word_1_371' title='bbox 1166 3875 1201 3942; x_wconf 89' lang='grc' dir='ltr'><strong><em>τό</em></strong></span> <span class='ocrx_word' id='word_1_372' title='bbox 1217 3875 1352 3962; x_wconf 86' lang='grc' dir='ltr'><strong><em>πονηρόν</em></strong></span> <span class='ocrx_word' id='word_1_373' title='bbox 1377 3873 1428 3958; x_wconf 70' lang='grc' dir='ltr'><strong><em>ἐφ’</em></strong></span> <span class='ocrx_word' id='word_1_374' title='bbox 1447 3865 1478 3940; x_wconf 76' lang='grc' dir='ltr'><strong><em>οῦ</em></strong></span> 
     </span>
     <span class='ocr_line' id='line_1_37' title="bbox 336 3975 1478 4068; baseline -0.007 -20"><span class='ocrx_word' id='word_1_375' title='bbox 336 3979 452 4066; x_wconf 84' lang='grc' dir='ltr'><strong><em>οίγαθόν</em></strong></span> <span class='ocrx_word' id='word_1_376' title='bbox 469 3978 507 4048; x_wconf 89' lang='grc' dir='ltr'><strong><em>οῦ</em></strong></span> <span class='ocrx_word' id='word_1_377' title='bbox 524 3983 633 4068; x_wconf 88' lang='grc' dir='ltr'><strong><em>γίνεται</em></strong></span> <span class='ocrx_word' id='word_1_378' title='bbox 638 4009 647 4058; x_wconf 87' lang='lat'>;</span> <span class='ocrx_word' id='word_1_379' title='bbox 677 3978 761 4046; x_wconf 65' lang='lat' dir='ltr'><strong><em>’And</em></strong></span> <span class='ocrx_word' id='word_1_380' title='bbox 777 3980 865 4048; x_wconf 81' lang='grc' dir='ltr'><strong><em>πόλιν</em></strong></span> <span class='ocrx_word' id='word_1_381' title='bbox 882 3979 1002 4066; x_wconf 73' lang='grc' dir='ltr'><strong><em>πράξεις</em></strong></span> <span class='ocrx_word' id='word_1_382' title='bbox 1020 3981 1093 4044; x_wconf 81' lang='grc' dir='ltr'><strong><em>είσλν</em></strong></span> <span class='ocrx_word' id='word_1_383' title='bbox 1110 3975 1291 4066; x_wconf 62' lang='lat' dir='ltr'><strong><em>Modum·-</em></strong></span> <span class='ocrx_word' id='word_1_384' title='bbox 1334 3977 1383 4046; x_wconf 85' lang='grc' dir='ltr'><strong><em>Οῦ</em></strong></span> <span class='ocrx_word' id='word_1_385' title='bbox 1402 3976 1478 4045; x_wconf 76' lang='grc' dir='ltr'><strong><em>δῦνε·</em></strong></span> 
     </span>
     <span class='ocr_line' id='line_1_38' title="bbox 335 4079 1478 4171; baseline -0.002 -23"><span class='ocrx_word' id='word_1_386' title='bbox 335 4110 383 4149; x_wconf 84' lang='grc' dir='ltr'><strong><em>ται</em></strong></span> <span class='ocrx_word' id='word_1_387' title='bbox 399 4084 455 4171; x_wconf 81' lang='grc' dir='ltr'><strong><em>γόρ</em></strong></span> <span class='ocrx_word' id='word_1_388' title='bbox 473 4087 506 4151; x_wconf 80' lang='grc' dir='ltr'><strong><em>ἐκ</em></strong></span> <span class='ocrx_word' id='word_1_389' title='bbox 520 4087 659 4170; x_wconf 85' lang='grc' dir='ltr'><strong><em>πορνείας</em></strong></span> <span class='ocrx_word' id='word_1_390' title='bbox 676 4081 829 4171; x_wconf 82' lang='grc' dir='ltr'><strong><em>όγαθότης</em></strong></span> <span class='ocrx_word' id='word_1_391' title='bbox 844 4079 934 4150; x_wconf 80' lang='grc' dir='ltr'><strong><em>εἶναι·</em></strong></span> <span class='ocrx_word' id='word_1_392' title='bbox 961 4081 1000 4150; x_wconf 88' lang='grc' dir='ltr'><strong><em>οῦ</em></strong></span> <span class='ocrx_word' id='word_1_393' title='bbox 1017 4081 1140 4150; x_wconf 74' lang='grc' dir='ltr'><strong><em>δύναται</em></strong></span> <span class='ocrx_word' id='word_1_394' title='bbox 1158 4085 1190 4149; x_wconf 85' lang='grc' dir='ltr'><strong><em>έκ</em></strong></span> <span class='ocrx_word' id='word_1_395' title='bbox 1203 4079 1329 4166; x_wconf 85' lang='grc' dir='ltr'><strong><em>φθόνου</em></strong></span> <span class='ocrx_word' id='word_1_396' title='bbox 1345 4085 1478 4166; x_wconf 80' lang='grc' dir='ltr'><strong><em>πονηρίας</em></strong></span> 
     </span>
    </p>
   </div>
   <div class='ocr_carea' id='block_1_5' title="bbox 369 4269 1443 4476">
    <p class='ocr_par' dir='ltr' id='par_1_24' title="bbox 369 4269 1443 4476">
     <span class='ocr_line' id='line_1_39' title="bbox 370 4269 1048 4358; baseline 0.004 -33"><span class='ocrx_word' id='word_1_397' title='bbox 370 4273 393 4325; x_wconf 79' lang='grc' dir='ltr'><strong>Θ</strong></span> <span class='ocrx_word' id='word_1_398' title='bbox 412 4269 561 4338; x_wconf 78' lang='grc' dir='ltr'><strong><em>διιερίοοτ”</em></strong></span> <span class='ocrx_word' id='word_1_399' title='bbox 539 4293 604 4335; x_wconf 83' lang='grc' dir='ltr'><strong><em>ωςτε</em></strong></span> <span class='ocrx_word' id='word_1_400' title='bbox 620 4273 702 4358; x_wconf 77' lang='grc' dir='ltr'><strong><em>ρὶλοδς.</em></strong></span> <span class='ocrx_word' id='word_1_401' title='bbox 1002 4269 1048 4328; x_wconf 77' lang='grc' dir='ltr'><strong><em>ἀλλ</em></strong></span> 
     </span>
     <span class='ocr_line' id='line_1_40' title="bbox 369 4337 1329 4412; baseline 0.006 -21"><span class='ocrx_word' id='word_1_402' title='bbox 369 4339 394 4392; x_wconf 86' lang='grc'>9</span> <span class='ocrx_word' id='word_1_403' title='bbox 411 4345 619 4406; x_wconf 80' lang='grc' dir='ltr'><strong><em>λιιίιλλεριοειολυι</em></strong></span> <span class='ocrx_word' id='word_1_404' title='bbox 625 4337 691 4396; x_wconf 84' lang='grc' dir='ltr'><strong><em>Ἀλλ’</em></strong></span> <span class='ocrx_word' id='word_1_405' title='bbox 703 4341 787 4400; x_wconf 67' lang='grc' dir='ltr'><strong><em>ἔλαθε</em></strong></span> <span class='ocrx_word' id='word_1_406' title='bbox 794 4341 892 4394; x_wconf 75' lang='grc' dir='ltr'><strong><em>θιαοειί.</em></strong></span> <span class='ocrx_word' id='word_1_407' title='bbox 960 4345 984 4393; x_wconf 74' lang='grc'><strong><em>’2.</em></strong></span> <span class='ocrx_word' id='word_1_408' title='bbox 1003 4337 1081 4396; x_wconf 82' lang='grc' dir='ltr'><strong><em>καλ’</em></strong></span> <span class='ocrx_word' id='word_1_409' title='bbox 1064 4360 1114 4412; x_wconf 75' lang='grc' dir='ltr'><strong><em>αρη</em></strong></span> <span class='ocrx_word' id='word_1_410' title='bbox 1113 4343 1145 4408; x_wconf 77' lang='grc' dir='ltr'><strong><em>ήν</em></strong></span> <span class='ocrx_word' id='word_1_411' title='bbox 1162 4346 1214 4396; x_wconf 83' lang='grc' dir='ltr'><strong><em>οοδ</em></strong></span> <span class='ocrx_word' id='word_1_412' title='bbox 1230 4345 1329 4406; x_wconf 66' lang='lat' dir='ltr'><strong><em>Mis</em></strong></span> 
     </span>
     <span class='ocr_line' id='line_1_41' title="bbox 372 4406 1443 4476; baseline 0.002 -14"><span class='ocrx_word' id='word_1_413' title='bbox 372 4409 429 4462; x_wconf 72' lang='lat' dir='ltr'><strong><em>Cu.</em></strong></span> <span class='ocrx_word' id='word_1_414' title='bbox 444 4409 576 4462; x_wconf 77' lang='lat' dir='ltr'>Lx11.-</span> <span class='ocrx_word' id='word_1_415' title='bbox 612 4415 632 4464; x_wconf 90' lang='grc' dir='ltr'><strong><em>λ.</em></strong></span> <span class='ocrx_word' id='word_1_416' title='bbox 650 4406 678 4466; x_wconf 87' lang='grc' dir='ltr'><strong><em>ου’</em></strong></span> <span class='ocrx_word' id='word_1_417' title='bbox 695 4415 747 4464; x_wconf 87' lang='grc' dir='ltr'><strong><em>σοδ.</em></strong></span> <span class='ocrx_word' id='word_1_418' title='bbox 762 4413 859 4476; x_wconf 60' lang='lat' dir='ltr'><strong>nmio.</strong></span> <span class='ocrx_word' id='word_1_419' title='bbox 959 4410 984 4463; x_wconf 82' lang='grc'>3</span> <span class='ocrx_word' id='word_1_420' title='bbox 1002 4429 1060 4461; x_wconf 70' lang='lat' dir='ltr'><strong><em>narr</em></strong></span> <span class='ocrx_word' id='word_1_421' title='bbox 1060 4415 1296 4464; x_wconf 76' lang='grc' dir='ltr'><strong><em>εειεοεεοοπυειλιλ</em></strong></span> <span class='ocrx_word' id='word_1_422' title='bbox 1313 4413 1443 4464; x_wconf 65' lang='grc' dir='ltr'><strong><em>θππήε</em></strong></span> 
     </span>
    </p>
   </div>
   <div class='ocr_carea' id='block_1_6' title="bbox 0 0 1592 4930">
    <p class='ocr_par' dir='ltr' id='par_1_25' title="bbox 0 0 1592 4930">
     <span class='ocr_line' id='line_1_42' title="bbox 0 0 1592 4930; baseline 0 0"><span class='ocrx_word' id='word_1_423' title='bbox 0 0 1592 4930; x_wconf 95' lang='lat' dir='ltr'><strong><em> </em></strong></span> 
     </span>
    </p>
   </div>
  </div>
 </body>
</html>
