3128 4930
319 219 378 282 136
695 221 699 232 ·
743 227 865 280 amm
883 227 1053 280 οειεεικαιι

318 343 481 433 ἱερωσύνην
499 352 539 433 τῷ
556 347 645 430 πατρὶ
662 345 835 438 προςφίρει,
857 345 888 421 ἐξ
904 340 1139 428 άνθρωπύτητος
1158 343 1192 410 τά
1214 343 1340 430 φύραμα
1360 341 1470 427 λαβῶν,

317 455 368 516 ἵνα
385 447 458 534 ύπίρ
484 446 568 530 ἡμῶν
591 446 685 533 ἴερεύς
706 455 836 535 καταστῇ
859 444 934 512 κατά
953 444 1009 528 ’τήν
1028 445 1110 524 τάξιν
1130 449 1325 530 Μελχισεδὲκ,
1354 445 1410 529 τήν
1431 445 1471 528 μή

319 556 446 636 ἔχουσαν
467 548 614 634 διαδοχήν.
658 552 753 615 Μίνει
774 547 830 634 γάρ
854 547 890 614 τά
912 546 988 633 ύπλρ
1010 545 1094 632 ἡμῶν
1116 552 1158 626 εἰς
1180 548 1213 613 τά
1237 550 1368 632 διηνεκὲς
1390 553 1470 631 δῶρα

319 656 513 740 προςφίρων,
542 659 663 738 πρῶτον
685 653 737 734 μὲν
757 651 863 716 ἑαυτὸν
883 653 1093 736 προςενίγκας,
1122 655 1172 716 ἵνα
1189 649 1263 741 λύση
1284 655 1397 716 θυσίαν
1418 677 1470 716 πα-

317 763 402 832 λαιᾶς
421 755 587 836 διαθήκης,
609 752 662 837 τὴν
680 755 876 838 ἐντελεστέραν
891 761 987 832 ζῶσαν
1002 749 1076 839 δπλρ
1098 752 1207 829 παντὸς
1225 754 1341 837 κάσμου
1358 757 1470 838 ἱερουρ-

320 859 428 945 γήσας,
456 855 546 932 αάτύς
562 859 685 941 ἱερεῖον,
714 854 805 931 αύτδς
823 855 924 939 θύμα,
952 854 1043 931 αύτδς
1065 853 1176 941 ίερεύς,
1205 853 1295 932 αύτδς
1313 855 1473 937 θυσιαστή-

197 996 248 1043 ρις.
262 983 306 1027 ιιι.
321 988 401 1044 ριον,
429 957 519 1034 αύτδς
540 957 627 1037 θεάς,
656 955 747 1034 αύτδς
767 957 946 1042 άνθρωπος,
976 956 1064 1033 αύτάς
1087 956 1239 1040 βασιλεύς,
1268 956 1358 1034 αὐτάς
1379 956 1471 1042 άρχιε-

320 1063 404 1148 ρούς,
428 1058 516 1136 αύτδς
531 1059 696 1145 πρόβατον,
719 1058 809 1136 αῶτδς
826 1058 942 1145 α’ρνίον,
962 1057 998 1124 τά
1014 1063 1111 1125 πάντα
1133 1063 1165 1126 ἐν
1183 1069 1274 1126 πᾶσιν
1291 1059 1365 1146 ὑπὲρ
1388 1058 1474 1142 ἡμῶν

320 1163 491 1252 γενόμενος,
514 1166 565 1226 ἵνα
583 1159 654 1244 ἡμῖν
676 1161 735 1245 ζωὴ
752 1161 828 1227 κατά
850 1161 947 1227 πάντα
961 1161 1075 1246 τρόπον
1094 1165 1227 1249 γίνηται,
1249 1165 1298 1228 καί
1320 1169 1372 1246 τῆς
1391 1165 1475 1246 ἱερω-

321 1266 414 1349 σύνης
436 1263 529 1328 αὐτοῦ
546 1263 579 1328 τά
605 1261 803 1346 ἀμετάστατον
821 1266 971 1349 ἑδραίωμα
991 1268 1033 1340 είς
1050 1264 1120 1342 τούς
1136 1269 1247 1341 αἰῶνας
1264 1263 1475 1350 άπεργάσηται,

323 1367 422 1435 ούκίτι
435 1364 511 1432 κατά
526 1367 642 1451 σπέρμα
657 1365 710 1442 τάς
725 1365 863 1450 διαδοχάς
879 1372 1010 1452 μερίζων,
1033 1365 1104 1432 άλλά
1119 1366 1194 1434 κατά
1209 1365 1242 1433 τδ
1260 1371 1405 1450 δικαίωμα
1418 1393 1475 1447 φυ-

321 1469 479 1537 λάττεσθαι
503 1471 534 1533 ἐν
555 1467 698 1550 πνεύματι
721 1467 794 1558 άγίρι
817 1469 1014 1556 δωρούμενος.

410 1672 597 1751 Φαντάζουσι
622 1674 654 1737 δὲ
683 1672 790 1738 ιάλλοι
818 1675 886 1759 περὶ
914 1676 1023 1740 τούτου
1050 1683 1105 1740 τοῦ
1131 1675 1309 1758 Μελχισεδὲκ
1337 1675 1475 1760 λέγοντες.

324 1784 481 1863 Σαρκικῶς
503 1774 560 1861 γάρ
584 1779 615 1840 οἱ
629 1783 759 1840 τοιοῦτοι
781 1774 996 1861 άνεκρίθησαν,
1019 1785 1225 1861 πνενματικῶς
1246 1776 1288 1859 μὴ
1306 1776 1477 1859 νενοηκότες

324 1882 360 1948 τά
376 1879 435 1946 ύπά
458 1886 511 1944 τοῦ
527 1876 614 1962 άγίου
632 1877 797 1942 άποστόλου
813 1881 843 1943 ἐν
864 1887 900 1967 τῇ
919 1882 1054 1968 ἐπιστολῇ
1075 1887 1111 1968 τῇ
1132 1877 1207 1964 πρδς
1221 1877 1378 1963 Ἑβραίους
1400 1883 1476 1962 εἰρη-

325 1987 405 2069 μένα.
452 1983 511 2045 Καὶ
529 1977 547 2045 δ
561 1980 614 2061 μὲν
627 1977 717 2064 Ἱέραξ
731 1989 837 2045 τοῦτον
852 1985 961 2062 νομίζει
976 1983 1154 2064 Μελχισεδὲκ
1171 1979 1246 2046 είναι
1261 1981 1294 2046 w*
1312 1989 1429 2064 πνεῦμα
1444 1980 1477 2046 τά

246 2153 249 2168 ,
325 2087 424 2172 δι’γιον,
451 2081 500 2148 διά
519 2081 551 2146 τά
577 2079 834 2164 άφαμοιούμενον,
863 2085 953 2163 φησὶ,
986 2091 1027 2172 τῷ
1049 2088 1105 2170 υίῷ
1122 2090 1176 2148 τοῦ
1200 2093 1291 2164 θεοῦ,
1319 2085 1399 2166 μίνει
1421 2083 1477 2169 γάρ

326 2185 422 2272 ἱερεύς
438 2188 480 2261 είς
495 2183 528 2248 τά
543 2186 686 2266 διηνεκές·
709 2182 749 2258 ῶς
765 2182 823 2248 άτιύ
840 2192 894 2266 τῆς
908 2187 1009 2262 λέξεως
1024 2178 1060 2267 ἧς
1074 2183 1154 2250 εἶπεν
1169 2183 1188 2250 δ
1203 2185 1286 2270 ἅγιος
1303 2183 1477 2264 άπόστολος,

330 2289 370 2356 Τά
387 2291 418 2354 δὲ
436 2292 550 2368 πνεῦμα
564 2284 807 2371 ὑπερεντυγχάνει
825 2295 995 2372 στεναγμοῖς
1014 2285 1175 2370 άλαλήτοις.
1217 2286 1252 2352 ‘0
1274 2289 1305 2352 δὲ
1326 2287 1479 2370 ἐπιστάμε-

325 2419 377 2470 νος
394 2391 426 2457 τά
442 2389 582 2474 φρόνημα
599 2390 652 2454 τοῦ
669 2389 834 2471 πνεύματος
848 2387 926 2454 οίδεν
943 2388 988 2454 ὅτι
1005 2386 1077 2474 ύττίρ
1095 2393 1237 2456 ἐκλεκτῶν
1255 2390 1422 2475 ἐντυγχάνει
1438 2397 1478 2478 τῷ

325 2503 397 2582 θεῷ.
440 2491 579 2570 Ἐξίπεσε
604 2493 635 2556 δὲ
661 2494 711 2556 καὶ
736 2484 822 2568 οὗτος
847 2499 996 2568 παντελῶς
1020 2499 1074 2557 τοῦ
1102 2495 1306 2577 προκειμένου.
1354 2492 1400 2558 Ου’
1423 2492 1477 2580 γάρ

327 2597 421 2682 σάρκα
440 2594 595 2660 ἐνεδύσατο
611 2593 644 2659 τά
662 2594 779 2676 πνεῦμά
795 2619 880 2674 ποτε,
903 2593 999 2678 σάρκα
1016 2599 1048 2660 δὲ
1067 2593 1107 2677 μή
1127 2594 1338 2677 ίνδυσάμενον,
1362 2594 1418 2662 οὐκ
1441 2593 1477 2660 εδ

326 2724 374 2782 χεν
390 2696 466 2762 εἶναι
482 2696 617 2779 βασιλεύς
633 2704 686 2778 τῆς
700 2695 819 2778 Σαλῆμ,
842 2698 893 2761 καὶ
910 2696 1004 2777 ίερεύς
1019 2697 1115 2761 τύπου
1130 2696 1218 2773 τινός.
1264 2704 1367 2786 Καιρῷ
1383 2699 1416 2763 δὲ
1432 2696 1479 2764 ὅτε

328 2802 396 2884 περὶ
420 2798 529 2864 τούτου
554 2806 609 2863 τοῦ
633 2796 766 2883 Ἱέρακος
791 2801 841 2863 καὶ
867 2806 921 2881 τῆς
947 2797 1038 2864 αὐτοῦ
1065 2801 1204 2883 αἱρέσεως
1229 2798 1282 2882 τήν
1310 2798 1479 2886 άνατροπὴν

327 2901 505 2984 ποιήσομαι,
533 2901 598 2966 τότε
620 2903 650 2965 ἐν
670 2901 770 2966 πλάτει
789 2905 857 2984 περί
879 2900 992 2967 τούτων
1013 2901 1207 2988 διηγήσομαι,
1234 2909 1288 2986 τῆς
1307 2905 1339 2968 δὲ
1357 2901 1480 2968 άκολου·

328 3009 400 3079 θίας
416 3004 451 3068 τά
467 3008 521 3068 νῦν
538 3002 728 3086 ἐπιλήψομαι.
775 3006 862 3069 Πόσα
877 3006 909 3068 δὲ
927 3006 994 3090 περὶ
1009 3005 1118 3070 τούτου
1134 3011 1188 3070 τοῦ
1203 3007 1383 3088 Μελχισεδὲκ
1400 3005 1479 3070 ἄλλοι

329 3106 537 3188 φαντάζονταις

415 3215 595 3294 Σαμαρεῖται
614 3209 666 3291 μὲν
682 3209 738 3294 γάρ
757 3217 863 3274 τοῦτον
879 3213 1044 3292 νομίζουσιν
1062 3207 1136 3276 εἶναι
1159 3209 1211 3276 τάν
1237 3209 1326 3274 ιυίάν
1339 3218 1394 3276 τοῦ
1411 3217 1480 3276 Νῶε

329 3312 408 3394 Σήμ.
453 3312 667 3395 Καταγέλαστοι
682 3311 714 3375 δὲ
730 3314 781 3375 καί
803 3309 888 3376 αὐτοὶ
911 3308 1133 3398 εύρεθήσονται.
1176 3311 1403 3395 Ἀσφαλιζομὲνη
1426 3313 1480 3399 γάρ

329 3413 434 3498 ἡδεία
455 3413 556 3499 γραφη
579 3412 676 3477 πάντα
693 3411 764 3495 μετά
781 3411 915 3490 εὐταξίας
935 3413 1010 3479 κατά
1033 3415 1130 3480 πάντα
1152 3414 1293 3498 άλήθειαν
1315 3413 1480 3498 ω’χύρωσεν,

328 3515 384 3583 ούκ
407 3519 448 3593 είς
471 3514 566 3599 μάτην
588 3513 658 3590 τούς
677 3514 803 3600 χρόνους
826 3516 937 3594 τάξασα
959 3520 1009 3582 καὶ
1032 3516 1067 3582 τά
1090 3521 1148 3600 ἔτη.
1181 3517 1252 3583 Ὅτε
1272 3516 1328 3603 γάρ
1345 3516 1481 3602 Ἀβραάμ

329 3618 460 3704 ύπῆρχεν
479 3616 739 3704 δγδοηκονταοκτῶ
762 3621 848 3698 ἐτῶν,
877 3617 968 3700 ἢκαὶ
989 3617 1175 3702 ἐνενήκοντα,
1203 3625 1291 3686 πλείω
1315 3619 1336 3703 ἢ
1358 3621 1479 3698 ἐλάσσω,

330 3722 348 3788 δ
363 3722 541 3804 Μελχισεδὲκ
558 3718 637 3808 αύτῷ
655 3718 771 3802 άπήντα
787 3719 852 3786 τότε
867 3724 917 3786 καὶ
936 3725 1094 3805 λέξίβαλεν
1110 3721 1190 3811 αύτῷ
1211 3723 1300 3808 άρτον
1314 3726 1366 3788 καὶ
1388 3721 1481 3801 οίνον,

330 3833 491 3910 προτυπῶν
512 3830 571 3888 τῶν
593 3827 760 3904 μυστηρίων
781 3821 817 3886 τά
843 3826 998 3910 αἰνίγματα
1019 3823 1162 3890 άντίτυπα
1183 3833 1235 3890 τοῦ
1257 3830 1361 3910 κυρίου
1386 3823 1479 3909 ημῶν,

330 3929 463 4011 λέγοντος
479 3925 539 4005 ὅτι,
562 3921 635 4009 Ἐγῶ
655 3927 710 4006 είμι
727 3923 746 3989 o‘
762 3923 850 4008 ἄρτος
864 3924 882 3992 ύ
898 3933 963 4006 ζῶν,
986 3929 1037 3992 καὶ
1053 3926 1197 3994 άντίτυτια
1215 3935 1270 3992 τοῦ
1287 3931 1412 4010 αἳματος
1428 3937 1479 3995 τοῦ

332 4031 364 4092 ἐκ
384 4036 436 4110 τῆς
455 4035 581 4114 πλευράς
602 4025 694 4093 αὐτοῦ
712 4029 871 4110 νυγθὲντος
894 4030 1166 4116 8τιαταρρεύσαντος
1188 4033 1231 4107 εἰς’
1252 4028 1404 4116 κάθαρσιν
1423 4039 1480 4097 τῶν

332 4134 553 4214 κεκοινωμένοιν
567 4133 617 4196 καὶ
634 4130 792 4216 ῥαντισμὸν
808 4134 859 4196 καὶ
880 4138 1027 4218 σωτηρίαν
1046 4140 1105 4198 τῶν
1127 4131 1275 4219 ἡμετέρων
1291 4141 1406 4217 ψυχῶν.
1448 4131 1479 4198 ‘O

367 4319 424 4370 Cn.
444 4323 474 4372 V.
494 4351 525 4360 -
563 4325 583 4374 1.
602 4325 780 4375 Ιλιεαίλιτιιδυοι
796 4325 888 4374 videtur
920 4329 1004 4389 scripsi
1028 4329 1169 4378 Cornan'um
1192 4332 1298 4390 ιτονλυτ,
1331 4330 1372 4388 ραι·
1398 4331 1479 4376 vertit:

332 4383 403 4443 ἄλλα.
823 4394 828 4406 ’
921 4394 1056 4446 Suman'tae
1080 4393 1194 4462 equidem
1219 4395 1285 4443 hunc
1310 4403 1400 4463 putant
1426 4411 1478 4442 esse

368 4456 425 4510 Cn.
443 4459 535 4508 v1.-
573 4459 593 4509 λ.
612 4456 664 4512 υἱὸν
681 4459 724 4512 τοῦ
742 4457 804 4511 Νῶε
821 4455 888 4526 Σήμ
922 4459 996 4512 filium
1021 4463 1077 4513 No&
1109 4461 1188 4530 ipsum
1214 4465 1279 4512 Sem.
1331 4465 1479 4516 Βεσδδαολυτ
1548 4471 1549 4478 ’
