3176 4930
361 253 496 306 reeaau
513 253 575 304 ute.
590 255 622 304 u.
641 253 722 306 rou.
737 255 756 304 1.
774 253 872 305 aean.
885 253 979 306 extu.
1188 243 1250 308 305

94 384 177 452 eeet,
202 393 268 438 eum
285 373 321 438 iis
339 373 375 436 de
395 372 484 438 rebus
500 393 667 438 sermonem
687 373 824 440 instituit.
868 371 946 438 Nam
965 395 1029 438 oum
1051 373 1093 438 itu
1112 373 1248 454 dixisset,

93 475 244 539 dominum
255 473 437 540 sadducaeis
447 476 630 540 tonantibus
640 475 840 561 respondisse,
856 482 1054 558 que'ennrpetes
1064 483 1404 544 menemus-anseres.

92 581 140 638 n'r'e
165 591 274 654 ruent,
305 583 471 660 angelorum
495 585 589 641 meter
604 582 741 663 futures,
775 589 841 663 post
862 579 919 644 iste
942 579 1110 658 subiunxit,
1141 580 1251 664 Augeli

93 699 184 762 porro
200 681 298 745 eernis
314 693 453 768 expertes
470 682 499 745 iu
519 701 633 746 summe
656 682 796 746 felicitato
814 683 924 765 degunt
946 703 981 745 ee
998 681 1104 767 gioria.
1147 680 1250 764 Quare

93 793 124 846 et
141 805 208 862 nos,
233 805 306 868 quos
323 785 444 869 aequari
460 785 574 869 engolis
592 794 719 869 oportet,
744 803 870 848 neeesse
885 795 932 848 est
945 786 981 848 ad
996 786 1119 848 eundem
1134 785 1251 849 modum
1272 809 1280 828 ·

92 906 185 950 eerne
202 887 316 950 nudari.
363 886 430 951 Nee
447 887 535 966 iiiud,
559 887 667 972 optime
684 887 831 966 virorum,
855 887 1073 966 animadvertit,
1098 907 1176 964 eum,
1202 889 1251 972 qui

93 1009 134 1052 ex
157 989 246 1053 nihilo
264 992 402 1054 muudum
424 989 576 1054 inbrioarit
592 1011 627 1053 ee
644 989 814 1054 constituit.
840 1011 897 1054 auu
917 987 1030 1074 angelis
1048 990 1181 1054 modoet
1202 990 1253 1054 ad-

92 1091 237 1156 ministris
252 1093 327 1171 suis,
352 1095 403 1158 sed
420 1103 451 1156 et
465 1089 693 1178 Prinoipntibus,
713 1089 845 1156 Tironis
862 1113 897 1156 ee
911 1089 1113 1157 Potestetibus
1130 1093 1252 1156 eandem

92 1193 323 1258 immortalitatis
345 1195 542 1260 uenditionem
568 1194 718 1259 tribuisse.
764 1195 852 1259 nunt
873 1195 950 1258 enim
971 1203 1017 1258 est
1033 1190 1252 1280 principatuum

91 1317 207 1380 genus,
231 1297 308 1362 eliud
325 1295 527 1377 Potestatum3
551 1317 588 1362 eo
606 1299 682 1382 quod
704 1319 761 1362 nou
779 1319 855 1362 uuus
872 1298 963 1376 ordo,
987 1317 1042 1360 neo
1060 1319 1148 1362 unum
1162 1296 1253 1361 vetuti

92 1419 202 1483 eorpus
228 1421 262 1463 ao
286 1399 380 1464 tribus
398 1399 603 1464 immortalium
625 1411 655 1464 et
676 1399 782 1464 inutilia
800 1401 855 1481 sit,
880 1401 932 1464 sed
950 1419 1091 1483 generum
1116 1421 1151 1465 eo
1173 1400 1254 1464 velut

92 1501 245 1564 nationum
263 1502 401 1566 divortia.
439 1501 546 1586 Neque
564 1499 723 1568 Cherubim
737 1501 829 1588 igitur
844 1503 880 1566 ab
894 1513 1001 1566 -natura
1016 1523 1069 1566 sue
1085 1503 1253 1568 deseisoeu-

92 1601 134 1666 tie
158 1603 187 1666 ie
214 1605 384 1688 augelorum
405 1605 602 1670 conditionem
626 1617 797 1686 transeunt,
828 1625 924 1689 neque
949 1616 1053 1670 eontra
1075 1605 1198 1669 eliorum
1212 1604 1251 1668 in

91 1717 229 1770 ueterem
252 1708 349 1792 engeii
372 1719 598 1773 commutemur.
644 1707 760 1794 Quippe
778 1709 853 1792 quod
875 1718 906 1771 et
928 1719 1015 1787 suut,
1039 1718 1069 1772 et
1090 1708 1252 1772 cuiusmodi

91 1809 235 1894 prodente
256 1821 343 1889 suut,
372 1831 439 1875 esse
464 1811 510 1874 itta
531 1829 654 1874 neeesse
676 1821 732 1874 est.
777 1809 896 1874 Etenim
918 1809 943 1874 si
965 1821 995 1874 et
1016 1810 1119 1890 homo,
1150 1809 1199 1894 qui
1222 1819 1254 1872 ut

92 1911 171 1974 hune
192 1913 328 1976 mundum
352 1913 514 1990 habitaret,
538 1913 731 1998 omnibusque
754 1913 850 1998 quiin
872 1933 909 1976 eo
932 1925 1001 1978 sunt
1019 1923 1188 1999 praeesset,
1213 1933 1252 1976 ex

90 2014 188 2099 prime
207 2013 398 2100 dispositione
420 2015 597 2080 constitutus
617 2026 677 2094 est,
703 2037 769 2080 eum
787 2015 825 2079 sit
841 2015 1033 2094 immortalis,
1058 2035 1205 2100 nunquam
1222 2015 1253 2080 in

90 2115 269 2200 engeiorum
292 2129 342 2181 eut
366 2117 487 2182 eiterius
507 2117 663 2182 cuiuslibet
686 2119 808 2182 iorrnem
831 2139 870 2181 ex
896 2118 1013 2182 homino
1036 2119 1254 2184 couverteudus

91 2230 158 2298 est,
183 2230 266 2284 uerte
282 2241 337 2284 nee
353 2221 450 2306 augeli
469 2221 505 2284 eb
522 2239 558 2285 ee
575 2241 660 2304 quem
675 2220 759 2284 initio
775 2221 872 2284 sortiti
892 2231 962 2284 suut
979 2221 1079 2306 speeie
1095 2243 1129 2284 ee
1150 2231 1254 2285 ustura

92 2323 300 2386 treusiormeri
318 2324 482 2408 mutarique
499 2333 633 2409 poseuut.
670 2321 709 2388 Et
725 2344 798 2388 reru
816 2320 954 2388 Christus
970 2323 1206 2388 adveniensque
1223 2323 1253 2386 iu

91 2425 218 2488 aiteram
237 2425 378 2488 demutari
394 2425 528 2510 vertique
545 2437 678 2490 unturem
694 2426 820 2490 hominis
837 2436 974 2510 oportere
990 2425 1181 2511 praedieerit,
1200 2425 1252 2488 sed

93 2527 123 2590 in
146 2525 178 2589 id
203 2527 300 2592 redire
323 2529 467 2592 duntaxat
487 2528 563 2613 quod
581 2527 666 2614 initio
685 2531 796 2607 iuerut,
821 2538 976 2613 antequam
998 2528 1166 2606 excideret,
1190 2537 1252 2590 tum

92 2651 159 2694 eum
186 2638 267 2692 esset
289 2629 473 2695 immortalis.
518 2627 670 2715 Siquidem
693 2651 816 2696 neeesse
836 2641 883 2696 est
904 2631 1128 2715 unumquodque
1151 2649 1252 2694 eorum

93 2753 171 2818 quee
187 2732 327 2818 producta
342 2744 411 2798 sunt
425 2734 454 2796 in
472 2735 589 2819 propria
610 2745 733 2798 naturae
753 2753 825 2798 suae
841 2735 931 2798 iorma
950 2755 986 2797 ao
1002 2733 1170 2797 conditione
1187 2752 1254 2818 per·

92 2855 218 2902 manere
234 2845 266 2899 ut
282 2835 416 2900 omuibus
432 2837 529 2900 omnia
544 2837 757 2922 uompieautur,
781 2847 848 2924 peta
864 2837 1009 2901 coelestes
1024 2835 1136 2920 angelis
1151 2835 1251 2914 orbes,

93 2937 194 3005 tironi
212 2939 422 3024 potestatibus,
447 2939 627 3004 administris
644 2940 771 3019 lumina,
795 2939 956 3003 diviniores
974 2960 1063 3024 porro
1082 2938 1170 3002 sedes
1192 2937 1253 3001 siu·

93 3041 269 3125 ueriornque
295 3041 404 3106 iumine
425 3038 623 3127 Seraphimis,
654 3041 702 3127 qui
723 3063 855 3108 summae
879 3043 919 3108 itti
945 3041 1165 3125 providentiae,
1196 3061 1254 3124 que

94 3143 195 3208 omnin
213 3143 414 3221 eontinentur,
439 3143 520 3210 velut
534 3145 716 3229 apparitores
735 3146 889 3224 assistunt,
914 3143 1038 3208 mundus
1056 3143 1183 3227 denique
1200 3142 1253 3206 ho·

93 3247 236 3312 minibus.
282 3245 373 3330 Atqui
390 3248 416 3310 si
433 3247 463 3311 iu
480 3247 602 3332 angelos
624 3248 730 3312 mutari
753 3247 886 3313 homines
905 3245 1158 3324 conoesserimus,
1183 3265 1253 3308 eun·

94 3369 225 3433 sequeus
244 3360 291 3414 est
308 3358 339 3413 ut
356 3360 386 3413 et
401 3349 524 3434 eugeios
543 3349 572 3412 iu
594 3357 771 3435 potestates,
796 3362 825 3414 et
843 3349 896 3414 has
913 3349 944 3412 iu
966 3349 1042 3413 eliud
1065 3359 1152 3432 atque
1174 3347 1252 3412 eliud

93 3449 225 3517 transire
241 3449 382 3531 disemus,
407 3453 502 3517 donee
518 3473 554 3518 eo
567 3453 721 3540 superiore
735 3473 833 3518 sermo
850 3452 1043 3538 progrediens
1060 3449 1253 3535 periculosius

92 3553 272 3639 implieetur.
1143 3601 1146 3608 .

179 3654 289 3741 Neque
305 3675 379 3720 vero
399 3657 476 3740 quod
493 3656 576 3720 reiut
593 3656 698 3720 metum
716 3657 862 3721 homiuem
880 3653 1069 3720 inbrieererit
1087 3657 1178 3734 deus,
1203 3663 1254 3719 aut
1267 3655 1405 3721 caaxtt.

91 3760 123 3823 iu
144 3777 181 3822 eo
204 3759 339 3843 inpendo
356 3756 530 3837 aberrauit,
544 3759 680 3843 angeium
699 3770 801 3844 postea
820 3761 919 3823 faeere
936 3759 1015 3823 ilium
1034 3759 1144 3837 voluit,
1168 3723 1405 3841 qu„pfflv·)

91 3863 192 3948 ipsum
207 3861 415 3926 vilissimorum
433 3861 567 3946 opiduum
584 3863 679 3926 inster
694 3861 873 3947 poenitentia
889 3861 1027 3946 oepisset'.
1060 3859 1168 3944 Neque
1185 3881 1251 3924 oum

92 3962 236 4048 angelum
251 3961 394 4048 principio
410 3963 510 4028 ieoere
525 3965 739 4043 constituisset,
763 3985 858 4050 neque
870 3965 898 4027 id
917 3974 997 4029 esset
1009 3972 1175 4040 assecutus,
1200 3962 1252 4026 ito·
1280 3979 1282 3986 ’

93 4068 207 4132 minem
226 4064 404 4150 proereerit.
449 4063 581 4131 Nimium
606 4067 683 4132 istud
706 4066 881 4130 imbeeittum
902 4077 958 4131 est.
1004 4060 1067 4130 Cur
1088 4063 1179 4150 igitur
1200 4055 1253 4129 hoss

126 4221 156 4276 6.
175 4211 229 4272 οὔτ’
245 4207 278 4273 αὖ
293 4215 366 4273 πάλιν
381 4213 419 4280 sie
434 4217 521 4288 ἑτέραν
545 4223 657 4273 cotenu.
726 4219 764 4272 tt.
783 4219 965 4286 διακρατοῦντα
982 4221 1093 4270 Gottenut

127 4289 157 4344 7.
172 4281 251 4354 Ἀτὰρ
269 4289 380 4339 uattnau.
416 4291 489 4354 tetro
505 4287 542 4348 Et
556 4285 613 4358 γὰρ.
727 4287 766 4340 t‘t.
785 4282 837 4342 ἔστ’
851 4281 881 4342 dt
896 4287 941 4342 troi
956 4283 970 4342 d
986 4283 1060 4354 λόγος
1078 4289 1189 4340 Gudonrt.

127 4358 155 4412 8·
173 4352 250 4440 ἄλλην
268 4359 380 4407 Gettund.
725 4355 784 4408 Cer.
799 4358 869 4408 xtt.
884 4385 917 4398 ·-
954 4358 977 4409 l.
994 4357 1031 4409 di.
1047 4351 1145 4410 utimr.
1180 4357 1251 4425 (uet-

127 4425 155 4480 9.
174 4418 258 4478 utitur
270 4419 343 4492 τόπῳ
362 4427 474 4477 Guttend.
689 4427 768 4494 ised.)

112 4495 154 4547 to.
172 4488 306 4560 depuis-qen
320 4491 365 4545 atet
379 4487 508 4563 ἀκραιφνῆ
525 4495 637 4547 Gettond
722 4495 747 4547 2
766 4493 912 4563 λειτουργῶν
930 4498 1043 4548 swano

153 4575 243 4634 oerpee
255 4577 390 4624 tteereemt
402 4577 432 4623 lt.
445 4579 465 4624 2
1006 4587 1047 4650 20
