3168 4926
326 215 368 280 20
750 225 871 276 ειαοτι
888 223 1058 277 τετειιινιι

328 341 409 429 παρά
432 339 484 409 τάν
505 349 675 430 χαρακτῆρα
696 349 749 408 τοῦ
771 338 857 428 άγίου
881 340 1064 426 πνεύματος,
1089 345 1143 406 τοῦ
1162 341 1193 406 ἐν
1214 339 1384 426 προφήταις
1403 349 1484 408 λελα-

327 447 459 530 ληκύτος.

412 552 453 613 Et
470 547 502 613 θέ
517 544 678 628 θελήσουσι
695 549 892 632 παραπλέκειν
907 553 943 635 νή
959 543 1084 634 άληθείρι
1099 541 1132 610 τά
1149 549 1279 627 ψεῦδος,
1300 547 1352 610 καλ
1366 542 1485 631 οίγνοεῖν

326 651 380 718 τάν
396 657 470 718 νοῦν
485 648 536 715 νῦν
553 657 606 732 τῆς
621 647 773 734 άκριβείας
793 647 1017 732 ἐπιμελόμενον,
1040 650 1156 724 ἐαντοῖς
1174 648 1207 712 δέ
1226 647 1414 732 ἐπισωρεύειν
1434 647 1481 714 λό-

329 781 400 842 γους
422 751 458 819 θί
476 745 518 818 ὦν
534 752 820 836 παραποιητεύονται
837 749 890 834 τήν
906 753 1018 816 ἑαυτῶν
1039 749 1152 832 πλάνην
1175 747 1281 833 άμοίαν
1297 748 1361 816 τινά
1376 747 1485 817 άποτε-

220 891 222 896 ’
327 859 423 936 λέσαι,
447 853 708 939 6παραστήσουσιν
732 851 792 920 άπύ
818 861 871 920 τοῦ
890 852 942 936 τήν
959 851 1045 940 άγίαν
1066 850 1185 938 γραφήν
1208 854 1371 938 εἰρηκέναι,
1397 850 1484 918 'Enb-

330 963 416 1043 βαλεν
432 955 450 1025 ά
464 957 538 1035 θἐὁς
553 960 686 1023 έκστασιν
702 959 751 1023 ἐπί
769 955 821 1022 τάν
836 953 940 1039 Ἀδάμ,
962 958 1014 1022 καί
1030 954 1154 1022 ῦπνωσε.
1187 957 1248 1020 Καὶ
1262 953 1363 1022 σύκέτι
1378 953 1485 1038 ίίμοιον

329 1069 417 1128 τοῦτο
438 1065 561 1128 ἐκείνου.
608 1067 623 1106 ⁷
637 1058 682 1126 Ου’
699 1059 754 1146 γάρ
770 1061 821 1125 καί
836 1063 968 1125 ἐνταῦθα
985 1065 1070 1142 στῦμα
1092 1061 1186 1142 ἐμελλε
1203 1056 1342 1124 πλάσσειν
1360 1054 1378 1122 ά
1400 1057 1484 1136 θεάς,

327 1163 380 1246 άφ’
399 1156 436 1230 οῦ
456 1167 497 1241 είς
515 1165 649 1228 ἔκστασιν
666 1165 780 1246 έφερεν,
801 1165 851 1226 ἵνα
866 1159 903 1226 τά
918 1160 1008 1244 ὅμοια
1022 1163 1173 1250 ἐπενέγκῃ,
1194 1157 1232 1226 δι’
1248 1156 1416 1244 ύπερβολήν
1430 1167 1486 1242 τῆς

329 1271 570 1352 φιλανθρωπίας·
592 1272 632 1353 τῷ
649 1263 705 1351 γάρ
719 1262 810 1347 Ἀθάμ
828 1263 968 1349 ἐπήνεγκε
984 1262 1039 1347 τήν
1061 1266 1196 1329 ἔκστασιν
1216 1269 1271 1328 τοῦ
1288 1262 1403 1342 ῦπνου,
1426 1259 1484 1328 οῦκ

328 1371 463 1435 έκστασιν
478 1375 604 1452 φρενοῦν.
628 1365 787 1442 ’Έκστασις
803 1367 834 1431 δὲ
848 1365 923 1432 κατά
937 1364 1087 1451 διαφοράς
1101 1364 1210 1441 πολλάς
1224 1367 1280 1448 ἐχει
1297 1362 1348 1430 νῦν
1363 1364 1483 1451 τρόπον.

324 1470 482 1546 Ἒκστασις
499 1468 535 1535 δι’
552 1467 718 1555 ὑπερβολήν
733 1467 890 1551 θαύματος
910 1471 1035 1553 λέγεται·
1057 1471 1191 1542 έκστασις
1207 1469 1317 1552 λέγεται
1339 1464 1360 1550 ή
1381 1472 1482 1549 μανία,

328 1571 377 1638 διά
393 1572 425 1638 τύ
442 1577 578 1656 έκστήναι
597 1579 652 1638 τοῦ
669 1574 872 1657 προκειμένου.
915 1567 1036 1653 Ἐκείνη
1057 1571 1089 1636 δέ
1110 1567 1131 1653 ή
1151 1577 1205 1636 τοῦ
1228 1569 1327 1636 ῦπνου
1349 1571 1484 1646 ἔκστασις

328 1674 404 1742 κατά
426 1673 512 1742 άλλον
533 1674 644 1759 τρόπον
665 1677 790 1760 ἐρρέθη,
811 1672 886 1740 κατά
904 1671 958 1755 τήν
974 1671 1105 1756 φυσικήν
1120 1674 1282 1759 ἐνέργειαν,
1305 1671 1429 1754 μάλιστα
1450 1673 1483 1738 δὲ

328 1785 369 1867 τῷ
388 1777 566 1860 βαθυτάτας
583 1775 674 1862 αύτήν
691 1779 882 1861 ἐπενηνέχθαι
900 1784 942 1866 τηῦ
960 1773 1035 1866 άγίρι
1050 1773 1161 1858 Ἀδάμ,
1183 1777 1234 1842 καί
1256 1778 1289 1842 έν
1310 1777 1383 1860 χειρὶ
1404 1781 1484 1840 θεοῦ

328 1883 531 1970 πεπλασμένην.

417 2086 478 2151 Καί
493 2081 549 2170 γάρ
565 2082 686 2168 άληθῶς
701 2086 778 2150 ἐστιν
795 2087 884 2165 ίθεῖν,
908 2079 949 2160 τάς
962 2086 1085 2158 δικαίως
1101 2084 1237 2148 ἔκστασιν
1250 2080 1361 2166 ταύτην
1376 2080 1397 2166 ή
1410 2087 1483 2152 θεία

328 2183 431 2273 γραφή
456 2190 624 2270 ικέκληκεν.
669 2184 725 2252 Ἓν
746 2194 786 2274 τῷ
810 2187 866 2272 γάρ
891 2183 1008 2252 ύπνοῦν
1029 2183 1082 2251 τύν
1106 2182 1270 2270 άνθρωπον
1291 2188 1483 2268 μεθίστανται

329 2295 420 2356 πᾶσαι
436 2293 469 2354 αί
482 2289 636 2372 αἰσθήσεις
650 2292 691 2366 είς
705 2287 872 2354 άνάπαυσιν
885 2297 1048 2373 τραπεῖσαι.
1077 2284 1129 2364 Ὡς
1142 2284 1206 2354 οίον
1222 2289 1326 2366 εἰπεῖν,
1343 2295 1484 2374 παροῦσα

330 2390 349 2476 ή
365 2390 519 2478 ὄιοραιική
536 2389 589 2476 ούχ
607 2388 678 2480 ὁρᾷ·
701 2389 923 2457 άποκέκλεισται
939 2389 994 2476 γάρ
1010 2389 1044 2456 τῦ
1058 2389 1155 2473 ῦμμα,
1177 2387 1312 2475 ήσυχάζει
1326 2389 1360 2456 τῦ
1376 2398 1483 2456 κινοῦν

330 2499 362 2564 ἐν
382 2504 422 2586 τῷ
442 2493 596 2587 άνθρεάπτγι
615 2501 744 2578 πνεῦμα,
767 2491 816 2560 εἴτ’
838 2486 892 2560 σῦν
913 2492 1005 2577 ψυχή.
1049 2497 1218 2576 Δυςοδμίας
1240 2490 1333 2575 οῦσης
1353 2495 1385 2558 έν
1406 2496 1483 2580 οίκφ

328 2600 380 2664 καί
403 2595 556 2681 εύοῦμίας,
578 2601 629 2662 καί
651 2601 696 2663 τοί
714 2623 746 2683 γε
763 2596 918 2682 παρούσης
936 2604 988 2679 τῆς
1005 2593 1205 2680 σ’σφραντικής
1221 2593 1404 2678 αἰσθήσεως,
1426 2592 1484 2662 οῦκ

330 2696 585 2782 άντιλαμβάνεται·
616 2701 713 2780 ἐξέστη
735 2699 789 2785 γάρ
813 2697 833 2782 ή
856 2697 977 2781 τοιαύτη
1000 2703 1141 2782 αίσθησις
1160 2700 1202 2774 είς
1222 2694 1391 2764 άνάπαυσιν
1411 2725 1484 2780 τρα·

330 2811 425 2868 πεῖσα.
471 2807 595 2886 Πικρῦν
612 2797 706 2866 άντων
722 2809 823 2884 χυμῶν
840 2803 871 2868 ἐν
885 2808 926 2890 τῷ
942 2799 1071 2883 στόματι,
1093 2799 1114 2884 ή
1131 2799 1279 2887 άλμνρῦν,
1301 2801 1323 2885 ή
1340 2801 1483 2886 γλυκέων,

329 2902 362 2969 τύ
377 2901 531 2989 γευστικύν
547 2901 602 2971 ούιι
620 2901 808 2982 αίσθάνεται,
831 2905 987 2988 ἐπειδήπερ
1009 2907 1041 2970 ἐν
1063 2903 1194 2970 ἐκστάσει
1212 2913 1265 2988 τῆς
1285 2902 1484 2980 άναπαύσειυς

203 3023 310 3082 mm.
331 3015 423 3072 κεῖται
440 3003 481 3088 μή
498 3007 649 3090 ἐνεργοῦν,
672 3003 744 3090 ῦπερ
760 3007 791 3071 ἐν
812 3013 852 3094 τῷ
874 3005 954 3092 ῦπαρ
977 3005 1098 3092 ἐνήργει.
1140 3003 1230 3090 Ἀκοή
1245 3005 1400 3093 πάρεστιν,
1422 3003 1483 3070 άλλ’

330 3105 415 3192 άργεῐ
428 3105 462 3174 τύ
479 3104 656 3174 άκουστικύν
673 3105 748 3173 κατά
765 3107 818 3190 τήν
836 3111 992 3192 αἴσθησιν,
1014 3109 1065 3174 καί
1085 3108 1225 3186 πολλάκις
1239 3117 1299 3174 τοῖν
1313 3107 1484 3174 λαλούντων

330 3213 362 3276 ἐν
384 3213 477 3297 οίκρι,
500 3213 526 3274 εί
541 3209 582 3292 μή
602 3237 631 3276 τι
655 3213 817 3300 ιλιυπνισθῇ
840 3207 1052 3297 ῦάνθρωπος,
1075 3209 1129 3294 ούχ
1151 3210 1297 3278 ύπακούιι
1317 3218 1378 3278 τῶν
1397 3210 1483 3296 παρά

329 3339 418 3378 τινων
434 3314 597 3394 ῥηθέντων,
619 3311 670 3378 ιλιά
685 3311 718 3378 ιύ
735 3311 900 3396 άποστήναι
915 3311 968 3397 τήν
985 3315 1129 3400 ἐνέργειαν
1144 3312 1219 3400 πρὸς
1233 3311 1288 3397 τήν
1301 3313 1390 3400 ῦραν.
1432 3319 1484 3379 Ta·

329 3421 390 3482 νῦν
413 3413 570 3482 κνωδάλων
588 3417 781 3498 θιερχομένων
802 3413 852 3481 θεά
870 3423 925 3482 τοῦ
947 3414 1090 3502 ήμετίρον
1106 3415 1241 3500 σώματος
1264 3413 1321 3482 οῦκ
1337 3417 1482 3482 αἰσθανό-

330 3526 409 3600 μεθα
424 3524 478 3600 τής
497 3515 595 3582 αύτοῦν
612 3519 679 3601 περὶ
695 3514 729 3583 τά
748 3525 832 3601 σῶμα
846 3516 931 3602 ήμῦν
946 3515 1043 3601 άφής,
1066 3522 1094 3584 εί
1113 3517 1198 3601 μήτι
1218 3521 1334 3602 βαρέως
1349 3521 1480 3585 ἐπιθοῖν-

330 3647 378 3687 ται
394 3616 465 3703 ήμῖν
479 3618 514 3684 τά
528 3619 678 3699 κνώδαλα,
702 3617 742 3697 τάς
758 3628 810 3686 τοῦ
827 3618 939 3698 παντύς
955 3619 1084 3706 ὀργάνου
1105 3621 1156 3686 διά
1170 3619 1224 3704 τήν
1240 3619 1408 3688 άνάπαυσιν
1425 3631 1483 3690 τοῦ

328 3722 426 3789 ῦπνου
441 3721 597 3799 ἐκστάντος
610 3720 669 3789 άπύ
685 3727 738 3806 τῆς
755 3726 906 3808 ἐνεργείας.
954 3722 994 3789 Τά
1014 3724 1066 3806 μέν
1088 3721 1145 3810 γάρ
1168 3722 1293 3810 ῦργανον
1309 3722 1428 3808 φύσεως
1441 3723 1484 3792 ῦν

329 3831 447 3910 γηΐνης,
468 3827 519 3892 καί
538 3823 701 3911 λπεριττήν
717 3824 817 3909 ψυχήν
832 3829 913 3910 ἐχον,
935 3823 986 3892 διά
1002 3825 1036 3892 τύ
1052 3825 1147 3903 οῦτως
1163 3827 1196 3892 ἐκ
1213 3833 1287 3892 θεοῦ
1301 3833 1361 3892 νῦν
1380 3833 1485 3912 χρησί-

331 3953 395 4009 μων
417 3925 489 4010 ήμῖν
511 3935 704 4014 γεγενῆσθαι,
727 3925 900 3994 άποῦίῦοται
922 3935 964 4016 τρῦ
985 3927 1071 4017 ῦπνρι
1094 3927 1212 4013 καιρύς,
1235 3937 1383 4012 μεθιστῦν
1403 3926 1482 3997 αύτῦ

330 4025 389 4094 α’πύ
409 4037 462 4111 τῆς
480 4029 680 4118 ἐνεργεστάτης
696 4030 862 4114 αἰσθήσεως
876 4034 917 4108 εἰς
933 4029 1107 4112 μετάστασιν
1120 4028 1324 4108 α’ναπαύσεως·
1346 4029 1423 4115 αύτή
1445 4035 1484 4101 δέ

362 4199 386 4250 6.
405 4203 465 4251 λίολε
480 4203 634 4256 distinxerunt
651 4207 778 4255 comorius
798 4211 819 4254 ελ
838 4206 884 4256 Ρι·
917 4213 985 4254 τιτι-αι
1004 4213 1072 4264 ent,
1090 4213 1118 4254 ut
1134 4204 1203 4254 illum
1219 4203 1245 4256 in
1260 4215 1386 4272 stuporem
1402 4205 1483 4258 τισαί-

329 4273 407 4318 λουίιιε
430 4265 536 4348 ηλάιην,
561 4269 648 4354 ὁμοίαν
663 4269 717 4326 τινά
735 4267 884 4326 ἀποτελέσαι
918 4289 974 4322 οττο
990 4289 1052 4340 ορατ
1068 4273 1185 4330 haberet,
1208 4283 1234 4322 et
1250 4274 1344 4341 pariter
1359 4291 1430 4336 eum,
1449 4287 1482 4327 ut

328 4351 546 4402 παρασεησουσιν,
565 4338 613 4393 αττό
631 4347 681 4390 τελλ.
918 4341 977 4390 olim
993 4340 1129 4398 λθιπιιιιπ,
1154 4341 1289 4394 afficiendo
1309 4342 1393 4408 λιτρκε
1416 4359 1482 4394 suae

363 4405 387 4456 7.
415 4405 540 4456 verterim:
560 4408 648 4474 Neque
666 4409 748 4469 εαίπι,
767 4406 834 4476 quod
851 4407 884 4458 ud
917 4407 1064 4476 benignitati
1080 4407 1244 4462 satisfaceret.

328 4471 396 4522 illum
414 4471 518 4538 attinet,
543 4473 603 4524 deu·
617 4486 670 4526 tum
687 4493 775 4545 τοτριιι
791 4475 884 4544 θρεττ-
