3168 4926
383 204 521 258 assasti
537 199 601 256 sta.
611 203 645 256 ιι.
661 201 743 256 rost.
754 203 775 256 ι.
791 201 890 254 nasa.
906 202 950 254 m.
1209 187 1251 250 'ts

91 327 121 390 io
140 322 402 412 Capharoaitieum
428 343 529 410 amum
550 325 700 410 profectus
724 323 829 388 ibidem
853 320 1010 401 habitavit,
1035 341 1075 384 ea
1098 341 1155 405 quo
1177 329 1251 382 tem-

92 449 165 516 pore
190 428 249 494 adia
272 428 411 514 deinceps
431 427 569 492 miracula
596 427 691 512 coepit
716 427 822 508 ederep
847 436 879 490 ut
903 445 968 488 cum
991 424 1101 488 aridam
1125 420 1250 484 dominis

93 551 211 595 manum
236 531 355 594 sanitati
383 530 523 594 restituit.
568 527 645 593 Tum
669 527 751 594 Petri
777 549 893 593 socrum
921 527 1045 594 curavit.
1093 523 1150 588 Hic
1172 524 1250 588 coito
1263 533 1369 632 parcre-‘J

92 631 254 698 Bethsaida
274 633 416 698 oriundus
439 653 480 696 ex
503 631 608 717 oppidu
626 626 832 718 capharnaum
857 649 981 695 uxorem
1007 629 1151 706 duxerat,
1176 633 1404 734 quaesiturum·

94 736 149 799 dno
174 735 281 820 oppida
307 736 382 800 haud
407 734 545 820 procula
569 753 603 797 sc
630 733 755 797 invicem
775 731 877 798 dissita
902 744 982 798 sutnt.
1027 729 1139 796 Socrus
1162 729 1251 812 igitur
1263 718 1391 793 meudu-

94 834 174 900 Petri
198 858 217 900 a
239 835 371 902 febribus
388 835 512 900 liberata
535 847 657 922 repente
673 836 861 900 ministravit.
908 832 960 900 Sic
978 834 1054 898 enim
1070 831 1251 898 narrationis

94 941 167 1002 ordo
187 937 368 1024 pertesitur.
413 937 469 1004 stis
494 938 550 1002 ista
572 935 665 1024 gestia
683 935 885 1019 Nazaretum,
910 937 958 1003 ubi
978 937 1119 1002 educatus
1142 936 1250 1012 iuerat,

94 1041 189 1104 denno
207 1041 380 1106 revertitur.
405 1039 484 1104 Tum
498 1042 613 1104 demum
632 1039 727 1106 isaiae
739 1042 898 1128 prophetae
913 1041 1017 1106 librum
1033 1038 1114 1124 degit,
1133 1038 1250 1123 quaudo
1262 1047 1347 1103 unet.
1358 1045 1392 1092 Π·

94 1155 122 1207 et
134 1144 332 1229 occupatione
349 1143 472 1228 quodam
486 1143 530 1208 sic
546 1143 610 1208 iiius
625 1141 770 1208 adlocutus
783 1155 845 1208 este
874 1147 974 1226 Utc'qm
986 1147 1084 1205 ds'eetr‘r
1097 1143 1251 1202 mididunc

89 1249 279 1329 pmudodonr:
306 1249 426 1320 Medr'ce,
450 1266 520 1308 oron
542 1251 671 1327 respuam.
719 1250 831 1326 monto
847 1251 1004 1310 ameminor
1017 1249 1100 1325 signo
1114 1245 1199 1328 sueto
1220 1246 1250 1304 r'n

95 1351 305 1430 copdoman,
321 1351 377 1432 soe
392 1351 439 1410 die
457 1353 486 1412 in
501 1353 600 1430 potnit
623 1361 682 1410 tuo.
729 1345 837 1412 Videu'
855 1369 941 1433 quarn
964 1349 1002 1412 sit
1023 1347 1158 1412 ueritatis
1180 1365 1252 1408 oon·
1330 1371 1333 1376 ¹

93 1463 171 1514 serta
188 1450 420 1536 continuataque
437 1452 551 1514 series?
596 1447 735 1516 Ceterum
752 1449 861 1514 nullum
877 1450 916 1514 iti
932 1461 1052 1537 proptor
1073 1450 1187 1514 iliorum
1206 1447 1251 1511 in·

93 1555 297 1618 credulitatem
314 1553 431 1636 siguum
450 1553 550 1616 edidit.
595 1551 668 1616 inde
687 1547 891 1638 capharnaum
915 1554 1064 1639 proiectus
1086 1551 1114 1615 in
1139 1572 1176 1614 eo
1198 1573 1250 1636 op·

93 1656 158 1742 pido
176 1655 303 1719 resedit.
348 1651 423 1718 Post
442 1655 477 1718 ad
495 1655 641 1718 maritima
659 1655 723 1720 lucu
740 1654 925 1740 digrediens,
950 1667 1072 1720 auctore
1084 1651 1248 1731 Mattiaco,

91 1761 164 1820 vidit
177 1763 323 1820 &mosem
341 1761 455 1818 Patrico
477 1768 507 1820 et
518 1763 664 1821 Andrean
677 1761 805 1840 srotroru
828 1763 889 1822 mire
912 1762 1051 1820 mittentes
1073 1761 1165 1819 mou:
1189 1766 1250 1820 tum

92 1857 233 1924 iacobum
249 1869 282 1924 et
299 1855 440 1924 loannem
462 1859 536 1924 iiiios
553 1859 720 1939 Zebedaei,
743 1881 779 1924 ac
798 1861 930 1946 perfecte
953 1860 1067 1924 demum
1090 1859 1156 1924 iilos
1180 1879 1251 1922 ero·

91 1963 188 2026 cavit:
221 1965 280 2042 Qui
297 1964 405 2024 reciduo
421 1965 538 2028 odimus
552 1968 646 2026 secuti
657 1975 726 2026 runt
739 1968 840 2044 matum.
887 1959 983 2047 Quam
1005 1981 1067 2026 rem
1089 1960 1403 2076 accuratis-ww

90 2065 164 2130 sime
179 2061 285 2128 Lucas
303 2065 470 2149 expressit,
493 2086 546 2129 cur
560 2064 602 2128 ita
623 2065 717 2130 secuti
736 2066 813 2145 siut,
837 2085 983 2150 uunquam
1000 2076 1032 2130 ut
1048 2064 1171 2151 amplius
1192 2062 1252 2126 dis·

90 2167 253 2246 cesserint,
278 2187 333 2232 occ
347 2167 444 2231 vocati
461 2167 638 2234 distulerint.
681 2165 725 2234 lta
742 2167 846 2254 quippe
865 2167 1000 2254 scripsit:
1026 2172 1093 2230 Cum
1106 2171 1146 2230 ud
1159 2169 1251 2228 menan

91 2273 267 2333 Genumtd
290 2275 427 2345 modoet,
458 2273 529 2332 midr't
549 2275 689 2334 amonem
712 2283 743 2333 et
760 2273 906 2334 Andreum
928 2271 1088 2351 reflorentes
1108 2275 1198 2344 rann,
1223 2279 1254 2330 et

89 2377 221 2434 meeuds't
233 2376 263 2434 iu
277 2376 381 2447 monn,
405 2393 477 2454 quoe
490 2385 555 2434 erat
568 2377 692 2436 Srinoms
705 2378 787 2436 Petri
797 2385 826 2436 et
841 2378 985 2436 Andreae.
1032 2370 1118 2455 Quod
1136 2370 1252 2457 quidem

89 2473 224 2538 declarat
239 2474 297 2536 iam
312 2475 389 2537 iuter
404 2475 486 2558 ipsos
501 2475 626 2560 aliquam
646 2476 851 2541 intercessisse
868 2475 1012 2538 notitiam.
1058 2473 1146 2538 ldunc
1161 2473 1253 2559 igitur

89 2588 212 2662 propter
232 2573 458 2640 familiaritatem
474 2577 633 2662 accipiunt,
652 2589 683 2641 et
698 2579 723 2644 is
736 2598 900 2642 conscenso
919 2576 1035 2661 navigio
1052 2575 1140 2641 sedit.
1171 2575 1250 2640 Tum

89 2690 124 2742 ot
138 2681 252 2742 docere
266 2679 402 2764 poputum
420 2677 523 2758 desiit,
545 2677 667 2744 Petrum
684 2681 725 2744 ita
740 2681 910 2768 compeliatr
935 2685 1029 2744 deduc
1045 2685 1074 2744 in
1091 2683 1197 2754 citum,
1222 2688 1252 2742 et

90 2785 189 2844 unte
209 2785 295 2844 retain
339 2787 383 2844 At
406 2784 454 2846 itti
473 2786 626 2845 drumm:
656 2788 835 2865 inacceptor.
881 2781 943 2846 dam
968 2778 1045 2846 cuim
1070 2781 1107 2846 ob
1130 2780 1250 2845 ioannis

90 2881 293 2948 testimoninm
318 2895 538 2971 praeceptorem
562 2884 641 2948 illum
664 2885 826 2964 vocabant,
851 2907 915 2950 cum
935 2885 971 2948 ab
993 2907 1030 2949 eo
1054 2885 1175 2972 primum
1199 2905 1251 2948 au·

90 2985 235 3065 diisscut,
259 2991 336 3048 Erre
358 3007 451 3066 agnus
469 2991 532 3061 der',
557 2990 609 3067 qui
628 2989 704 3049 tutat
721 3003 868 3069 peceatum
891 2993 1004 3064 mundi,
1028 3000 1059 3052 et
1080 2989 1179 3052 cadem
1203 2985 1404 3061 dictemus.

91 3110 156 3151 eom
176 3109 214 3152 eo
232 3088 405 3152 commorati
422 3088 561 3174 postridie
578 3089 785 3158 recessissent.
829 3088 904 3155 Post
921 3092 994 3155 haec
1012 3090 1041 3154 iu
1065 3091 1178 3178 piscatu
1199 3110 1252 3154 ve·

91 3190 248 3253 dementer
263 3188 344 3253 iilum
363 3191 591 3270 admirantibus,
614 3211 649 3254 ac
670 3193 785 3256 dicante
802 3191 911 3273 Petro,
935 3197 1054 3256 minoda
1067 3215 1085 3254 n
1099 3215 1158 3266 ote,
1183 3197 1250 3275 qmir
1262 3207 1380 3267 caesa

90 3295 171 3354 dorm
192 3304 331 3374 peccator
351 3314 413 3356 rum
434 3291 585 3377 (fortassis
608 3293 685 3358 onim
710 3294 880 3380 poenitebat
902 3297 1014 3381 ipsum,
1041 3296 1119 3380 quod
1140 3293 1177 3358 air
1201 3293 1251 3360 atto

91 3405 215 3458 uocatus
231 3394 315 3458 initio
331 3395 365 3458 ad
381 3395 557 3480 piscaturam
575 3398 670 3462 denuo
685 3396 846 3478 rediisset),
871 3399 911 3463 ita
926 3399 1060 3463 dominus
1077 3396 1249 3482 alloquitur:

90 3499 162 3560 suu
183 3502 302 3572 temere,-
334 3508 364 3560 ut
386 3497 465 3561 ilium
483 3498 521 3562 ab
546 3519 583 3564 eo
607 3511 685 3564 metu
710 3499 915 3579 confirmaret,
941 3522 995 3565 nec
1017 3522 1050 3564 sc
1070 3501 1250 3586 repudiatum

91 3599 211 3664 omniuo
227 3609 346 3684 potaret
362 3619 448 3679 esse,
478 3602 530 3668 scd
549 3602 691 3686 pristinae
709 3601 856 3667 vocationi
880 3603 1036 3667 iruahacrcre
1056 3622 1144 3689 posse
1161 3599 1251 3664 conii·

92 3702 188 3766 deret.
235 3697 356 3782 Quare,
385 3707 434 3764 Ee
456 3706 526 3778 doc,
558 3703 668 3788 iuquit,
698 3711 757 3768 eris
780 3711 835 3768 mm
858 3709 982 3768 dormias
1006 3710 1129 3786 ropr'em.
1182 3700 1251 3786 Quo

92 3815 224 3890 tempore
244 3804 352 3881 sociis,
376 3806 425 3889 qui
445 3807 475 3869 iu
498 3805 592 3872 alters
616 3807 683 3870 navi
705 3819 806 3888 erant,
831 3810 1006 3887 innuerunt,
1030 3818 1063 3872 ut
1082 3805 1117 3870 ad
1142 3827 1252 3870 convc-

91 3907 216 3972 dreudum
243 3905 388 3991 piscatum
409 3907 465 3972 sibi
485 3909 628 3974 auxilium
648 3911 770 3974 ferrent.
815 3909 910 3975 Erant
927 3910 1004 3974 euim
1024 3907 1138 3976 Simoni
1163 3910 1250 3990 socii,

123 4091 148 4148 4.
166 4096 314 4146 amorius:
338 4093 395 4163 ipso
417 4095 451 4148 de
469 4106 553 4148 cetero
577 4113 652 4164 prae-
721 4097 745 4150 7.
763 4091 850 4156 adroic
869 4101 1013 4150 coniectabat
1030 4099 1147 4148 Pctouitts.

93 4173 232 4230 compunta
249 4163 318 4228 ipsos
337 4181 367 4214 ae
385 4161 493 4216 dieente.
722 4163 746 4216 8.
765 4159 852 4225 diutine
875 4167 927 4216 cod.
945 4165 1042 4228 dtitedip.
1077 4167 1143 4216 initio
1167 4169 1253 4231 cupitis

123 4233 150 4281 e.
168 4224 201 4284 at
221 4222 236 4284 3
253 4233 345 4282 omum
361 4235 481 4303 recavum
689 4237 786 4300 upum
803 4230 829 4286 u
846 4233 879 4301 ep
897 4230 957 4302 tutu
975 4231 1118 4302 ἐσχόλαζον.

124 4297 469 4363 Μιοιιεροπηιάαωιρίοοι
477 4303 654 4353 caecemus:
722 4301 747 4354 9.
764 4305 800 4354 tto
816 4305 914 4352 correct.
949 4305 1010 4352 Nom
1027 4305 1080 4352 tibrt
1096 4304 1180 4353 notent
1205 4299 1250 4354 odo

91 4361 271 4448 indqiffitqoet
279 4362 590 4437 μηιιέπάναβαλλόμινοι,
605 4372 654 4428 λοι-
687 4375 741 4431 τοῖς
753 4366 879 4440 μετόχοις.
915 4373 986 4434 spuo
1001 4371 1136 4432 Lucernis,
1151 4371 1175 4422 7.
1192 4373 1249 4438 tept-

93 4431 137 4490 udr
154 4449 342 4506 opmorpstmm
357 4437 407 4504 τῆς
424 4434 551 4509 κλήσεως
680 4446 728 4512 tur
743 4437 797 4497 Καὶ
814 4437 967 4496 κατένευσαν
985 4443 1038 4502 τοῖς
1056 4435 1179 4510 μετόχοις.
