3168 4942
367 207 503 260 nonant!
521 211 586 262 ute.
600 212 631 262 ll.
647 211 729 264 ΤΟΜ.
744 213 776 264 11.
795 211 894 264 naun.
909 213 1007 265 thx.
1218 206 1279 267 645

67 339 70 345 ”
112 332 173 410 εἰι,
197 330 261 396 sire
280 328 339 394 alio
356 328 443 394 modo
459 331 605 406 columen,
631 342 752 418 propter
770 331 845 416 iguis
861 331 940 396 illius
955 333 1144 417 splendorem
1160 335 1210 420 qui
1228 357 1282 421 pcr

112 434 303 500 solitudinem
323 432 439 511 illuxit,
470 433 535 498 sive
553 455 672 508 manno,
697 433 833 518 quoniam
850 439 996 497 caederem
1016 439 1096 498 illum
1110 459 1213 518 panem
1230 459 1282 500 uc·

111 548 280 622 paverant,
310 536 374 600 sive
388 542 487 616 ρεείε,
514 537 581 620 quia
601 557 655 600 nos
673 537 828 600 confirmat
842 557 876 600 ae
893 536 1031 615 roborat,
1064 539 1129 602 sive
1146 544 1278 620 angelus,
1294 553 1343 598 tot.
1357 557 1377 598 ε

114 639 254 724 quoniam
272 645 373 720 muger·
385 642 501 700 consilii
512 642 633 719 angelus
647 651 708 715 est,·
734 649 780 702 est
797 639 874 703 enim
892 641 989 724 angeli
1009 661 1070 703 vox
1088 640 1277 727 homonyma.

91 719 233 826 ⁸Quippe
252 739 357 804 Rhaab
376 742 498 824 angelos
515 741 671 825 excepisse
690 741 815 820 dicitur3
848 763 943 825 oeque
960 753 1056 805 tamen
1074 743 1171 826 angeli
1195 757 1281 808 eraut

112 845 166 930 qui
185 844 265 908 missi
284 845 418 921 luerunt,
451 843 504 906 sed
523 844 633 920 nuntii,
658 844 706 928 qui
730 844 765 907 de
789 844 920 927 regionis
944 856 1049 908 natura
1073 846 1146 908 certi
1170 845 1278 930 aliquid
1297 861 1390 907 tonan

112 949 292 1011 retulerunt.
340 942 407 1028 Qua
426 947 527 1008 eadem
547 945 661 1009 ratione
684 946 730 1010 dei
750 945 826 1008 lilius
845 969 897 1030 pro
916 967 952 1010 eo
969 947 1044 1031 quod
1069 947 1160 1029 patris
1175 947 1280 1012 volun·

115 1058 206 1112 tatem
225 1048 371 1113 enuntiavit
390 1046 573 1124 hominibus,
607 1054 707 1128 magni
722 1052 839 1110 couse'lri'
852 1053 973 1129 angelus
991 1048 1114 1126 dicitur,
1147 1050 1195 1133 qui
1219 1072 1281 1113 mn-

114 1172 205 1236 goum
221 1151 289 1214 illud
309 1151 463 1214 eonsilium
483 1151 590 1213 arundo
609 1150 797 1234 significarit.
832 1147 973 1215 demeum
990 1156 1063 1233 lupis
1078 1151 1195 1230 dicitur,
1221 1173 1280 1216 nou

115 1273 223 1318 seusus
246 1273 355 1338 expers
380 1253 454 1338 lapis
479 1252 584 1336 aliquis
607 1251 815 1336 intelligendus
843 1262 907 1331 cst,
940 1254 992 1317 sed
1017 1274 1069 1339 per
1091 1253 1275 1318 catachresin
1292 1269 1413 1326 raaces.

115 1366 292 1440 usurpatur,
318 1355 450 1440 eoquod
471 1352 587 1419 ludaeis
603 1355 759 1419 offensioni
780 1355 885 1434 fuerit,
911 1355 996 1420 uobis
1012 1377 1086 1420 vero
1107 1323 1433 1420 ιεεεεειεε-ιοθΙΙΙῌΙ

116 1469 178 1522 tum
201 1459 315 1524 salutis.
360 1461 524 1538 Augclurr's
543 1478 615 1521 vero
640 1461 714 1539 lopr'a
737 1457 866 1534 idcirco,
899 1458 974 1542 quod
1003 1467 1146 1521 retusae
1170 1480 1279 1523 norum

115 1571 322 1626 testamentum
339 1560 593 1624 circumcisionem
612 1581 647 1622 ac
669 1560 851 1646 praeputium
875 1559 904 1623 in
928 1581 1015 1623 uuum
1041 1561 1221 1624 consocinrit
1242 1583 1277 1626 ee
1291 1577 1424 1676 reatuque.

115 1663 302 1743 devinxeritq
335 1683 429 1743 ugnus
451 1664 520 1726 item
547 1672 667 1747 propter
688 1661 905 1740 innocentiam,
942 1672 1001 1727 tum
1028 1663 1104 1747 quod
1129 1629 1372 1728 hominumsspm'
1389 1633 1431 1688 ’ω’

113 1766 212 1832 εεειεε
231 1787 282 1850 per
297 1767 391 1851 ipsum
409 1766 526 1851 penitus
544 1764 707 1828 extinctum
724 1764 823 1844 tuerit,
849 1785 915 1828 eum
935 1766 1001 1829 ovis
1018 1765 1113 1828 instar
1129 1763 1278 1848 iugulatus
1291 1782 1432 1843 iaanenu.

115 1893 151 1936 ac
171 1871 244 1955 patri
263 1869 379 1933 oblatus
395 1879 456 1948 εει,
489 1867 724 1952 quandoquidem
750 1877 783 1930 ut
798 1889 852 1952 pro
872 1867 957 1931 nobis
981 1877 1148 1952 pateretur,
1181 1869 1209 1932 is
1231 1869 1281 1951 qui

113 1973 187 2038 nihii
203 1973 260 2058 poti
277 1982 392 2057 poterat
409 1971 545 2048 advenit,
571 1980 603 2034 ut
624 1989 679 2032 uos
697 1969 772 2033 salvi
793 1991 858 2033 esse
879 1989 1046 2054 possemus.
1092 1969 1140 2032 Ac
1162 1970 1187 2033 si
1212 1971 1279 2055 quid

113 2075 272 2152 aliodem,
304 2075 380 2159 quod
400 2075 503 2137 eodem
523 2093 576 2137 usu
598 2073 634 2136 ad
656 2071 781 2135 salutem
798 2071 947 2136 homiuum
972 2071 1188 2136 accommodari
1212 2094 1280 2158 pos-

114 2179 172 2260 sit,
196 2198 250 2262 per
270 2175 454 2240 catachresin
477 2174 507 2238 in
529 2173 624 2238 saeris
646 2173 741 2238 literis
763 2174 799 2237 ad
822 2174 902 2238 illum
926 2176 1115 2238 transfertur.

201 2277 314 2363 Ecquid
331 2298 403 2362 ergo
418 2278 559 2362 prodesse
574 2277 659 2340 nohis
675 2279 812 2340 creatura
827 2277 949 2361 posset?
977 2288 1028 2340 aut
1050 2276 1117 2361 quid
1140 2277 1176 2339 ad
1197 2278 1275 2342 salu·
1321 2281 1382 2344 cap.

114 2393 175 2447 tem
198 2380 346 2446 homiuum
363 2381 533 2461 conferret,
567 2380 613 2444 vel
630 2379 665 2442 ad
684 2378 774 2444 divini
791 2378 873 2443 verbi
894 2379 1041 2443 incarnati
1059 2379 1183 2463 gloriam
1206 2380 1280 2445 divi·
1308 2349 1434 2404 xxm

114 2485 296 2568 unitatemque
319 2483 500 2569 perlectam?
544 2478 634 2564 Quid,
661 2481 797 2566 inquam,
822 2480 907 2545 nobis
928 2481 1091 2566 profuerit,
1116 2481 1141 2544 si
1162 2495 1278 2546 creato·

112 2607 178 2650 ram
194 2587 273 2650 illurn
291 2585 475 2648 dixerimus?
506 2580 585 2665 Quid
609 2595 656 2648 est
681 2583 757 2667 quod
776 2593 906 2647 creatum
922 2583 1030 2667 aliquid
1050 2583 1195 2648 creaturis
1210 2606 1280 2669 pro·

113 2690 219 2767 desse,
252 2698 304 2752 aut
323 2688 455 2752 utilitatis
472 2687 580 2750 afferre
603 2685 715 2768 possitl
758 2685 806 2750 Ad
831 2685 903 2750 daec
930 2687 1075 2770 quomodo
1096 2686 1169 2749 deus
1193 2686 1278 2750 deum

112 2791 245 2868 creavit,
270 2801 302 2854 ct
319 2790 499 2854 adoraudum
520 2789 688 2873 proposuit,
714 2809 779 2854 cum
799 2787 926 2873 ipsemet
941 2787 1067 2867 dixerit,
1102 2791 1168 2850 Non
1181 2792 1281 2872 sueres

113 2896 170 2956 riti
187 2896 397 2955 similitudinem
420 2896 522 2966 ullum,
545 2913 634 2973 oeque
656 2896 685 2952 in
708 2902 804 2965 terre,
828 2912 918 2972 neque
939 2895 969 2952 in
983 2892 1078 2964 coelo,
1102 2913 1192 2972 neque
1206 2897 1275 2954 odo·
1288 2907 1431 2968 modice.

112 2996 195 3057 rudia
217 2998 318 3058 ritum?
361 2991 518 3076 Quomodo
535 2993 623 3077 igitur
640 2991 695 3058 sibi
713 2993 802 3056 filium
822 2991 952 3070 creavit,
977 2992 1154 3076 adorarique
1169 2993 1278 3058 iussitl

112 3098 290 3184 praesertim
311 3117 377 3160 cum
393 3097 542 3179 aposlolus
561 3097 656 3174 dicat,
679 3099 720 3157 Ει
733 3099 895 3158 serorcrunt
914 3107 1065 3156 creaturae
1081 3100 1180 3176 potius
1197 3119 1279 3177 quom

112 3205 257 3274 creatum,
281 3211 310 3262 ct
329 3202 415 3262 stulo'
430 3201 506 3281 sueti
524 3212 600 3262 runt.
649 3195 776 3262 Stultum
800 3197 877 3260 enim
903 3206 950 3260 εει
971 3208 1124 3261 creaturae
1143 3198 1279 3262 divinita·
1292 3213 1358 3259 non.
1367 3215 1386 3272 1,
1397 3217 1430 3262 ao.

114 3313 176 3366 tem
199 3299 346 3380 tribucre,
378 3323 413 3364 ao
433 3302 555 3386 primum
583 3301 657 3384 legis
677 3300 790 3366 violare
808 3299 994 3377 mandatum,
1027 3304 1176 3362 Bomiacm
1199 3305 1280 3364 deum

113 3416 194 3466 tuum
216 3405 365 3478 aroana,
399 3416 428 3466 et
453 3407 500 3465 oto·
521 3406 578 3464 suli
598 3407 713 3464 sereres.
758 3398 924 3486 Propterea
949 3411 1051 3465 sancta
1081 3402 1127 3464 dei
1150 3403 1434 3476 auctoramento.

112 3515 281 3570 ereaturam
302 3527 360 3569 nou
379 3506 499 3582 adorat,
529 3505 580 3566 scd
605 3504 693 3568 lilium
716 3504 865 3586 genitum,
897 3515 1008 3588 patrem
1031 3505 1060 3566 in
1080 3504 1158 3583 filio,
1191 3504 1280 3568 filium

111 3607 146 3672 in
165 3618 260 3692 patre,
285 3629 351 3670 euru
370 3608 474 3693 spiritu
492 3615 608 3670 sancto.
645 3603 708 3668 imo
726 3625 810 3683 vero,
835 3605 982 3690 inquiunt.
1013 3603 1082 3670 Nisi
1100 3606 1177 3670 enim
1197 3627 1282 3670 erea-

112 3721 211 3776 turam
228 3710 307 3774 illum
326 3731 394 3774 esse
412 3710 530 3788 dixero,
555 3708 645 3792 putris
662 3707 847 3770 maiestatem
868 3706 1021 3770 imminuo.
1067 3705 1186 3772 Etenim
1204 3709 1282 3793 quod

112 3825 248 3878 creatum
272 3813 397 3890 dicitur,
430 3820 595 3874 creatorem
622 3831 681 3874 uon
710 3808 825 3872 minuit.
873 3804 960 3889 Quod
986 3818 1084 3872 autem
1112 3830 1152 3872 ex
1175 3821 1281 3876 natura

113 3915 247 4001 genitum
264 3925 326 3992 est,
351 3914 582 3976 contractionem
604 3912 766 3995 quandam,
797 3920 851 3978 εει
865 3909 1103 3990 collocationem,
1128 3922 1178 3975 aut
1197 3913 1281 3976 dimi·

112 4017 286 4094 uutioneur,
312 4027 363 4079 aut
380 4017 555 4093 sectionem,
581 4025 631 4078 aut
647 4013 790 4078 eiusmodi
807 4012 995 4076 affectionem
1010 4013 1135 4098 aliquam
1152 4016 1179 4078 ci
1195 4015 1281 4080 effert

113 4141 131 4182 a
151 4140 211 4202 quo
227 4119 358 4202 genitum
377 4129 433 4182 est.
482 4114 543 4180 Sed
561 4137 663 4180 eorum
684 4116 733 4200 qui
757 4115 797 4178 ita
817 4114 948 4199 cogitant
967 4137 1081 4180 summa
1104 4116 1188 4202 plane
1207 4118 1281 4182 stul-

111 4221 181 4284 titia
198 4231 259 4300 est,
285 4221 384 4304 quide
403 4219 503 4284 divino
521 4219 640 4284 numine
658 4218 857 4282 coniecturam
885 4239 924 4281 ex
949 4218 1056 4305 seipsis
1075 4219 1211 4304 capiunt,
1236 4220 1281 4282 al·

112 4323 318 4407 lectionesque
344 4341 413 4388 suas
440 4322 470 4385 in
488 4323 573 4386 deum
597 4321 803 4386 transfundere
822 4331 985 4401 conantur,
1017 4343 1082 4386 eum
1100 4331 1197 4386 tamen
1221 4331 1279 4398 tara
