3148 4938
326 223 388 285 564
751 231 875 284 ὃλΝῦΤλ
892 231 1067 284 ΕΡλΡΗλΝΙΙ

325 351 393 427 καί,
422 344 474 412 Ἑν
497 345 642 430 πόματος
669 350 784 429 νηπίων
810 349 861 413 καί
888 347 1077 431 θηλαζόντων
1103 354 1267 434 κατηρτίσω
1288 344 1386 416 αἶνον.
1433 353 1485 414 Καί

326 450 407 516 πόσα
429 451 489 516 ἐστί
513 447 574 514 ἱτά
595 456 733 528 τοιαῦτας

196 663 263 733 Κεφ.
282 657 314 724 ς’.
417 654 494 738 Περί
515 654 548 720 δέ
564 653 675 740 σαρκός
695 650 899 734 άναστάστως,
923 662 988 730 πῶς
1007 653 1074 738 οιίγί
1089 655 1201 740 σαρκός
1222 658 1301 722 ἔσται
1320 653 1487 733 άνάστασις,

327 748 533 837 άέθελόσοφε
556 753 679 843 Ἰἐραιια
723 755 812 839 Abu}
831 754 888 843 γάρ
914 753 935 839 ή
958 754 1103 840 ὀνομασία
1121 764 1176 841 τῆς
1199 757 1338 842 φράσεως
1361 762 1487 824 δείκνυσι

326 855 382 941 τήν
398 856 536 941 δύναμιν.
578 856 750 936 Ἀνάστασις
765 857 822 945 γάρ
836 858 873 925 οὗ
889 867 1019 924 ιιαλεῖται
1033 866 1088 925 τοῦ
1102 857 1143 943 μή
1161 858 1361 936 πεπτωκότος.
1396 866 1489 926 Ποῖον

325 962 359 1024 θέ
374 961 435 1025 ἐστι
449 957 482 1024 τό
500 959 607 1040 πτοίας
638 970 727 1027 ποῖον
742 958 775 1026 τό
795 962 905 1042 ταφένς
937 970 1025 1028 ποῖον
1040 959 1074 1027 τό
1091 962 1199 1041 λυθίν,
1221 959 1280 1026 ἄλλ’
1299 960 1372 1045 ήτό
1391 969 1489 1043 σῶμις
1557 997 1558 1024 ι

324 1064 375 1127 καί
393 1059 446 1144 οτίχ
461 1058 481 1144 ή
497 1061 591 1146 ψυχή.
641 1060 728 1146 Ψυχή
743 1067 844 1129 τοίνυν
860 1061 896 1129 οό
912 1067 1027 1143 πίπτει,
1051 1061 1119 1130 οίίτε
1135 1062 1291 1128 θάπτεται
1336 1067 1399 1128 Καὶ
1412 1061 1489 1128 πόσα

324 1166 386 1230 ἐστί
402 1167 472 1250 περί
485 1164 594 1230 τούτου
609 1167 717 1251 λέγεινς
739 1171 840 1250 ψυχῆς
855 1162 912 1250 γάρ
924 1161 961 1230 οά
974 1173 1103 1230 καλεῖται
1117 1163 1288 1243 άυάστασις,
1311 1164 1386 1230 άλλά
1404 1164 1489 1248 σιίμά

323 1371 466 1446 λέξασθαι
482 1373 651 1454 παρθενίαν
670 1370 722 1434 ααί
738 1366 911 1455 ἐγκράτειαν
931 1371 983 1434 καί
1005 1367 1140 1455 άγνείαν,
1167 1373 1224 1434 τίνι
1244 1366 1303 1434 οιίιι
1319 1371 1382 1434 ἐστι
1401 1373 1490 1450 δῆλον

325 1472 373 1538 ότι
389 1474 467 1537 ἐστιν
492 1469 597 1556 ἐκλογή
618 1473 670 1536 καί
693 1479 747 1554 τῆς
764 1469 851 1556 άγίας
868 1477 1033 1554 καθολινῆς
1053 1473 1104 1536 καί
1123 1469 1323 1554 άποστολιιιῆς
1336 1473 1490 1553 ἐκκλησίας

323 1571 463 1656 καύχημα
489 1575 565 1639 Ξτιαί
586 1571 662 1638 κατά
678 1571 748 1650 τούς
766 1576 798 1640 ἐν
814 1580 911 1662 σεμνῷ
925 1570 1028 1662 γάμρτς
1060 1575 1183 1640 ἕκαστον
1198 1573 1254 1659 γάρ
1271 1573 1349 1639 κατά
1362 1571 1398 1638 τό
1413 1577 1489 1638 ίόιον

323 1673 422 1761 τάγμα
439 1674 541 1754 σοι’ζειν
558 1679 656 1742 εἴωθε.
703 1681 778 1751 Παίς
794 1673 850 1761 γάρ
866 1672 922 1740 οτίιι
937 1677 1017 1741 ἔσται
1033 1679 1129 1759 τίμιος
1143 1673 1161 1740 ό
1176 1674 1287 1761 γάμος,
1309 1677 1362 1740 ιιαί
1377 1677 1411 1741 ἐν
1426 1679 1488 1762 θεῷ

323 1781 399 1861 ἔχων
412 1775 467 1862 τήν
483 1784 543 1844 τῶν
558 1775 694 1863 οὐρανῶν
711 1781 872 1860 βασιλείαν,
895 1774 985 1844 όπότε
997 1779 1134 1860 ιιέιιληται
1152 1774 1171 1844 ό
1186 1775 1284 1862 σωτήρ
1301 1779 1343 1852 είς
1360 1776 1486 1862 γάμους,

322 1883 374 1946 ἵνα
394 1877 539 1968 εόλογήσή
559 1878 670 1964 γάμους
702 1882 729 1944 εί
749 1880 803 1963 μέν
823 1877 880 1965 γάρ
896 1878 1087 1969 παρῃτήσατο
1107 1882 1147 1956 τίς
1164 1878 1260 1965 γάμον
1275 1881 1411 1959 είςιέναι,
1432 1878 1487 1962 ἔρα

323 1980 421 2068 γάμου
437 1974 476 2064 ἦν
494 1979 673 2063 καταλάιής,
696 1984 746 2048 καί
764 1981 822 2048 οὖν
841 1979 1059 2065 άποθεχόμενος
1075 1983 1198 2048 ἕκαστον
1214 1979 1291 2047 κατά
1307 1979 1487 2066 συγγνολμαν

322 2091 376 2166 τῆς
391 2081 485 2149 ατίτοῦ
501 2083 667 2159 ἀσθενείας.
717 2088 820 2167 Τίμιος
835 2089 937 2149 τοίνυν
953 2080 971 2150 ό
985 2081 1091 2170 γάμος,
1114 2083 1160 2150 ότι
1174 2081 1265 2158 ατίτός
1281 2080 1376 2150 σάτιίν
1393 2083 1486 2170 όίρισε.

323 2183 381 2252 Διό
395 2189 586 2272 παραγίνεται
601 2188 644 2262 είς
660 2185 770 2272 γάμον,
798 2189 849 2252 ίνα
865 2183 964 2275 φράξρ
981 2184 1017 2250 τά
1032 2185 1163 2268 στόματα
1178 2193 1238 2252 τῶν
1253 2184 1402 2271 λεγόντων
1415 2185 1487 2250 αατά

322 2295 377 2371 τῆς
396 2285 546 2370 ἀληθείας.
584 2285 666 2354 Ἐκεῖ
680 2285 736 2373 γάρ
753 2293 873 2374 πρῶτον
890 2297 1012 2373 σημεῖον
1029 2291 1166 2370 ἐποίησεν
1183 2285 1200 2353 ό
1218 2285 1335 2370 Ἰησοῦς
1354 2290 1389 2354 ἐν
1404 2293 1485 2373 &vj

321 2397 375 2472 τής
392 2394 549 2467 Γαλιλαίας
570 2388 603 2456 τό
621 2389 705 2475 ι’ίιίωρ
732 2387 815 2456 οίνον
838 2387 975 2473 ποιήσας.
1017 2387 1070 2466 Ὡς
1085 2387 1143 2476 γάρ
1162 2387 1304 2456 άνίτειλεν
1328 2387 1393 2455 άτιό
1415 2417 1485 2472 παρ-

199 2526 251 2570 ιις.
264 2515 309 2561 εει
323 2494 433 2573 θένου,
464 2496 514 2558 ίνα
539 2495 619 2581 δείξῃ
643 2490 676 2558 τό
701 2498 769 2572 φάς
789 2489 850 2557 άπό
881 2495 1039 2577 παρθένου
1063 2488 1219 2558 άνατεῖλαν
1245 2499 1282 2581 τῇ
1312 2493 1485 2580 οίιτοαμέιρ,

321 2595 400 2662 οὕτω
416 2596 468 2661 ιιαί
483 2594 516 2660 τό
532 2601 650 2679 πρῶτον
667 2603 791 2676 σημεῖον
807 2597 848 2670 είς
865 2592 981 2679 γάμους
996 2599 1159 2678 πεποίηκεν
1182 2596 1213 2660 ἐν
1228 2599 1317 2683 Κανᾷ
1333 2601 1391 2676 τῆς
1405 2601 1487 2658 Γαλι·

320 2701 421 2775 λαίας,
442 2699 494 2761 ἰ’να
508 2694 563 2778 τήν
581 2696 634 2778 μέν
652 2699 821 2781 παρθενίαν
837 2697 947 2785 τιμήσῃ
965 2696 1015 2762 διά
1034 2703 1111 2780 8τῆς
1126 2693 1334 2778 ἀποκυήσεως,
1356 2697 1412 2763 τιαί
1427 2721 1487 2774 φι-

320 2795 373 2873 τός
390 2801 482 2881 βολῆς
497 2805 550 2881 τῆς
571 2794 610 2861 δι’
624 2795 717 2880 αὐτῆς
734 2795 938 2880 άνατειλάσης,
961 2797 1014 2864 τόν
1029 2799 1061 2863 δέ
1075 2795 1181 2881 σεμνόν
1196 2795 1295 2883 γάμον
1309 2797 1423 2886 τιμήσῃ
1438 2793 1485 2860 όιιί

321 2905 380 2965 τῶν
395 2903 591 2981 θεοσιγμτίων,
614 2901 647 2965 ἐν
662 2909 725 2975 τοῖς
741 2899 848 2985 γάμοις
863 2906 981 2984 πρῶτον
996 2901 1172 2978 ἐπιτελέσας,
1192 2897 1227 2966 τό
1241 2898 1328 2985 ὕδωρ
1344 2901 1389 2975 είς
1401 2897 1486 2982 ιῖαριι-

320 3025 373 3067 τον
396 2999 577 3084 μεταβαλών.
619 2998 773 3078 Ὡσαύτως
796 3001 827 3066 δὲ
853 3005 880 3066 εί
902 2994 1108 3088 άλλότριοςήν
1127 2998 1269 3087 όγόμος,
1292 3008 1361 3078 πῶς
1377 3027 1485 3084 παραγ-

321 3103 411 3187 γέλλει
427 3101 445 3170 ό
461 3109 520 3168 τοῖν
534 3105 634 3168 ἐθνῶν
650 3101 844 3182 θιθάσιαλοςς
868 3100 910 3179 οίς
924 3104 1013 3189 λέγει,
1038 3106 1193 3189 Νεωτέρας
1211 3101 1305 3185 χήρας
1323 3109 1485 3184 παραιτοῦ·

321 3203 394 3286 μετά
415 3202 472 3290 γάρ
491 3203 524 3270 τό
546 3204 796 3289 καταστρηνιάσαι
811 3212 865 3271 τοῦ
885 3212 1016 3292 Χριστοῦ
1038 3215 1143 3291 γαμεῖν
1163 3206 1337 3284 ἐθέλουσιν,
1369 3208 1487 3288 lxma

320 3308 428 3388 κρίμα,
452 3305 500 3371 ότι
516 3304 569 3388 τήν
585 3305 707 3391 πρώτην
723 3312 822 3373 πίστιν
838 3306 1005 3390 ήθέτηοανς
1042 3312 1076 3372 Τί
1091 3299 1145 3372 οὖν
1159 3327 1248 3389 φησις
1277 3305 1365 3374 ’Λλλιί
1390 3309 1488 3393 γαμεί-

319 3427 431 3489 τωσαν,
453 3411 733 3493 τεινογονείτωσαν,
757 3412 1064 3476 οίιιοθεσποττίτωσαν.
1109 3411 1154 3474 Et
1166 3414 1266 3474 τοίνυν
1283 3417 1379 3474 ταῦτα
1392 3435 1486 3494 παρα·

319 3509 448 3592 θέχεται,
476 3516 542 3585 παῖς
565 3505 647 3595 παρά
667 3512 732 3590 σοί,
762 3508 898 3598 Ἰἐραιια,
928 3509 1056 3597 όγάμος
1079 3513 1159 3576 ἐστίν
1178 3509 1395 3593 ἐκβαλλόμενος
1416 3509 1488 3594 μετό

318 3608 373 3694 τήν
393 3613 536 3698 ἐνσαριιον
558 3618 691 3699 Χριστοῦ
711 3618 876 3699 παρουσίαν
882 3642 891 3694 ς

316 4377 379 4504 min
393 4375 423 4430 τὰ
441 4395 487 4428 non
502 4386 567 4431 ταλαί
578 4383 603 4431 ιἰι
618 4383 673 4432 edit.
688 4385 780 4435 Ρτίουίλ
798 4386 876 4435 colon.
914 4384 1059 4504 διξμεὲθλ.
1077 4411 1110 4421 -
1148 4383 1168 4436 λ.
1189 4384 1246 4433 Vide
1263 4398 1292 4434 αι
1306 4387 1337 4434 τά
1352 4387 1484 4434 remibu-

379 4481 385 4493 .
989 4469 1017 4520 ῃ.
