3116 4934
361 242 496 294 rnuauu
514 243 577 294 ιιιι.
591 243 623 292 ιι.
642 241 723 294 roua
736 243 755 292 ι.
773 239 873 292 unua.
885 240 953 292 ιιιι.
1174 227 1236 292 tot

83 363 233 428 seutiuutt
268 359 328 428 Sed
345 361 480 426 nimirum
499 362 535 426 de
552 383 587 425 ea
604 362 718 446 uirgine
733 361 862 445 loquitur
876 380 950 444 quae
966 361 1020 422 deo
1038 358 1235 442 uirginitatem
1305 349 1315 376 '

83 487 163 528 suam
188 485 249 530 uon
274 465 404 542 addixit,
428 465 560 548 adeoque
581 475 700 549 propter
720 459 953 528 Christianorum
975 462 1157 546 temporibus
1179 460 1237 525 illis

84 567 259 650 paucitatem
283 577 370 651 atque
393 565 537 650 inopiam,
563 566 732 630 necessario
754 565 828 629 baec
844 567 879 627 ad
898 585 963 626 eum
983 565 1098 628 naudaam
1116 563 1239 629 admini-

86 671 268 734 strabantur.
314 668 399 751 Quod
418 679 515 732 autem
532 670 571 732 ita
588 687 656 732 seso
678 688 729 732 res
750 667 873 744 babeat,
898 667 1027 732 ciusdem
1048 667 1172 751 apostoli
1196 677 1238 728 te-

85 773 222 836 stimonio
239 781 372 849 conatui,
397 793 461 835 cum
477 771 535 834 uita
562 774 808 834 Adolescentsbres
828 773 926 832 uiduus
941 773 1042 832 deuito.
1089 773 1237 850 Postquam
1247 771 1392 828 ¹·'1'52b1t

87 879 154 936 main
171 879 202 936 s'n
219 877 363 936 Christum
385 876 564 948 desciverint,
588 875 693 936 nasbere
712 876 825 946 uolunt,
850 875 982 934 lubentes
996 875 1146 946 sisdr'osism,
1171 893 1240 953 puo-

86 981 160 1038 ns'uns
179 981 308 1058 priorem
322 979 412 1057 fidem
431 980 543 1038 a'rrs'tum
556 978 696 1058 serment.
744 973 830 1058 Quod
847 974 873 1038 si
893 975 940 1036 vel
964 995 997 1036 ea
1023 973 1142 1046 mulier,
1166 993 1240 1058 patae

86 1079 222 1144 muaadmu
242 1078 403 1163 periclitata
420 1077 600 1141 vidua-lacta
617 1089 674 1156 est,
698 1098 750 1162 pro
768 1099 805 1142 eo
821 1078 896 1161 quod
916 1078 971 1139 deu
988 1086 1159 1140 consecrata
1178 1077 1240 1138 lue-

85 1181 136 1258 rit,
161 1181 189 1244 si
209 1191 311 1264 postea
328 1180 475 1265 nupserit,
499 1178 636 1244 iudicium
657 1180 759 1258 babet,
786 1181 860 1263 quod
881 1179 1001 1265 primam
1020 1178 1103 1242 tidem
1127 1179 1238 1242 irritant

85 1284 169 1361 lecit,
195 1301 290 1367 quae,
314 1293 469 1366 antequam
491 1283 627 1346 muudum
646 1283 849 1367 experiretur,
874 1283 1061 1368 semetipsam
1085 1282 1140 1345 deu
1164 1282 1240 1344 dica·

87 1387 161 1450 verit
187 1387 290 1469 virgo,
315 1406 413 1448 uouisse
435 1385 638 1469 multomagis
661 1385 776 1448 lascivit
800 1384 830 1448 in
850 1380 1018 1462 Christum,
1044 1385 1240 1468 maioremque

87 1487 169 1550 bdem
193 1487 305 1552 irritam
326 1487 467 1565 reddidit,
492 1509 526 1551 ac
544 1487 678 1553 iudicium
705 1487 770 1550 ideo
795 1485 968 1566 sustinebit,
1000 1509 1036 1550 eo
1059 1490 1134 1571 quod
1156 1503 1241 1551 suum

86 1589 153 1654 illud
178 1591 339 1654 secuudum
362 1593 446 1654 deum
470 1589 648 1675 propositum
671 1589 838 1652 relaxavit?

170 1690 256 1775 Ergo
276 1692 325 1755 illa
344 1691 468 1776 apostoli
482 1692 590 1769 verba,
614 1693 746 1766 Nubant,
762 1693 846 1772 filsbs
860 1704 1027 1772 procreent,
1042 1695 1176 1774 sumib'oe
1191 1713 1241 1754 eu·
1259 1691 1383 1772 captu.

87 1817 147 1858 rum
162 1797 301 1886 debeant,
327 1794 426 1858 brevis
444 1805 490 1858 est
505 1816 539 1858 ac
556 1796 668 1857 medius
687 1794 829 1856 adversus
845 1793 911 1856 illus
927 1813 1025 1857 sermo
1040 1786 1092 1877 'qui
1111 1796 1146 1858 de
1162 1759 1393 1857 omnil'Tm'⁵'¹⁴'

87 1897 310 1962 ecclesiasticae
334 1897 485 1961 doctrinae
508 1917 618 1980 genere
641 1915 793 1981 perperam
818 1898 892 1980 apud
914 1917 947 1960 se
968 1895 1109 1980 cogitant.
1157 1895 1241 1980 Quae

87 2001 204 2084 quidem
221 1999 354 2064 doctriua
376 2020 428 2063 eos
449 2019 552 2064 omnies
572 1999 684 2084 respuit
705 1997 754 2082 qui
771 2019 804 2062 se
820 1999 1008 2084 Apostolicos
1027 2011 1057 2062 et
1072 1997 1242 2064 Enoratitas

87 2101 258 2166 nominant:
289 2122 405 2166 uacuou
429 2111 459 2164 et
484 2101 549 2164 illos
575 2102 623 2184 qui
649 2102 678 2164 iu
707 2101 831 2166 ecclesia
857 2100 1007 2164 molliores
1030 2104 1242 2186 quodammodo

87 2216 173 2282 suut,
198 2203 303 2290 quippe
319 2201 489 2268 mulieribus
506 2204 681 2287 persuadent
698 2213 729 2267 ut
745 2205 780 2265 de
795 2203 918 2287 perlecti
933 2223 1037 2268 cursus
1054 2205 1242 2268 contentione

87 2308 275 2370 remittentes
291 2327 356 2370 eam
376 2306 467 2391 ipsam
487 2306 617 2370 funditus
631 2305 780 2368 abiiciunt.
827 2303 937 2370 Verum
955 2316 1075 2390 peccato
1092 2327 1126 2370 sc
1142 2328 1176 2370 ac
1198 2308 1242 2371 iu·

89 2409 166 2472 dicio
180 2408 328 2492 implicat,
352 2408 482 2492 quisquis
499 2405 546 2470 dei
564 2405 761 2488 virginitatem
779 2407 853 2470 tollit
869 2429 885 2472 e
904 2407 1015 2485 medio,
1041 2430 1075 2472 sc
1091 2409 1243 2472 certamini

87 2511 279 2594 ignominiam
297 2509 466 2576 consciscit.
502 2507 561 2592 Qui
575 2510 652 2572 enisu
670 2529 708 2574 ex
725 2509 842 2572 athletis
859 2510 1026 2573 certaminis
1042 2509 1124 2592 leges
1140 2511 1241 2588 violat,

90 2633 154 2676 cum
179 2612 388 2676 verberibusa
408 2613 568 2675 certamine
593 2610 738 2674 delinitur.
785 2608 828 2674 lta
852 2612 899 2695 qui
920 2612 1116 2696 virginitatem
1143 2634 1244 2678 corru-

89 2715 178 2799 perit,
202 2714 239 2778 ab
260 2735 296 2778 eo
314 2716 378 2799 ipso
394 2714 541 2777 curriculo
557 2724 586 2777 et
602 2735 711 2778 corona
727 2715 914 2799 praemioque
933 2713 1094 2799 repellitur.
1131 2713 1242 2778 Verum

90 2818 196 2881 melius
212 2818 312 2900 utique
331 2816 466 2880 iudicium
483 2826 547 2895 est,
571 2837 655 2900 quam
673 2816 830 2880 damuatio.
876 2814 954 2880 Nam
975 2816 1042 2900 qui,
1068 2827 1099 2880 ut
1115 2838 1151 2880 ne
1169 2817 1244 2903 apud

89 2918 226 2982 bomines
246 2920 276 2982 in
296 2919 444 2982 infamiam
468 2919 666 2997 adducantur,
691 2919 763 2982 clam
787 2930 917 3004 stuprum
935 2929 1121 3004 perpetrant,
1145 2941 1246 2983 muna·

88 3021 183 3084 atieae
204 3021 284 3086 vitae
306 3022 354 3084 vel
373 3020 571 3084 continentiae
595 3020 754 3104 sponsione
778 3044 835 3084 ιιοιι
859 3041 892 3085 se
917 3022 990 3106 apud
1015 3021 1147 3086 homines
1173 3023 1245 3085 obli·

89 3134 179 3206 gaut,
203 3125 257 3188 sed
282 3124 359 3208 apud,
382 3125 484 3200 deum,
509 3121 557 3206 qui
577 3134 607 3186 ct
629 3123 742 3188 occulta
764 3123 918 3206 cognoscit
940 3135 969 3186 et
990 3124 1020 3188 iu
1040 3125 1168 3190 adventu
1190 3147 1245 3188 suu

90 3225 262 3290 universam
282 3245 399 3288 carnem
417 3225 578 3308 redarguit,
602 3223 632 3288 in
650 3226 753 3309 quibus
769 3226 907 3289 videlicet
926 3225 1049 3310 quisque
1067 3228 1244 3311 peccaverit.

91 3327 242 3412 Quocirca
260 3329 354 3391 satius
373 3337 419 3391 est
434 3349 491 3390 uno
508 3347 541 3388 se
558 3337 678 3411 peccato
695 3350 778 3412 quana
797 3327 926 3412 pluribus
947 3327 1144 3413 obstringere.
1190 3325 1246 3394 Sa·

91 3431 151 3493 tius
164 3442 211 3494 est
225 3430 274 3494 ubi
291 3451 306 3492 a
323 3429 469 3494 curriculo
486 3429 642 3508 exciderit,
667 3431 760 3514 palam
777 3431 831 3496 sibi
846 3451 971 3495 uxorem
986 3430 1123 3516 legitimis
1138 3431 1246 3515 nuptiis

89 3533 266 3617 adiungere,
289 3553 323 3595 ac
339 3543 405 3616 post
420 3532 617 3616 virginitatem
634 3532 722 3616 longo
738 3532 895 3598 intervallo
911 3545 1048 3619 suscepta
1068 3533 1245 3618 poenitentia

87 3633 197 3698 iterum
223 3633 367 3698 ecclesiae
392 3633 594 3714 reconciliari,
620 3643 718 3719 utpute
742 3635 789 3718 qui
810 3648 840 3700 et
855 3647 1006 3719 peccatum
1024 3636 1191 3712 admiserit,
1216 3645 1247 3697 et

89 3736 247 3820 prolapsus
267 3736 354 3800 luerit
369 3745 399 3798 et
415 3735 568 3815 intractus,
592 3746 623 3798 et
637 3735 815 3820 obligatione
833 3739 964 3802 vulneris
982 3759 1055 3824 opus
1075 3736 1191 3815 babeat,
1216 3747 1247 3800 ut

89 3859 155 3901 uon
172 3837 296 3901 occultis
314 3838 344 3900 in
362 3838 424 3901 dies
439 3837 588 3902 immissae
607 3858 623 3900 a
642 3838 757 3904 diabolo
773 3841 920 3924 nequitiae
937 3841 1039 3904 iaculis
1057 3840 1217 3902 saucietur.

181 3938 267 4004 lluuc
280 3939 312 4004 iu
329 3940 444 4004 modum
462 3941 633 4025 praedicare
650 3942 804 4006 consuevit
818 3939 955 4007 ecclesia.
1001 3939 1083 4006 Haec
1098 3941 1133 4004 ad
1149 3962 1245 4006 remu·
1264 3947 1399 4018 cipvut.

90 4129 170 4178 eseam
183 4119 209 4194 ἦ.
246 4130 388 4179 Ccrnuriuss
412 4127 460 4189 Qni
478 4127 559 4190 enim,
584 4138 611 4178 ut
626 4145 657 4177 ne
724 4125 749 4180 3.
767 4129 832 4176 Libri
847 4130 930 4180 babent
949 4127 994 4180 καὶ
1013 4129 1137 4196 πονηρίας.
1173 4137 1202 4184 tt
1218 4137 1248 4186 il·

92 4195 281 4246 eontuudsntur
306 4196 373 4262 apud
397 4195 526 4258 homines,
560 4196 658 4248 occulte
691 4197 733 4245 lud
755 4193 813 4254 καὶ,
839 4197 902 4258 quud
921 4201 992 4246 etium
1010 4199 1138 4250 Censorius
1152 4203 1178 4251 in
1197 4217 1249 4253 uer-

90 4271 252 4324 scortautur,
276 4273 303 4312 et
317 4264 363 4313 sub
379 4263 522 4318 solitudinis
537 4275 580 4315 aut
596 4279 660 4316 eou-·
690 4268 754 4316 mens
775 4279 820 4314 suu
837 4267 954 4327 neglexit,
978 4273 1114 4318 domaverat
1132 4283 1161 4320 es
1183 4272 1250 4333 pnuli

90 4331 217 4381 tinentiae
228 4331 312 4398 speeie
323 4329 452 4382 libidinem
467 4343 592 4394 exercent,
607 4349 658 4383 uon
691 4335 783 4394 syllaba
797 4335 846 4382 eius
860 4336 900 4396 qui
914 4335 1194 4402 prospectatur-mposisse·
1204 4355 1248 4390 κα-

92 4397 166 4466 apud
176 4399 286 4450 homiues
297 4399 392 4452 hebent
405 4400 596 4463 confessionem,
613 4399 658 4452 sed
691 4398 918 4468 τατιτρῶσκεσὶιαι.

93 4465 168 4536 apud
184 4467 268 4533 deum,
288 4467 330 4541 qui
344 4473 393 4522 cett.
