3128 4930
328 288 388 351 100
749 297 869 348 εκττσττ
887 297 1055 348 εειεττκιτιτ

327 421 446 502 πηϊανηί
462 410 595 489 άπάτοτς.
643 419 735 479 Τοῦτο
755 415 787 478 δὲ
800 411 965 496 ίσκόπησα,
988 413 1033 480 ότι
1051 415 1126 480 ὅκαί
1142 417 1173 479 τί
1189 413 1320 491 εἰπόντες
1335 414 1393 497 τήν
1409 415 1476 498 ημί-

328 545 383 602 ραν
406 524 459 600 τής
481 515 666 599 συλλήψεως,
693 518 744 582 καλ
766 513 806 592 τίς
824 513 1025 602 εὐηγγελίσατο
1049 513 1066 581 τί
1085 515 1216 602 Γαβριήλ
1238 516 1291 599 τήν
1312 517 1475 600 παρδίυοτ,

329 617 439 684 θείπον
452 617 505 702 τήν
518 615 664 684 όπόνοιαν
678 623 738 684 τῶν
752 645 839 684 τινων
853 618 996 705 λεγόντων
1009 620 1040 684 ίν
1053 618 1213 702 παραδόσει
1229 617 1269 695 τίς
1281 619 1327 685 ὅτι
1341 617 1392 684 διά
1405 617 1477 684 διττά

328 727 428 804 μηνῶν
449 720 606 806 ίγττυήδη·
635 718 798 806 εὑρήκαμεν
818 720 873 805 γάρ
890 719 948 788 άτιδ
974 719 1081 787 τούτου
1102 729 1156 786 τοῦ
1178 720 1398 806 7προτιτίσττνος
1421 723 1478 797 ἕως

328 822 484 906 ἑνδεκάτης
501 825 576 906 Τυβλ
590 824 640 887 καί
653 822 710 904 πρό
727 821 805 887 τίκτοί
820 826 908 888 εἰδῶν
920 821 1137 906 Ἰαννουαρίου,
1160 821 1209 888 ὅτε
1223 822 1346 905 άληθῶς
1359 823 1395 889 τά
1407 833 1478 888 θεο-

328 925 423 1005 φάντα
440 927 550 1011 ἐγένετο
569 926 617 989 καὶ
635 924 795 1010 ἐγεννήθη,
817 923 890 990 ἑπτά
908 933 1009 1008 μηνοῖν
1024 925 1128 1010 χρόνον
1148 923 1224 992 κατιί
1242 925 1294 991 τόν
1309 925 1478 1007 σεληντακόν

327 1029 438 1112 δρόμον
452 1024 533 1112 παρά
551 1024 662 1110 ήμίρας
675 1027 824 1108 τέσσαρας.
859 1027 948 1103 Ὥςτε
964 1021 1035 1106 οὖν,
1059 1031 1085 1092 εί
1100 1027 1200 1112 εδροις
1220 1031 1253 1094 ίν
1270 1029 1477 1113 παρασημετοί-

322 1135 388 1196 σεσί
404 1157 464 1195 που
477 1131 672 1216 γεγραμμένα,
694 1128 734 1211 μή
751 1128 883 1208 σφάλλου
897 1131 964 1210 περί
978 1128 1031 1212 τήν
1046 1133 1172 1213 είδησιν·
1198 1137 1262 1219 8ττγί
1276 1131 1328 1210 μὲν
1341 1127 1398 1214 γάρ
1413 1129 1478 1194 όνττ

323 1229 346 1314 ή
362 1234 496 1319 γδννησις
511 1238 565 1296 τοῦ
583 1237 713 1316 Χριστοῦ
728 1228 748 1313 ή
764 1235 869 1313 βεβαία
887 1233 961 1314 Τυβί
976 1230 1116 1316 ἑνδεκάτη
1132 1235 1199 1298 ἔστί.
1248 1233 1329 1308 Τινὲς
1344 1233 1377 1297 δέ
1395 1239 1479 1312 οφτιε

326 1356 373 1400 σιν
391 1331 432 1410 τίς
451 1336 525 1398 δίκα
539 1341 633 1416 μῆνας
648 1332 855 1415 ἐνεκυμσνήδη
873 1332 953 1419 παρά
971 1331 1082 1420 ήμίρας
1100 1333 1137 1400 ιδ’
1154 1337 1203 1399 καί
1222 1333 1302 1419 δίρας
1319 1332 1412 1413 α’κττί,
1435 1330 1478 1409 τίς

325 1433 401 1502 είνατ
416 1437 500 1502 ίννία
516 1443 612 1518 μῆνας
626 1437 676 1502 καί
692 1433 802 1518 ήμίρας
819 1438 990 1514 δεκαπέντε,
1012 1438 1061 1501 καί
1079 1435 1158 1522 ὅροις
1173 1438 1328 1522 τέσσαρας,
1351 1433 1476 1501 αίνιττό·

327 1561 411 1620 μενοι
432 1535 465 1603 τό
488 1536 569 1622 παρά
586 1543 757 1618 Σολομῶνττ
781 1539 950 1622 είρημίνον,
973 1543 1183 1627 Δεκαμηνταίμ
1203 1538 1298 1628 χρόνῳ
1318 1539 1424 1622 παγείς
1445 1539 1478 1602 δν

325 1644 434 1721 αίματι.
458 1637 563 1720 Ὅμως
577 1642 609 1706 ίκ
627 1639 813 1722 πανταχόθεν
828 1639 967 1729 ἑνδεκάτη
982 1643 1053 1723 Τυβί
1071 1637 1132 1708 κατ’
1142 1644 1325 1727 Αἰγυπτίους
1339 1637 1361 1722 ή
1376 1664 1477 1726 πραει·

327 1743 435 1826 ρημίνη
452 1749 506 1806 τοῦ
520 1745 626 1822 κυρίου
647 1744 722 1806 1θίν
738 1744 825 1825 σαρκί
844 1745 974 1826 γέννησις
990 1745 1111 1827 ἐγένετο.
1149 1745 1210 1808 Καί
1225 1745 1292 1827 περί
1308 1739 1402 1824 αότήν
1422 1741 1478 1824 τήν

326 1843 482 1926 ἑνδεκάτην
497 1841 568 1924 μετά
585 1845 635 1925 ίτη
651 1843 808 1927 τριάκοντα
824 1846 923 1930 γίγανε
943 1842 977 1909 τό
999 1851 1117 1929 πρῶτον
1133 1854 1256 1927 σημεῖον
1270 1847 1301 1910 ίν
1316 1851 1404 1932 Κτνᾷ
1424 1851 1478 1928 τῆς

326 1950 495 2024 Γαλιλαίας,
517 1944 565 2011 ὅτε
586 1943 618 2010 τί
641 1944 723 2030 ίίδωρ
744 1943 826 2021 οίνος
846 1948 967 2033 ίγίνετο.

195 2064 262 2130 Κεφ.
277 2055 308 2113 λ’.
410 2047 467 2112 Διό
485 2050 536 2114 καί
555 2050 589 2114 ίν
608 2055 725 2123 πολλοῖς
739 2047 843 2124 τάττοις
858 2047 930 2133 τίίχρτΙ
942 2056 996 2130 τῆς
1016 2052 1102 2132 δεῦρο
1122 2049 1205 2113 τουτί
1225 2052 1333 2134 γίνεται
1354 2046 1421 2116 τότε
1441 2047 1476 2114 τό

324 2151 483 2236 γευόμενον
498 2149 691 2232 θεοσήμετον,
715 2152 756 2224 τίς
771 2148 933 2234 μαρτύριον
954 2159 1016 2226 τοῖς
1037 2148 1227 2224 άπιστοῦσιν,
1250 2148 1291 2226 τίς
1309 2157 1477 2235 μαρτυροῦ-

326 2275 373 2318 σνν
389 2254 421 2318 ίν
438 2259 555 2327 πολλοῖς
571 2251 675 2327 τόποις
695 2256 787 2336 πηγαί
804 2255 899 2319 τεκαὶ
921 2256 1050 2335 τιοταμολ
1065 2255 1107 2328 είς
1122 2249 1204 2318 οίνον
1220 2251 1476 2338 μεταβαλλόμενοι,

325 2353 461 2438 Κτβάρης
477 2355 530 2438 μίν
544 2362 596 2437 τῆς
611 2352 722 2428 πόλεως
739 2358 790 2436 τῆς
804 2359 918 2438 Καρίας
935 2351 956 2437 ή
971 2353 1066 2440 πηγή,
1088 2351 1160 2420 καθ’
1174 2354 1213 2436 ἣν
1228 2351 1373 2436 ήντλησαν
1394 2353 1478 2438 άραν

325 2461 357 2523 οί
372 2457 520 2536 διάκονοι,
542 2459 592 2522 καί
611 2453 689 2534 είπε,
714 2455 790 2522 Δότε
809 2461 849 2544 τῷ
871 2453 1084 2544 τίρχττρτκλίνητ·
1111 2465 1254 2542 μαρτυρεῖ
1276 2457 1307 2522 δὲ
1326 2458 1379 2522 καλ
1401 2453 1423 2538 ή
1444 2459 1477 2522 ἐν

325 2559 441 2648 Γεράση
458 2566 511 2640 τῆς
525 2557 666 2644 Ἀραβίας
686 2557 766 2644 πηγή
784 2553 929 2634 τίςαότως.
977 2557 1161 2640 Πεπάτταμεν
1180 2555 1238 2622 άτιδ
1258 2564 1311 2640 τής
1327 2558 1477 2644 Κτβάρης,

324 2657 459 2742 ήμίττροτ
476 2661 508 2726 δί
525 2658 647 2738 άδελφοί
663 2657 722 2724 τίπδ
739 2667 793 2741 τῆς
807 2663 838 2729 ἐν
856 2659 974 2749 Γεράση
986 2667 1091 2746 πηγῆς,
1113 2667 1167 2742 τῆς
1183 2661 1214 2726 ίν
1230 2667 1271 2748 τῷ
1291 2666 1476 2744 ιμαρτυρία.

326 2764 387 2828 Καί
409 2764 510 2828 πολλοί
538 2762 569 2827 δὲ
592 2763 643 2826 καί
667 2763 700 2826 ίν
714 2761 857 2850 Αίγύπτητ
883 2765 950 2844 περί
971 2770 1025 2828 τοῦ
1042 2767 1152 2828 Νείλου
1173 2769 1260 2829 τοῦτο
1283 2773 1476 2846 μαρτυροῦσι

325 2861 440 2948 Διόπερ
456 2865 489 2929 ίν
504 2868 540 2951 τή
555 2862 694 2952 ἑνδεκάτη
717 2867 791 2946 Τυβὶ
807 2862 869 2929 κατ’
884 2867 1068 2949 Αἰγυπτίους
1082 2863 1188 2940 πάντες
1202 2861 1376 2950 ὖδρεήονται
1390 2864 1476 2948 ὕδωρ

324 2968 374 3032 καί
391 2963 600 3043 άποτιθίαστν,
623 2967 655 3030 ίν
669 2962 744 3054 αὐτῇ
759 2973 795 3054 τῇ
813 2966 957 3054 Αἰγύπτῳ
973 2968 1024 3032 καί
1043 2969 1075 3032 ίν
1093 2974 1214 3042 πολλαῖς
1228 2971 1373 3051 πατρίσιν.
1416 2967 1477 3034 Οὕ-

324 3093 382 3143 τως
408 3066 463 3151 γάρ
491 3064 659 3152 τίρίσκετατ
710 3066 798 3132 Meto}
824 3067 878 3150 τήν
904 3066 1073 3150 δωδεκάτην
1093 3065 1187 3155 Ἀθόρ
1215 3065 1401 3146 άπελδόντος
1425 3071 1476 3136 καλ

323 3172 535 3255 πειραοδὲντος
553 3166 768 3252 τεσσαράκοντα
783 3165 909 3253 ήμίρας,
931 3172 982 3235 καί
1001 3168 1141 3246 ἐλθόντος
1161 3173 1212 3235 καί
1229 3172 1420 3253 ίκλεξαμίνσυ
1435 3199 1477 3238 ττ-

323 3269 377 3348 νάς
394 3279 453 3336 τῶν
467 3269 561 3338 ον’τοῦ
580 3278 742 3353 μαθητῶν,
764 3273 814 3336 καί
831 3273 1030 3356 ίναρξαμένου
1047 3269 1117 3354 μετά
1132 3271 1345 3356 τεσσαράκοντα
1362 3270 1478 3358 ήμίρας

323 3380 376 3440 τοῦ
393 3380 556 3458 πειρασμοῦ
576 3371 743 3458 κηρύττειν,
771 3376 821 3440 καί
845 3371 937 3440 αὐτοῦ
958 3373 1153 3448 κατελθόντος
1176 3377 1218 3449 είς
1241 3372 1293 3441 τόν
1310 3372 1477 3460 Ἰορδάνην,

201 3501 253 3547 εει·
266 3477 376 3542 διτταί
401 3473 635 3558 συναντήσαντος
657 3485 718 3552 τοῖς
737 3479 806 3558 περὶ
825 3476 1007 3558 Ναθαναήλ,
1034 3477 1085 3540 καί
1109 3475 1331 3560 παραλαβόντος
1351 3475 1477 3558 ατίτοδς,

321 3577 370 3646 ίττ
388 3581 504 3660 ἔμειναν
521 3575 589 3660 παρ’
606 3575 686 3664 αὐτῷ
706 3576 760 3644 δύο
778 3575 905 3662 ήμίρας,
931 3581 983 3645 καί
1003 3575 1103 3643 ατίτιδν
1124 3574 1393 3664 τίναχτιρησάντων,
1423 3583 1477 3646 καί

322 3679 415 3748 τιν’τοῦ
436 3678 630 3763 διαβεβηκότος
653 3681 694 3754 είς
713 3677 767 3761 τήν
785 3685 955 3758 Γαλιλαίαν,
985 3677 1080 3756 εόθδς
1103 3677 1153 3746 διά
1174 3687 1226 3756 τάς
1248 3679 1392 3766 πρότερον
1416 3682 1476 3749 δύο

321 3780 433 3868 ήμίρας
451 3780 504 3858 τάς
520 3785 674 3868 είρημίνας
693 3783 751 3861 ίφη
768 3777 800 3846 τό
814 3778 996 3866 εὐαγγέλιον,
1023 3789 1065 3872 Τῇ
1081 3787 1164 3870 τρίτη
1182 3779 1278 3870 ήμίρμ
1295 3781 1390 3868 γάμος
1411 3788 1476 3872 ἕης.

322 3909 386 3950 νετο
401 3889 433 3951 ἒν
451 3891 538 3972 Κανηί
552 3890 606 3965 τῆς
623 3887 785 3962 Γαλιλαίας,
807 3881 880 3968 ὅπερ
895 3882 1044 3967 σύμβολον
1058 3877 1096 3968 ήν
1111 3890 1163 3966 τῆς
1177 3887 1343 3967 ἐκκλησίας·
1367 3887 1399 3950 ἐν
1416 3886 1478 3974 γάρ

321 3994 358 4076 τή
375 3993 457 4074 τρίτη
473 3983 568 4073 ήμίρμ
589 3992 642 4067 τῆς
660 3987 691 4049 δν
707 3993 743 4074 τῇ
758 3990 867 4073 καρδίη
883 3992 937 4068 τῆς
955 3994 1009 4071 γῆς
1028 3984 1121 4052 αάτοῦ
1143 3991 1358 4072 πραγματείας,
1381 3977 1422 4070 ἧς
1444 3993 1478 4056 ἐν

323 4093 359 4176 τῇ
383 4095 420 4177 γῇ
445 4091 580 4172 ἐποίησε,
609 4085 680 4169 μετά
705 4085 737 4153 τό
763 4087 866 4164 πάθος
893 4085 1020 4164 άναστάς
1044 4087 1138 4174 γάμον
1161 4095 1290 4172 συνῆπτε
1314 4097 1349 4180 τῇ
1374 4095 1476 4182 Κανᾷ.

323 4241 433 4308 Sulpicio
453 4241 607 4294 Gammarino
632 4253 657 4293 et
683 4244 749 4293 Cneo
767 4245 875 4308 Pompe·
943 4245 968 4294 τ’).
986 4243 1031 4298 καὶ
1046 4259 1091 4296 om.
1110 4247 1154 4295 τοδ
1182 4246 1236 4296 Ven.

322 4307 381 4359 inno
398 4309 544 4360 consulibus.
580 4315 606 4363 ίτι
628 4314 679 4363 cod.
700 4315 781 4361 Veneto
798 4317 876 4362 τστοτε
942 4309 967 4362 6.
987 4309 1057 4365 εἶπαν
1075 4313 1125 4362 ινδ.
1146 4313 1200 4364 ίαν.

324 4376 483 4430 σαονλττικίον
514 4377 559 4430 καί
591 4377 746 4446 καμμαρτνοδ
781 4377 876 4446 βεττίω
942 4379 966 4432 7.
985 4383 1053 4432 Hunc
1067 4381 1143 4430 λοευττι
1159 4383 1204 4432 sibi
1217 4387 1348 4446 τεταρταίων
1361 4399 1411 4436 ιττι
1427 4389 1476 4440 Pe·
1551 4437 1552 4447 ,

319 4445 470 4513 ττομττηῐανιί
484 4438 595 4504 δττάτοτς.
630 4449 666 4510 Cf.
683 4450 753 4498 etiam
767 4449 876 4498 Ριίανίιττ
908 4450 1083 4512 ιαετνττττγαττ
1096 4449 1177 4500 noluit.
1211 4451 1339 4502 Οοτκατλντ
1354 4449 1403 4517 ττρδ
1420 4453 1475 4510 Πί-

318 4515 343 4566 ία
360 4515 532 4566 Δαιποδναττ.
909 4530 987 4576 σωνος
1001 4517 1071 4580 legis,
1096 4517 1159 4581 ητιοδ
1180 4531 1221 4568 κτα
1236 4519 1272 4567 ius·
1287 4520 1408 4584 σαρλίαιτι
1434 4526 1474 4592 (α.
