3116 4934
341 170 479 224 ransom
496 171 559 224 nne.
571 173 605 225 n.
623 171 706 226 nom
720 171 739 224 1.
757 171 858 224 nona.
872 169 956 224 extr.
1116 219 1122 229 .
1174 161 1237 226 21⁵

84 295 212 352 mactum
231 289 381 376 exprimit.
428 287 506 357 Cano
523 304 620 358 autem
643 291 720 358 idem
745 291 775 356 in
798 291 928 356 trinitate
949 311 1139 378 personarum
1164 292 1236 356 ordo

84 390 283 472 constituitur,
308 413 424 478 unoque
438 393 576 459 trinitatis
592 395 709 459 nornine
731 407 887 474 censetur,
911 393 1017 458 Arium
1036 393 1164 473 refellit,
1189 394 1236 478 qni

83 493 247 558 inferiorem
272 496 416 578 quendam
434 495 464 559 io
488 495 619 560 trinitate
639 497 761 581 gradum
781 517 816 560 ac·
835 497 1008 561 varietatem
1033 495 1236 559 mutationem·

83 616 133 680 quc
149 609 334 661 commentus
359 608 416 662 est.
461 596 581 663 Etenim
606 599 675 663 licet
693 599 787 664 maior
805 620 821 662 a
842 599 900 662 iili-o
927 597 1132 682 pronuntiatos
1155 610 1238 684 poter

83 699 115 762 ab
128 698 311 782 evangelista
327 712 482 780 narretur,
507 699 601 764 eidem
619 711 715 764 tomen
734 700 793 766 iiiio
808 712 1008 766 consentanee
1022 699 1155 786 inprimis
1172 701 1389 786 gio-temnens

84 801 148 864 nan
170 800 317 865 attribuit.
365 802 466 888 Aqoo
487 803 564 868 enim
583 803 727 868 celebrari
750 813 863 890 patrem
885 803 1009 868 decebat
1031 803 1127 887 potius
1150 825 1235 888 quam

83 902 114 966 ab
127 924 163 966 eo
179 904 230 987 qui
248 903 397 988 legitimus
414 915 495 969 esset
511 905 606 970 iilius?
636 903 696 972 Sed
714 927 830 970 rursum
848 917 878 970 ut
893 906 1097 992 aequalitatem
1113 905 1234 985 indicet,

84 1024 116 1066 oa
138 1005 258 1068 errandi
282 1006 452 1091 quibusdem
476 1007 668 1093 praeberetur
685 1007 821 1087 occasio,
847 1009 895 1092 qui
916 1008 1087 1072 inferiorem
1108 1007 1235 1093 aiiqueno

82 1108 195 1190 pedam
217 1108 278 1172 filio
298 1109 512 1188 concederent,
536 1109 614 1174 hunc
629 1110 659 1173 in
680 1110 796 1176 modum
814 1109 960 1194 loquiturc
995 1113 1053 1190 Qut
1071 1133 1126 1173 non
1142 1113 1387 1188 bono-namqu.

82 1203 296 1292 rq'fieotstlt'cmo,
314 1217 392 1276 scoot
402 1215 574 1294 donnrq‘picot
583 1225 705 1294 patrem,
730 1236 786 1277 nnn
802 1215 884 1276 landet
898 1218 983 1276 votnm
998 1218 1028 1276 in
1042 1217 1144 1296 serpso.
1176 1211 1232 1278 Etc

83 1315 264 1394 deamquoe
276 1320 469 1394 potassent,
494 1337 555 1378 men
571 1327 648 1378 sunt.
696 1313 774 1400 Quid
792 1325 839 1380 est
859 1328 956 1379 autem
975 1314 1062 1394 illud,
1087 1319 1165 1395 Quae
1181 1335 1235 1398 pc·
1315 1317 1319 1325 '

82 1419 224 1490 wmnt,
251 1415 327 1495 nisi,
352 1417 592 1501 quemadmodum
612 1418 747 1482 deusest
765 1428 864 1503 pater,
888 1417 930 1482 ite
952 1420 1023 1482 dous
1043 1439 1125 1496 sum,
1155 1428 1186 1482 et
1203 1429 1235 1482 nt

81 1516 135 1579 rite
152 1527 198 1582 est
214 1528 318 1602 pater,
341 1519 385 1584 sio
399 1541 455 1606 ego
473 1520 534 1586 vito
553 1541 635 1600 sunt,
660 1519 840 1607 proindeque
860 1521 957 1585 omnia
974 1542 1048 1606 quac
1066 1521 1158 1607 patris
1176 1521 1234 1584 mei

81 1629 158 1702 suot,
181 1641 252 1684 mea
273 1623 361 1688 eunti

158 1720 238 1788 Vide
263 1723 306 1790 sie
330 1725 439 1810 igitur,
468 1721 636 1805 oSabeiii3
666 1745 702 1788 oo
725 1723 882 1810 diligenter
903 1724 1122 1805 animadverte,
1151 1724 1232 1810 aperi
1253 1732 1315 1802 cop.
1330 1733 1362 1784 v.

81 1826 310 1908 cordisoculos,
334 1849 431 1912 aequo
452 1847 559 1892 caecos
580 1838 664 1905 esto,
689 1829 735 1892 ian
752 1838 783 1892 ot
797 1837 846 1891 tun
865 1838 1038 1913 tuorumque
1062 1848 1145 1893 mens
1168 1849 1233 1892 oum

79 1940 177 1993 nocto
196 1926 310 1994 banne
330 1932 367 1994 ad
385 1927 539 1994 Iordanem
559 1929 728 1995 conveniat.
773 1930 874 1994 Aures
895 1940 959 1994 tuas
984 1929 1084 2017 aperi,
1107 1942 1139 1996 ct
1159 1929 1234 1995 hano

81 2031 236 2117 prophetae
254 2052 357 2096 vocem
374 2032 503 2098 exaudio
527 2035 592 2114 Ego
607 2053 663 2094 uocc
680 2035 828 2097 clamantis
843 2037 873 2096 in
884 2036 1006 2096 deserto.
1054 2033 1131 2100 Anti
1148 2055 1232 2120 prae·
1245 2045 1358 2105 montet,
1366 2047 1388 2093 t.

79 2153 226 2198 cursorem
241 2133 369 2214 domini,
393 2135 441 2220 qui
456 2135 577 2220 nogcius
594 2134 734 2220 appellari
753 2135 871 2212 meruit,
895 2136 1027 2221 spiritum
1044 2147 1177 2202 sanctum
1193 2158 1234 2201 ex

80 2246 158 2300 utcro
181 2235 286 2301 matris
306 2238 438 2324 aceepit,
469 2247 500 2301 ct
518 2233 613 2300 Maria
636 2237 765 2302 intrante
784 2235 922 2302 subsiiiit.
970 2234 1029 2320 Qui
1052 2260 1117 2302 com
1140 2239 1378 2308 adiunctionem.

80 2339 176 2404 matris
194 2350 282 2402 utero
298 2341 513 2418 contineretur,
537 2339 647 2404 domini
665 2339 711 2404 aui
727 2339 893 2424 ingressum
913 2339 1052 2423 agnouit,
1076 2351 1108 2404 ct
1123 2340 1232 2421 exiliit,

81 2441 122 2504 cni
136 2439 361 2526 patefaciendae
377 2441 467 2506 divini
485 2441 566 2508 uerbi
583 2441 810 2527 praedicationis
829 2443 1105 2527 pracparandaoquc
1125 2441 1234 2506 domini

81 2545 142 2608 riae
162 2565 272 2612 nonnas
289 2555 335 2610 est
352 2565 538 2611 concessum.
584 2544 700 2608 Adhibe
717 2543 784 2608 boio
802 2544 905 2623 idem,
930 2564 985 2608 nec
1009 2565 1026 2608 o
1046 2565 1136 2629 scopo
1156 2543 1234 2609 neri·

82 2647 143 2711 tatis
165 2647 304 2712 oberres.
349 2645 431 2712 Eone
454 2647 507 2711 tibi
529 2646 728 2712 testimouium
752 2647 803 2710 iiio
825 2645 958 2732 praebet.
1008 2644 1146 2732 inprimis
1167 2665 1232 2711 oem

81 2749 226 2814 dominum
246 2771 331 2814 suum
349 2771 514 2835 monnone
531 2750 572 2814 ita
586 2749 731 2834 loquitur,
754 2753 819 2830 Ego
835 2761 863 2812 tc
877 2772 947 2832 opno
961 2751 1068 2824 moen,
1093 2760 1124 2810 et
1136 2761 1167 2811 tu
1185 2759 1386 2821 coc-ttontane

80 2857 120 2914 nn's
136 2857 173 2916 nd
186 2875 242 2916 mc.
288 2851 404 2917 Deinde
419 2874 484 2916 oeno
504 2851 641 2931 dixisset,
665 2856 735 2914 Scine
751 2855 842 2926 modo,
867 2864 898 2914 ut
915 2855 1065 2934 amplectar
1081 2857 1170 2914 omno's
1189 2855 1233 2912 o‘u-

80 2959 168 3031 otitoio,
192 2966 227 3018 ct
245 2954 282 3020 ab
297 2955 348 3019 iiio
362 2953 533 3041 baptizatus
556 2965 653 3031 esset,
683 2952 813 3017 divinum
831 2955 923 3018 refert
942 2955 1127 3038 evangelium
1147 2951 1234 3016 ioan·

82 3075 142 3120 nete
157 3058 205 3122 his
225 3057 325 3124 verbis
348 3058 546 3122 testimonium
571 3056 707 3120 dedisse:
740 3059 875 3135 Quoniam
896 3062 992 3138 aperti
1008 3070 1077 3120 sunt
1096 3058 1182 3130 ooclt',
1206 3066 1387 3128 ettamentt

81 3163 136 3222 cidi
152 3165 288 3242 amineam
305 3171 435 3224 comneno
456 3164 485 3222 in
505 3163 599 3242 speeie
621 3162 765 3222 enitembne
785 3163 1011 3235 humectantem,
1035 3172 1065 3220 et
1083 3163 1234 3222 monentem

82 3267 225 3343 mapsam.
272 3266 313 3326 ut
326 3285 382 3326 oon
397 3266 432 3326 do
448 3265 545 3324 cocio:
569 3265 625 3326 Idc'o
639 3273 682 3324 cst
691 3266 779 3344 filius
798 3283 875 3324 meus
889 3265 1025 3335 dilectas,
1049 3266 1079 3322 in
1097 3280 1152 3342 quo
1167 3264 1389 3330 metimus-sm.

82 3369 242 3448 mucan
288 3361 363 3428 Erat
382 3375 443 3430 tum
464 3365 496 3428 in
515 3364 600 3429 coelo
621 3375 721 3448 pater,
745 3363 832 3428 bomo
850 3363 1137 3440 contentiosissime,
1161 3361 1236 3427 indi·

83 3467 200 3553 deumne
217 3488 280 3532 uox
294 3467 345 3532 itta
361 3477 496 3532 uouerat.
543 3464 646 3552 itaque
670 3467 695 3530 si
715 3466 799 3531 coeio
823 3467 941 3552 delapsa
961 3488 1021 3531 vox
1045 3478 1107 3544 est,
1133 3465 1234 3530 iaisam

82 3567 151 3634 iiiam
168 3583 252 3634 tuam
268 3582 394 3636 mentem
412 3589 522 3654 quaeso
538 3571 663 3636 discute.
710 3566 837 3636 Coinnua
857 3580 939 3654 pater
959 3570 1015 3634 isto
1032 3568 1158 3646 dicebat,
1181 3571 1236 3630 Hic

82 3685 121 3736 cst
131 3677 221 3756 filiios
240 3695 317 3736 mcccc
337 3676 473 3748 dilectus,
498 3678 527 3734 a'n
547 3695 602 3754 quo
620 3675 692 3734 ma'dt'
705 3675 895 3755 complacuit?
938 3669 1000 3735 Aut
1021 3671 1085 3755 quis
1107 3673 1163 3734 iste
1184 3671 1235 3732 de·

83 3797 153 3840 mono
170 3781 256 3842 crati
300 3772 363 3840 Cor
378 3776 498 3860 spiritns
517 3786 638 3840 sanctus
660 3775 753 3860 effigie
779 3776 931 3840 columbae
954 3775 1052 3859 lapsus
1076 3782 1139 3851 cst,
1170 3793 1234 3834 oum

83 3878 252 3962 praesertim
271 3898 377 3964 corpus
396 3877 518 3942 baberet
534 3877 663 3942 nulium?
696 3875 785 3942 Solus
801 3879 879 3942 enim
898 3877 925 3940 id
946 3876 1111 3960 unigenitus
1128 3873 1233 3953 induit,

84 3983 266 4066 perfecteque
284 4001 325 4046 ex
340 3977 438 4046 Maria
456 4001 573 4068 temper
590 3979 705 4066 virgine
724 3999 777 4065 per
795 3979 929 4064 spiritum
948 3988 1079 4043 secuntum
1103 3985 1235 4042 staturam

84 4081 204 4148 bomin-is
221 4084 392 4168 assumpsit.
436 4080 544 4168 Neque
560 4103 633 4148 vero
649 4103 688 4147 ex
706 4081 784 4146 virili
801 4101 865 4144 eom
881 4081 994 4145 semino
1006 4079 1159 4165 suscepit,
1183 4080 1235 4143 sed

84 4207 185 4271 corpus
203 4187 261 4251 sibi
276 4187 386 4250 artifex
401 4186 523 4250 verbum
539 4206 557 4250 e
573 4183 672 4252 Maria
688 4185 786 4265 fluxit,
810 4205 925 4248 necnon
940 4184 1094 4248 bunnauam
1109 4183 1235 4246 animam

84 4309 117 4351 ac
134 4300 281 4368 mentem,
310 4289 490 4375 proindeque
509 4289 668 4354 etiamnum
691 4289 863 4367 nonnoso,
895 4286 944 4371 qui
971 4285 1087 4371 propria
1109 4285 1236 4350 hominis

86 4393 175 4458 omnia
201 4392 383 4480 perieotcin
410 4413 478 4456 sese
502 4392 650 4456 unnstulit
667 4413 702 4460 ac
725 4413 790 4456 cum
813 4410 865 4456 sna
887 4389 1038 4456 divinitate
1062 4387 1234 4468 coniunxit,
1317 4439 1329 4459 ,
