<?xml version="1.0" encoding="UTF-8"?>
<!DOCTYPE html PUBLIC "-//W3C//DTD XHTML 1.0 Transitional//EN"
    "http://www.w3.org/TR/xhtml1/DTD/xhtml1-transitional.dtd">
<html xmlns="http://www.w3.org/1999/xhtml" xml:lang="en" lang="en">
 <head>
  <title>
</title>
<meta http-equiv="Content-Type" content="text/html;charset=utf-8" />
  <meta name='ocr-system' content='tesseract 3.04.00' />
  <meta name='ocr-capabilities' content='ocr_page ocr_carea ocr_par ocr_line ocrx_word'/>
</head>
<body>
  <div class='ocr_page' id='page_1' title='image "./corporishaerese02oehlgoog_0518.png"; bbox 0 0 3154 4930; ppageno 0'>
   <div class='ocr_carea' id='block_1_1' title="bbox 357 273 1244 337">
    <p class='ocr_par' dir='ltr' id='par_1_1' title="bbox 357 273 1244 337">
     <span class='ocr_line' id='line_1_1' title="bbox 357 273 1244 337; baseline 0.01 -9"><span class='ocrx_word' id='word_1_1' title='bbox 357 275 493 328; x_wconf 77' lang='lat' dir='ltr'><strong>sunnon</strong></span> <span class='ocrx_word' id='word_1_2' title='bbox 510 274 574 328; x_wconf 80' lang='lat' dir='ltr'><strong>ure.</strong></span> <span class='ocrx_word' id='word_1_3' title='bbox 587 276 620 330; x_wconf 86' lang='lat' dir='ltr'><strong>n.</strong></span> <span class='ocrx_word' id='word_1_4' title='bbox 635 275 718 330; x_wconf 83' lang='lat' dir='ltr'><strong>rou.</strong></span> <span class='ocrx_word' id='word_1_5' title='bbox 730 281 761 330; x_wconf 91' lang='lat' dir='ltr'><strong>n.</strong></span> <span class='ocrx_word' id='word_1_6' title='bbox 780 279 878 332; x_wconf 72' lang='lat' dir='ltr'><strong>utun.</strong></span> <span class='ocrx_word' id='word_1_7' title='bbox 891 279 981 334; x_wconf 82' lang='lat' dir='ltr'><strong>uxor.</strong></span> <span class='ocrx_word' id='word_1_8' title='bbox 1120 307 1125 314; x_wconf 92' lang='lat'>·</span> <span class='ocrx_word' id='word_1_9' title='bbox 1181 273 1244 337; x_wconf 82' lang='lat' dir='ltr'><strong>aer</strong></span> 
     </span>
    </p>
   </div>
   <div class='ocr_carea' id='block_1_2' title="bbox 59 397 1261 4180">
    <p class='ocr_par' dir='ltr' id='par_1_2' title="bbox 59 397 1261 4180">
     <span class='ocr_line' id='line_1_2' title="bbox 101 397 1245 484; baseline 0.007 -22"><span class='ocrx_word' id='word_1_10' title='bbox 101 419 154 484; x_wconf 88' lang='lat' dir='ltr'><strong>que</strong></span> <span class='ocrx_word' id='word_1_11' title='bbox 170 398 293 482; x_wconf 78' lang='lat' dir='ltr'><strong>effigiem</strong></span> <span class='ocrx_word' id='word_1_12' title='bbox 314 417 396 460; x_wconf 88' lang='lat' dir='ltr'><strong>snam</strong></span> <span class='ocrx_word' id='word_1_13' title='bbox 412 397 566 481; x_wconf 78' lang='lat' dir='ltr'><strong>postremis</strong></span> <span class='ocrx_word' id='word_1_14' title='bbox 582 399 760 483; x_wconf 73' lang='lat' dir='ltr'><strong>temporibus</strong></span> <span class='ocrx_word' id='word_1_15' title='bbox 778 411 963 464; x_wconf 86' lang='lat' dir='ltr'><strong>ostensurum</strong></span> <span class='ocrx_word' id='word_1_16' title='bbox 983 421 1049 466; x_wconf 84' lang='lat' dir='ltr'><strong>esse</strong></span> <span class='ocrx_word' id='word_1_17' title='bbox 1067 403 1153 469; x_wconf 87' lang='lat' dir='ltr'><strong>dicit:</strong></span> <span class='ocrx_word' id='word_1_18' title='bbox 1185 416 1245 470; x_wconf 84' lang='lat' dir='ltr'><strong>tona</strong></span> 
     </span>
     <span class='ocr_line' id='line_1_3' title="bbox 102 497 1245 594; baseline 0.007 -28"><span class='ocrx_word' id='word_1_19' title='bbox 102 521 169 566; x_wconf 85' lang='lat' dir='ltr'><strong>vero</strong></span> <span class='ocrx_word' id='word_1_20' title='bbox 184 497 315 564; x_wconf 86' lang='lat' dir='ltr'><strong>Baiulom</strong></span> <span class='ocrx_word' id='word_1_21' title='bbox 334 499 410 563; x_wconf 86' lang='lat' dir='ltr'><strong>itlius</strong></span> <span class='ocrx_word' id='word_1_22' title='bbox 425 509 581 585; x_wconf 86' lang='lat' dir='ltr'><strong>conspecta</strong></span> <span class='ocrx_word' id='word_1_23' title='bbox 600 501 674 564; x_wconf 82' lang='lat' dir='ltr'><strong>danie</strong></span> <span class='ocrx_word' id='word_1_24' title='bbox 692 511 799 564; x_wconf 89' lang='lat' dir='ltr'><strong>terram</strong></span> <span class='ocrx_word' id='word_1_25' title='bbox 822 523 887 567; x_wconf 90' lang='lat' dir='ltr'><strong>csse</strong></span> <span class='ocrx_word' id='word_1_26' title='bbox 906 504 1092 582; x_wconf 86' lang='lat' dir='ltr'><strong>relicturum,</strong></span> <span class='ocrx_word' id='word_1_27' title='bbox 1118 529 1245 594; x_wconf 84' lang='lat' dir='ltr'><strong>moxque</strong></span> 
     </span>
     <span class='ocr_line' id='line_1_4' title="bbox 102 603 1246 694; baseline 0.008 -28"><span class='ocrx_word' id='word_1_28' title='bbox 102 614 207 667; x_wconf 84' lang='lat' dir='ltr'><strong>terram</strong></span> <span class='ocrx_word' id='word_1_29' title='bbox 230 605 408 689; x_wconf 88' lang='lat' dir='ltr'><strong>sempiterno</strong></span> <span class='ocrx_word' id='word_1_30' title='bbox 431 604 499 686; x_wconf 84' lang='lat' dir='ltr'><strong>igne</strong></span> <span class='ocrx_word' id='word_1_31' title='bbox 521 603 776 688; x_wconf 83' lang='lat' dir='ltr'><strong>conflagraturam.</strong></span> <span class='ocrx_word' id='word_1_32' title='bbox 820 603 887 668; x_wconf 89' lang='lat' dir='ltr'><strong>Nec</strong></span> <span class='ocrx_word' id='word_1_33' title='bbox 910 607 978 670; x_wconf 83' lang='lat' dir='ltr'><strong>itud</strong></span> <span class='ocrx_word' id='word_1_34' title='bbox 1005 605 1091 670; x_wconf 86' lang='lat' dir='ltr'><strong>bomo</strong></span> <span class='ocrx_word' id='word_1_35' title='bbox 1115 614 1246 694; x_wconf 87' lang='lat' dir='ltr'><strong>stupidus</strong></span> 
     </span>
     <span class='ocr_line' id='line_1_5' title="bbox 102 705 1245 784; baseline 0.007 -16"><span class='ocrx_word' id='word_1_36' title='bbox 102 706 320 784; x_wconf 83' lang='lat' dir='ltr'><strong>animadvertit,</strong></span> <span class='ocrx_word' id='word_1_37' title='bbox 345 705 466 770; x_wconf 81' lang='lat' dir='ltr'><strong>eundern</strong></span> <span class='ocrx_word' id='word_1_38' title='bbox 485 705 563 769; x_wconf 81' lang='lat' dir='ltr'><strong>idern</strong></span> <span class='ocrx_word' id='word_1_39' title='bbox 581 725 614 769; x_wconf 86' lang='lat' dir='ltr'><strong>se</strong></span> <span class='ocrx_word' id='word_1_40' title='bbox 628 727 692 769; x_wconf 90' lang='lat' dir='ltr'><strong>cum</strong></span> <span class='ocrx_word' id='word_1_41' title='bbox 712 706 834 770; x_wconf 88' lang='lat' dir='ltr'><strong>materia</strong></span> <span class='ocrx_word' id='word_1_42' title='bbox 850 718 1015 772; x_wconf 89' lang='lat' dir='ltr'><strong>concretam</strong></span> <span class='ocrx_word' id='word_1_43' title='bbox 1041 711 1126 774; x_wconf 92' lang='lat' dir='ltr'><strong>modo</strong></span> <span class='ocrx_word' id='word_1_44' title='bbox 1149 711 1245 776; x_wconf 84' lang='lat' dir='ltr'><strong>iacere</strong></span> 
     </span>
     <span class='ocr_line' id='line_1_6' title="bbox 100 805 1246 896; baseline 0.004 -23"><span class='ocrx_word' id='word_1_45' title='bbox 100 831 183 894; x_wconf 81' lang='lat' dir='ltr'><strong>quana</strong></span> <span class='ocrx_word' id='word_1_46' title='bbox 203 810 286 894; x_wconf 88' lang='lat' dir='ltr'><strong>panto</strong></span> <span class='ocrx_word' id='word_1_47' title='bbox 304 819 391 872; x_wconf 84' lang='lat' dir='ltr'><strong>autea</strong></span> <span class='ocrx_word' id='word_1_48' title='bbox 408 809 476 872; x_wconf 84' lang='lat' dir='ltr'><strong>rivo</strong></span> <span class='ocrx_word' id='word_1_49' title='bbox 495 807 531 872; x_wconf 88' lang='lat' dir='ltr'><strong>ab</strong></span> <span class='ocrx_word' id='word_1_50' title='bbox 550 805 662 894; x_wconf 78' lang='lat' dir='ltr'><strong>Spiritu</strong></span> <span class='ocrx_word' id='word_1_51' title='bbox 679 820 861 896; x_wconf 77' lang='lat' dir='ltr'><strong>procreatam</strong></span> <span class='ocrx_word' id='word_1_52' title='bbox 881 831 947 875; x_wconf 88' lang='lat' dir='ltr'><strong>esse</strong></span> <span class='ocrx_word' id='word_1_53' title='bbox 969 813 1150 880; x_wconf 82' lang='lat' dir='ltr'><strong>defenderat.</strong></span> <span class='ocrx_word' id='word_1_54' title='bbox 1186 813 1246 880; x_wconf 85' lang='lat' dir='ltr'><strong>Sed</strong></span> 
     </span>
     <span class='ocr_line' id='line_1_7' title="bbox 101 911 1248 1000; baseline 0.006 -26"><span class='ocrx_word' id='word_1_55' title='bbox 101 911 269 975; x_wconf 85' lang='lat' dir='ltr'><strong>universum</strong></span> <span class='ocrx_word' id='word_1_56' title='bbox 288 911 474 976; x_wconf 81' lang='lat' dir='ltr'><strong>nihilomiuus</strong></span> <span class='ocrx_word' id='word_1_57' title='bbox 488 913 626 975; x_wconf 90' lang='lat' dir='ltr'><strong>mundum</strong></span> <span class='ocrx_word' id='word_1_58' title='bbox 641 912 776 975; x_wconf 86' lang='lat' dir='ltr'><strong>incendio</strong></span> <span class='ocrx_word' id='word_1_59' title='bbox 791 925 992 1000; x_wconf 88' lang='lat' dir='ltr'><strong>consumptum</strong></span> <span class='ocrx_word' id='word_1_60' title='bbox 1008 915 1045 978; x_wconf 87' lang='lat' dir='ltr'><strong>iri</strong></span> <span class='ocrx_word' id='word_1_61' title='bbox 1064 926 1156 1000; x_wconf 89' lang='lat' dir='ltr'><strong>putat.</strong></span> <span class='ocrx_word' id='word_1_62' title='bbox 1202 919 1248 981; x_wconf 77' lang='lat' dir='ltr'><strong>Ao</strong></span> 
     </span>
     <span class='ocr_line' id='line_1_8' title="bbox 102 1015 1249 1102; baseline 0.004 -25"><span class='ocrx_word' id='word_1_63' title='bbox 102 1027 178 1094; x_wconf 90' lang='lat' dir='ltr'><strong>torn,</strong></span> <span class='ocrx_word' id='word_1_64' title='bbox 200 1015 309 1098; x_wconf 89' lang='lat' dir='ltr'><strong>inquit,</strong></span> <span class='ocrx_word' id='word_1_65' title='bbox 333 1015 453 1077; x_wconf 85' lang='lat' dir='ltr'><strong>duarum</strong></span> <span class='ocrx_word' id='word_1_66' title='bbox 473 1025 640 1078; x_wconf 89' lang='lat' dir='ltr'><strong>naturarum</strong></span> <span class='ocrx_word' id='word_1_67' title='bbox 658 1015 733 1078; x_wconf 89' lang='lat' dir='ltr'><strong>idern</strong></span> <span class='ocrx_word' id='word_1_68' title='bbox 756 1016 786 1078; x_wconf 90' lang='lat' dir='ltr'><strong>in</strong></span> <span class='ocrx_word' id='word_1_69' title='bbox 809 1016 996 1102; x_wconf 82' lang='lat' dir='ltr'><strong>arche-typum</strong></span> <span class='ocrx_word' id='word_1_70' title='bbox 1017 1019 1163 1082; x_wconf 81' lang='lat' dir='ltr'><strong>restitutio</strong></span> <span class='ocrx_word' id='word_1_71' title='bbox 1179 1040 1249 1083; x_wconf 91' lang='lat' dir='ltr'><strong>cen-</strong></span> 
     </span>
     <span class='ocr_line' id='line_1_9' title="bbox 101 1113 1247 1204; baseline 0.003 -22"><span class='ocrx_word' id='word_1_72' title='bbox 101 1127 250 1201; x_wconf 89' lang='lat' dir='ltr'><strong>sequetur.</strong></span> <span class='ocrx_word' id='word_1_73' title='bbox 295 1113 454 1181; x_wconf 73' lang='lat' dir='ltr'><strong>Oroanna</strong></span> <span class='ocrx_word' id='word_1_74' title='bbox 472 1117 596 1181; x_wconf 87' lang='lat' dir='ltr'><strong>hominis</strong></span> <span class='ocrx_word' id='word_1_75' title='bbox 614 1118 758 1197; x_wconf 83' lang='lat' dir='ltr'><strong>lahorem,</strong></span> <span class='ocrx_word' id='word_1_76' title='bbox 783 1139 840 1203; x_wconf 90' lang='lat' dir='ltr'><strong>qno</strong></span> <span class='ocrx_word' id='word_1_77' title='bbox 859 1130 996 1204; x_wconf 87' lang='lat' dir='ltr'><strong>suscepto</strong></span> <span class='ocrx_word' id='word_1_78' title='bbox 1014 1121 1083 1184; x_wconf 85' lang='lat' dir='ltr'><strong>nihil</strong></span> <span class='ocrx_word' id='word_1_79' title='bbox 1101 1132 1197 1186; x_wconf 88' lang='lat' dir='ltr'><strong>tamen</strong></span> <span class='ocrx_word' id='word_1_80' title='bbox 1212 1124 1247 1186; x_wconf 94' lang='lat' dir='ltr'><strong>ad</strong></span> 
     </span>
     <span class='ocr_line' id='line_1_10' title="bbox 102 1219 1249 1306; baseline 0.006 -23"><span class='ocrx_word' id='word_1_81' title='bbox 102 1221 211 1283; x_wconf 86' lang='lat' dir='ltr'><strong>erroris</strong></span> <span class='ocrx_word' id='word_1_82' title='bbox 226 1220 459 1286; x_wconf 77' lang='lat' dir='ltr'><strong>emendationem</strong></span> <span class='ocrx_word' id='word_1_83' title='bbox 477 1219 642 1304; x_wconf 84' lang='lat' dir='ltr'><strong>proficitur!</strong></span> <span class='ocrx_word' id='word_1_84' title='bbox 687 1219 765 1284; x_wconf 89' lang='lat' dir='ltr'><strong>Nam</strong></span> <span class='ocrx_word' id='word_1_85' title='bbox 786 1221 811 1284; x_wconf 84' lang='lat' dir='ltr'><strong>si</strong></span> <span class='ocrx_word' id='word_1_86' title='bbox 834 1232 1020 1306; x_wconf 86' lang='lat' dir='ltr'><strong>posteaquam</strong></span> <span class='ocrx_word' id='word_1_87' title='bbox 1045 1225 1179 1288; x_wconf 90' lang='lat' dir='ltr'><strong>conditos</strong></span> <span class='ocrx_word' id='word_1_88' title='bbox 1203 1236 1249 1290; x_wconf 84' lang='lat' dir='ltr'><strong>est</strong></span> 
     </span>
     <span class='ocr_line' id='line_1_11' title="bbox 101 1321 1248 1412; baseline 0.003 -25"><span class='ocrx_word' id='word_1_89' title='bbox 101 1333 131 1388; x_wconf 89' lang='lat' dir='ltr'><strong>et</strong></span> <span class='ocrx_word' id='word_1_90' title='bbox 144 1324 301 1410; x_wconf 86' lang='lat' dir='ltr'><strong>productus</strong></span> <span class='ocrx_word' id='word_1_91' title='bbox 321 1323 366 1386; x_wconf 82' lang='lat' dir='ltr'><strong>tric</strong></span> <span class='ocrx_word' id='word_1_92' title='bbox 384 1324 520 1402; x_wconf 86' lang='lat' dir='ltr'><strong>muudus,</strong></span> <span class='ocrx_word' id='word_1_93' title='bbox 544 1323 674 1386; x_wconf 91' lang='lat' dir='ltr'><strong>consumi</strong></span> <span class='ocrx_word' id='word_1_94' title='bbox 693 1321 884 1407; x_wconf 81' lang='lat' dir='ltr'><strong>extinguique</strong></span> <span class='ocrx_word' id='word_1_95' title='bbox 902 1325 1000 1405; x_wconf 88' lang='lat' dir='ltr'><strong>debet,</strong></span> <span class='ocrx_word' id='word_1_96' title='bbox 1023 1331 1054 1388; x_wconf 89' lang='lat' dir='ltr'><strong>ut</strong></span> <span class='ocrx_word' id='word_1_97' title='bbox 1070 1327 1248 1412; x_wconf 82' lang='lat' dir='ltr'><strong>exemplaria</strong></span> 
     </span>
     <span class='ocr_line' id='line_1_12' title="bbox 101 1424 1250 1512; baseline 0.003 -22"><span class='ocrx_word' id='word_1_98' title='bbox 101 1429 165 1512; x_wconf 89' lang='lat' dir='ltr'><strong>ipsa</strong></span> <span class='ocrx_word' id='word_1_99' title='bbox 183 1446 299 1490; x_wconf 85' lang='lat' dir='ltr'><strong>rursum</strong></span> <span class='ocrx_word' id='word_1_100' title='bbox 323 1427 352 1488; x_wconf 91' lang='lat' dir='ltr'><strong>in</strong></span> <span class='ocrx_word' id='word_1_101' title='bbox 376 1426 526 1490; x_wconf 87' lang='lat' dir='ltr'><strong>ambarum</strong></span> <span class='ocrx_word' id='word_1_102' title='bbox 551 1436 736 1506; x_wconf 85' lang='lat' dir='ltr'><strong>naturarum,</strong></span> <span class='ocrx_word' id='word_1_103' title='bbox 765 1424 833 1488; x_wconf 84' lang='lat' dir='ltr'><strong>honi</strong></span> <span class='ocrx_word' id='word_1_104' title='bbox 856 1426 968 1490; x_wconf 86' lang='lat' dir='ltr'><strong>sedicet</strong></span> <span class='ocrx_word' id='word_1_105' title='bbox 990 1449 1029 1492; x_wconf 90' lang='lat' dir='ltr'><strong>ac·</strong></span> <span class='ocrx_word' id='word_1_106' title='bbox 1043 1428 1127 1509; x_wconf 86' lang='lat' dir='ltr'><strong>maii,</strong></span> <span class='ocrx_word' id='word_1_107' title='bbox 1158 1439 1190 1492; x_wconf 91' lang='lat' dir='ltr'><strong>ut</strong></span> <span class='ocrx_word' id='word_1_108' title='bbox 1208 1430 1250 1493; x_wconf 87' lang='lat' dir='ltr'><strong>ita</strong></span> 
     </span>
     <span class='ocr_line' id='line_1_13' title="bbox 101 1528 1251 1612; baseline 0.002 -19"><span class='ocrx_word' id='word_1_109' title='bbox 101 1530 209 1606; x_wconf 88' lang='lat' dir='ltr'><strong>dicam,</strong></span> <span class='ocrx_word' id='word_1_110' title='bbox 233 1528 384 1592; x_wconf 88' lang='lat' dir='ltr'><strong>identitate</strong></span> <span class='ocrx_word' id='word_1_111' title='bbox 404 1538 603 1612; x_wconf 83' lang='lat' dir='ltr'><strong>permaneant,</strong></span> <span class='ocrx_word' id='word_1_112' title='bbox 628 1547 810 1612; x_wconf 85' lang='lat' dir='ltr'><strong>ccrrseqoens</strong></span> <span class='ocrx_word' id='word_1_113' title='bbox 828 1539 878 1592; x_wconf 84' lang='lat' dir='ltr'><strong>est</strong></span> <span class='ocrx_word' id='word_1_114' title='bbox 893 1539 924 1592; x_wconf 91' lang='lat' dir='ltr'><strong>ut</strong></span> <span class='ocrx_word' id='word_1_115' title='bbox 939 1530 1044 1593; x_wconf 87' lang='lat' dir='ltr'><strong>matum</strong></span> <span class='ocrx_word' id='word_1_116' title='bbox 1063 1551 1165 1595; x_wconf 86' lang='lat' dir='ltr'><strong>rursus</strong></span> <span class='ocrx_word' id='word_1_117' title='bbox 1180 1553 1251 1595; x_wconf 88' lang='lat' dir='ltr'><strong>con-</strong></span> 
     </span>
     <span class='ocr_line' id='line_1_14' title="bbox 101 1630 1249 1718; baseline 0.003 -23"><span class='ocrx_word' id='word_1_118' title='bbox 101 1632 184 1717; x_wconf 79' lang='lat' dir='ltr'><strong>gredi</strong></span> <span class='ocrx_word' id='word_1_119' title='bbox 200 1633 323 1709; x_wconf 86' lang='lat' dir='ltr'><strong>audeat,</strong></span> <span class='ocrx_word' id='word_1_120' title='bbox 348 1641 378 1694; x_wconf 91' lang='lat' dir='ltr'><strong>et</strong></span> <span class='ocrx_word' id='word_1_121' title='bbox 396 1631 504 1696; x_wconf 80' lang='lat' dir='ltr'><strong>interce</strong></span> <span class='ocrx_word' id='word_1_122' title='bbox 524 1630 647 1708; x_wconf 83' lang='lat' dir='ltr'><strong>beilum,</strong></span> <span class='ocrx_word' id='word_1_123' title='bbox 671 1652 706 1694; x_wconf 91' lang='lat' dir='ltr'><strong>ac</strong></span> <span class='ocrx_word' id='word_1_124' title='bbox 722 1631 857 1696; x_wconf 80' lang='lat' dir='ltr'><strong>virtutem</strong></span> <span class='ocrx_word' id='word_1_125' title='bbox 874 1631 959 1695; x_wconf 81' lang='lat' dir='ltr'><strong>aliam</strong></span> <span class='ocrx_word' id='word_1_126' title='bbox 977 1631 1167 1712; x_wconf 85' lang='lat' dir='ltr'><strong>intervertat,</strong></span> <span class='ocrx_word' id='word_1_127' title='bbox 1192 1654 1249 1718; x_wconf 91' lang='lat' dir='ltr'><strong>quo</strong></span> 
     </span>
     <span class='ocr_line' id='line_1_15' title="bbox 102 1729 1250 1820; baseline 0.002 -22"><span class='ocrx_word' id='word_1_128' title='bbox 102 1736 176 1798; x_wconf 87' lang='lat' dir='ltr'><strong>atius</strong></span> <span class='ocrx_word' id='word_1_129' title='bbox 193 1732 315 1798; x_wconf 83' lang='lat' dir='ltr'><strong>subinde</strong></span> <span class='ocrx_word' id='word_1_130' title='bbox 334 1734 457 1797; x_wconf 89' lang='lat' dir='ltr'><strong>mundus</strong></span> <span class='ocrx_word' id='word_1_131' title='bbox 474 1734 593 1796; x_wconf 81' lang='lat' dir='ltr'><strong>existat.</strong></span> <span class='ocrx_word' id='word_1_132' title='bbox 628 1729 755 1816; x_wconf 80' lang='lat' dir='ltr'><strong>Quodsi</strong></span> <span class='ocrx_word' id='word_1_133' title='bbox 771 1733 867 1798; x_wconf 87' lang='lat' dir='ltr'><strong>docum</strong></span> <span class='ocrx_word' id='word_1_134' title='bbox 884 1734 962 1797; x_wconf 91' lang='lat' dir='ltr'><strong>istud</strong></span> <span class='ocrx_word' id='word_1_135' title='bbox 982 1735 1103 1820; x_wconf 84' lang='lat' dir='ltr'><strong>amptius</strong></span> <span class='ocrx_word' id='word_1_136' title='bbox 1124 1757 1181 1800; x_wconf 90' lang='lat' dir='ltr'><strong>nco</strong></span> <span class='ocrx_word' id='word_1_137' title='bbox 1201 1738 1250 1800; x_wconf 86' lang='lat' dir='ltr'><strong>ha-</strong></span> 
     </span>
     <span class='ocr_line' id='line_1_16' title="bbox 101 1835 1251 1922; baseline 0.002 -21"><span class='ocrx_word' id='word_1_138' title='bbox 101 1839 168 1915; x_wconf 87' lang='lat' dir='ltr'><strong>het,</strong></span> <span class='ocrx_word' id='word_1_139' title='bbox 193 1837 250 1900; x_wconf 85' lang='lat' dir='ltr'><strong>iam</strong></span> <span class='ocrx_word' id='word_1_140' title='bbox 265 1835 355 1920; x_wconf 81' lang='lat' dir='ltr'><strong>igitur</strong></span> <span class='ocrx_word' id='word_1_141' title='bbox 368 1835 477 1899; x_wconf 83' lang='lat' dir='ltr'><strong>malitia</strong></span> <span class='ocrx_word' id='word_1_142' title='bbox 494 1836 666 1922; x_wconf 89' lang='lat' dir='ltr'><strong>resipuerit,</strong></span> <span class='ocrx_word' id='word_1_143' title='bbox 692 1847 795 1898; x_wconf 90' lang='lat' dir='ltr'><strong>utnon</strong></span> <span class='ocrx_word' id='word_1_144' title='bbox 815 1836 937 1920; x_wconf 87' lang='lat' dir='ltr'><strong>amptius</strong></span> <span class='ocrx_word' id='word_1_145' title='bbox 955 1857 1019 1900; x_wconf 88' lang='lat' dir='ltr'><strong>cunr</strong></span> <span class='ocrx_word' id='word_1_146' title='bbox 1037 1838 1166 1902; x_wconf 90' lang='lat' dir='ltr'><strong>bonitnte</strong></span> <span class='ocrx_word' id='word_1_147' title='bbox 1181 1859 1251 1903; x_wconf 90' lang='lat' dir='ltr'><strong>eon·</strong></span> 
     </span>
     <span class='ocr_line' id='line_1_17' title="bbox 102 1937 1249 2024; baseline 0.003 -21"><span class='ocrx_word' id='word_1_148' title='bbox 102 1941 245 2019; x_wconf 88' lang='lat' dir='ltr'><strong>dictetur,</strong></span> <span class='ocrx_word' id='word_1_149' title='bbox 270 1938 426 2024; x_wconf 85' lang='lat' dir='ltr'><strong>resipuerit</strong></span> <span class='ocrx_word' id='word_1_150' title='bbox 441 1949 471 2002; x_wconf 92' lang='lat' dir='ltr'><strong>ct</strong></span> <span class='ocrx_word' id='word_1_151' title='bbox 492 1937 584 2002; x_wconf 89' lang='lat' dir='ltr'><strong>malus</strong></span> <span class='ocrx_word' id='word_1_152' title='bbox 600 1939 688 2017; x_wconf 83' lang='lat' dir='ltr'><strong>deus,</strong></span> <span class='ocrx_word' id='word_1_153' title='bbox 720 1939 768 2022; x_wconf 90' lang='lat' dir='ltr'><strong>qni</strong></span> <span class='ocrx_word' id='word_1_154' title='bbox 790 1938 896 2001; x_wconf 86' lang='lat' dir='ltr'><strong>betium</strong></span> <span class='ocrx_word' id='word_1_155' title='bbox 913 1939 1035 2023; x_wconf 85' lang='lat' dir='ltr'><strong>amptius</strong></span> <span class='ocrx_word' id='word_1_156' title='bbox 1054 1941 1162 2006; x_wconf 82' lang='lat' dir='ltr'><strong>troilum</strong></span> <span class='ocrx_word' id='word_1_157' title='bbox 1186 1965 1249 2006; x_wconf 85' lang='lat' dir='ltr'><strong>cunr</strong></span> 
     </span>
     <span class='ocr_line' id='line_1_18' title="bbox 102 2039 1251 2128; baseline 0.003 -22"><span class='ocrx_word' id='word_1_158' title='bbox 102 2043 225 2106; x_wconf 86' lang='lat' dir='ltr'><strong>metiore</strong></span> <span class='ocrx_word' id='word_1_159' title='bbox 248 2041 400 2128; x_wconf 87' lang='lat' dir='ltr'><strong>suscipiat.</strong></span> <span class='ocrx_word' id='word_1_160' title='bbox 447 2039 511 2105; x_wconf 86' lang='lat' dir='ltr'><strong>Hoc</strong></span> <span class='ocrx_word' id='word_1_161' title='bbox 534 2062 606 2105; x_wconf 87' lang='lat' dir='ltr'><strong>vero</strong></span> <span class='ocrx_word' id='word_1_162' title='bbox 631 2041 791 2104; x_wconf 76' lang='lat' dir='ltr'><strong>coristituto</strong></span> <span class='ocrx_word' id='word_1_163' title='bbox 817 2041 921 2104; x_wconf 86' lang='lat' dir='ltr'><strong>matum</strong></span> <span class='ocrx_word' id='word_1_164' title='bbox 945 2063 1012 2106; x_wconf 90' lang='lat' dir='ltr'><strong>esse</strong></span> <span class='ocrx_word' id='word_1_165' title='bbox 1031 2043 1154 2124; x_wconf 88' lang='lat' dir='ltr'><strong>desinit,</strong></span> <span class='ocrx_word' id='word_1_166' title='bbox 1186 2067 1251 2110; x_wconf 91' lang='lat' dir='ltr'><strong>cum</strong></span> 
     </span>
     <span class='ocr_line' id='line_1_19' title="bbox 101 2143 1252 2228; baseline 0.003 -20"><span class='ocrx_word' id='word_1_167' title='bbox 101 2146 138 2208; x_wconf 85' lang='lat' dir='ltr'><strong>ab</strong></span> <span class='ocrx_word' id='word_1_168' title='bbox 156 2144 275 2228; x_wconf 89' lang='lat' dir='ltr'><strong>antiqua</strong></span> <span class='ocrx_word' id='word_1_169' title='bbox 292 2154 414 2208; x_wconf 89' lang='lat' dir='ltr'><strong>naturae</strong></span> <span class='ocrx_word' id='word_1_170' title='bbox 434 2145 576 2228; x_wconf 86' lang='lat' dir='ltr'><strong>pravitate</strong></span> <span class='ocrx_word' id='word_1_171' title='bbox 597 2163 665 2207; x_wconf 87' lang='lat' dir='ltr'><strong>sese</strong></span> <span class='ocrx_word' id='word_1_172' title='bbox 683 2145 718 2207; x_wconf 85' lang='lat' dir='ltr'><strong>ad</strong></span> <span class='ocrx_word' id='word_1_173' title='bbox 737 2143 858 2208; x_wconf 79' lang='lat' dir='ltr'><strong>meliora</strong></span> <span class='ocrx_word' id='word_1_174' title='bbox 875 2144 1050 2208; x_wconf 78' lang='lat' dir='ltr'><strong>traduxerit.</strong></span> <span class='ocrx_word' id='word_1_175' title='bbox 1096 2143 1156 2211; x_wconf 88' lang='lat' dir='ltr'><strong>lam</strong></span> <span class='ocrx_word' id='word_1_176' title='bbox 1180 2167 1252 2212; x_wconf 83' lang='lat' dir='ltr'><strong>vero</strong></span> 
     </span>
     <span class='ocr_line' id='line_1_20' title="bbox 102 2245 1251 2329; baseline 0.002 -17"><span class='ocrx_word' id='word_1_177' title='bbox 102 2249 127 2312; x_wconf 91' lang='lat' dir='ltr'><strong>si</strong></span> <span class='ocrx_word' id='word_1_178' title='bbox 148 2245 293 2312; x_wconf 84' lang='lat' dir='ltr'><strong>mutabitis</strong></span> <span class='ocrx_word' id='word_1_179' title='bbox 310 2257 357 2310; x_wconf 89' lang='lat' dir='ltr'><strong>est</strong></span> <span class='ocrx_word' id='word_1_180' title='bbox 372 2256 476 2310; x_wconf 90' lang='lat' dir='ltr'><strong>natura</strong></span> <span class='ocrx_word' id='word_1_181' title='bbox 493 2246 572 2326; x_wconf 85' lang='lat' dir='ltr'><strong>maii,</strong></span> <span class='ocrx_word' id='word_1_182' title='bbox 597 2267 720 2310; x_wconf 86' lang='lat' dir='ltr'><strong>neccsse</strong></span> <span class='ocrx_word' id='word_1_183' title='bbox 737 2246 824 2310; x_wconf 88' lang='lat' dir='ltr'><strong>estin</strong></span> <span class='ocrx_word' id='word_1_184' title='bbox 841 2247 944 2312; x_wconf 89' lang='lat' dir='ltr'><strong>malum</strong></span> <span class='ocrx_word' id='word_1_185' title='bbox 961 2268 976 2309; x_wconf 88' lang='lat' dir='ltr'><strong>e</strong></span> <span class='ocrx_word' id='word_1_186' title='bbox 993 2246 1069 2310; x_wconf 87' lang='lat' dir='ltr'><strong>bono</strong></span> <span class='ocrx_word' id='word_1_187' title='bbox 1086 2251 1251 2329; x_wconf 84' lang='lat' dir='ltr'><strong>transferri,</strong></span> 
     </span>
     <span class='ocr_line' id='line_1_21' title="bbox 105 2347 1253 2434; baseline 0.003 -20"><span class='ocrx_word' id='word_1_188' title='bbox 105 2361 196 2434; x_wconf 88' lang='lat' dir='ltr'><strong>atque</strong></span> <span class='ocrx_word' id='word_1_189' title='bbox 215 2349 255 2413; x_wconf 86' lang='lat' dir='ltr'><strong>ita</strong></span> <span class='ocrx_word' id='word_1_190' title='bbox 269 2350 342 2412; x_wconf 86' lang='lat' dir='ltr'><strong>mata</strong></span> <span class='ocrx_word' id='word_1_191' title='bbox 358 2349 431 2412; x_wconf 88' lang='lat' dir='ltr'><strong>haec</strong></span> <span class='ocrx_word' id='word_1_192' title='bbox 451 2369 517 2413; x_wconf 90' lang='lat' dir='ltr'><strong>esse</strong></span> <span class='ocrx_word' id='word_1_193' title='bbox 540 2359 642 2412; x_wconf 89' lang='lat' dir='ltr'><strong>natura</strong></span> <span class='ocrx_word' id='word_1_194' title='bbox 659 2348 781 2427; x_wconf 89' lang='lat' dir='ltr'><strong>desiuit,</strong></span> <span class='ocrx_word' id='word_1_195' title='bbox 806 2369 879 2432; x_wconf 87' lang='lat' dir='ltr'><strong>quac</strong></span> <span class='ocrx_word' id='word_1_196' title='bbox 894 2349 970 2412; x_wconf 87' lang='lat' dir='ltr'><strong>ittam</strong></span> <span class='ocrx_word' id='word_1_197' title='bbox 992 2347 1022 2411; x_wconf 86' lang='lat' dir='ltr'><strong>iu</strong></span> <span class='ocrx_word' id='word_1_198' title='bbox 1044 2351 1151 2414; x_wconf 85' lang='lat' dir='ltr'><strong>honum</strong></span> <span class='ocrx_word' id='word_1_199' title='bbox 1175 2365 1253 2416; x_wconf 90' lang='lat' dir='ltr'><strong>com-</strong></span> 
     </span>
     <span class='ocr_line' id='line_1_22' title="bbox 104 2449 1255 2529; baseline 0.001 -13"><span class='ocrx_word' id='word_1_200' title='bbox 104 2452 295 2516; x_wconf 84' lang='lat' dir='ltr'><strong>mutationem</strong></span> <span class='ocrx_word' id='word_1_201' title='bbox 309 2451 413 2514; x_wconf 87' lang='lat' dir='ltr'><strong>sortita</strong></span> <span class='ocrx_word' id='word_1_202' title='bbox 431 2451 480 2516; x_wconf 93' lang='lat' dir='ltr'><strong>sit.</strong></span> <span class='ocrx_word' id='word_1_203' title='bbox 526 2449 629 2516; x_wconf 87' lang='lat' dir='ltr'><strong>Potest</strong></span> <span class='ocrx_word' id='word_1_204' title='bbox 645 2453 721 2515; x_wconf 90' lang='lat' dir='ltr'><strong>euim</strong></span> <span class='ocrx_word' id='word_1_205' title='bbox 740 2451 788 2514; x_wconf 88' lang='lat' dir='ltr'><strong>vel</strong></span> <span class='ocrx_word' id='word_1_206' title='bbox 807 2451 891 2514; x_wconf 87' lang='lat' dir='ltr'><strong>hodie</strong></span> <span class='ocrx_word' id='word_1_207' title='bbox 908 2451 1030 2529; x_wconf 86' lang='lat' dir='ltr'><strong>mutari,</strong></span> <span class='ocrx_word' id='word_1_208' title='bbox 1054 2452 1098 2515; x_wconf 90' lang='lat' dir='ltr'><strong>sic</strong></span> <span class='ocrx_word' id='word_1_209' title='bbox 1113 2464 1144 2517; x_wconf 90' lang='lat' dir='ltr'><strong>ut</strong></span> <span class='ocrx_word' id='word_1_210' title='bbox 1158 2463 1255 2517; x_wconf 72' lang='lat' dir='ltr'><strong>mans·</strong></span> 
     </span>
     <span class='ocr_line' id='line_1_23' title="bbox 103 2549 1254 2641; baseline 0 -22"><span class='ocrx_word' id='word_1_211' title='bbox 103 2565 196 2620; x_wconf 88' lang='lat' dir='ltr'><strong>eunte</strong></span> <span class='ocrx_word' id='word_1_212' title='bbox 218 2551 295 2618; x_wconf 80' lang='lat' dir='ltr'><strong>maid</strong></span> <span class='ocrx_word' id='word_1_213' title='bbox 317 2555 345 2620; x_wconf 88' lang='lat' dir='ltr'><strong>in</strong></span> <span class='ocrx_word' id='word_1_214' title='bbox 371 2553 474 2618; x_wconf 87' lang='lat' dir='ltr'><strong>melius</strong></span> <span class='ocrx_word' id='word_1_215' title='bbox 495 2564 637 2618; x_wconf 86' lang='lat' dir='ltr'><strong>vertatur.</strong></span> <span class='ocrx_word' id='word_1_216' title='bbox 683 2549 760 2636; x_wconf 76' lang='lat' dir='ltr'><strong>Quid</strong></span> <span class='ocrx_word' id='word_1_217' title='bbox 780 2564 875 2617; x_wconf 85' lang='lat' dir='ltr'><strong>autern</strong></span> <span class='ocrx_word' id='word_1_218' title='bbox 895 2551 1028 2638; x_wconf 84' lang='lat' dir='ltr'><strong>prohibet</strong></span> <span class='ocrx_word' id='word_1_219' title='bbox 1045 2554 1112 2638; x_wconf 89' lang='lat' dir='ltr'><strong>quin</strong></span> <span class='ocrx_word' id='word_1_220' title='bbox 1133 2555 1177 2634; x_wconf 90' lang='lat' dir='ltr'><strong>is,</strong></span> <span class='ocrx_word' id='word_1_221' title='bbox 1206 2556 1254 2641; x_wconf 93' lang='lat' dir='ltr'><strong>qui</strong></span> 
     </span>
     <span class='ocr_line' id='line_1_24' title="bbox 101 2655 1255 2742; baseline -0.002 -19"><span class='ocrx_word' id='word_1_222' title='bbox 101 2658 261 2742; x_wconf 78' lang='lat' dir='ltr'><strong>aliquando</strong></span> <span class='ocrx_word' id='word_1_223' title='bbox 277 2658 431 2722; x_wconf 83' lang='lat' dir='ltr'><strong>mutandus</strong></span> <span class='ocrx_word' id='word_1_224' title='bbox 449 2668 511 2736; x_wconf 88' lang='lat' dir='ltr'><strong>est,</strong></span> <span class='ocrx_word' id='word_1_225' title='bbox 535 2677 592 2721; x_wconf 91' lang='lat' dir='ltr'><strong>non</strong></span> <span class='ocrx_word' id='word_1_226' title='bbox 612 2656 659 2719; x_wconf 85' lang='lat' dir='ltr'><strong>ret</strong></span> <span class='ocrx_word' id='word_1_227' title='bbox 673 2656 703 2719; x_wconf 91' lang='lat' dir='ltr'><strong>in</strong></span> <span class='ocrx_word' id='word_1_228' title='bbox 725 2655 890 2741; x_wconf 84' lang='lat' dir='ltr'><strong>praesentia</strong></span> <span class='ocrx_word' id='word_1_229' title='bbox 907 2657 1053 2720; x_wconf 79' lang='lat' dir='ltr'><strong>mutetur?</strong></span> <span class='ocrx_word' id='word_1_230' title='bbox 1095 2657 1141 2720; x_wconf 84' lang='lat' dir='ltr'><strong>Ac</strong></span> <span class='ocrx_word' id='word_1_231' title='bbox 1157 2657 1183 2721; x_wconf 91' lang='lat' dir='ltr'><strong>si</strong></span> <span class='ocrx_word' id='word_1_232' title='bbox 1199 2659 1255 2721; x_wconf 93' lang='lat' dir='ltr'><strong>deo</strong></span> 
     </span>
     <span class='ocr_line' id='line_1_25' title="bbox 102 2759 1255 2844; baseline -0.003 -18"><span class='ocrx_word' id='word_1_233' title='bbox 102 2761 185 2826; x_wconf 86' lang='lat' dir='ltr'><strong>istud</strong></span> <span class='ocrx_word' id='word_1_234' title='bbox 200 2761 382 2824; x_wconf 75' lang='lat' dir='ltr'><strong>machinante</strong></span> <span class='ocrx_word' id='word_1_235' title='bbox 397 2759 488 2822; x_wconf 88' lang='lat' dir='ltr'><strong>matus</strong></span> <span class='ocrx_word' id='word_1_236' title='bbox 505 2759 622 2823; x_wconf 89' lang='lat' dir='ltr'><strong>miuirne</strong></span> <span class='ocrx_word' id='word_1_237' title='bbox 645 2769 855 2838; x_wconf 87' lang='lat' dir='ltr'><strong>commutatur,</strong></span> <span class='ocrx_word' id='word_1_238' title='bbox 880 2770 911 2822; x_wconf 93' lang='lat' dir='ltr'><strong>ut</strong></span> <span class='ocrx_word' id='word_1_239' title='bbox 928 2759 1033 2822; x_wconf 89' lang='lat' dir='ltr'><strong>madum</strong></span> <span class='ocrx_word' id='word_1_240' title='bbox 1050 2759 1171 2844; x_wconf 87' lang='lat' dir='ltr'><strong>amptius</strong></span> <span class='ocrx_word' id='word_1_241' title='bbox 1193 2781 1255 2824; x_wconf 84' lang='lat' dir='ltr'><strong>uro·</strong></span> 
     </span>
     <span class='ocr_line' id='line_1_26' title="bbox 101 2858 1256 2949; baseline -0.003 -19"><span class='ocrx_word' id='word_1_242' title='bbox 101 2865 155 2930; x_wconf 86' lang='lat' dir='ltr'><strong>tiri</strong></span> <span class='ocrx_word' id='word_1_243' title='bbox 175 2874 311 2949; x_wconf 84' lang='lat' dir='ltr'><strong>nequeat,</strong></span> <span class='ocrx_word' id='word_1_244' title='bbox 336 2861 533 2947; x_wconf 90' lang='lat' dir='ltr'><strong>suimetipsius</strong></span> <span class='ocrx_word' id='word_1_245' title='bbox 548 2882 652 2926; x_wconf 88' lang='lat' dir='ltr'><strong>caussa</strong></span> <span class='ocrx_word' id='word_1_246' title='bbox 668 2861 760 2931; x_wconf 79' lang='lat' dir='ltr'><strong>mulus</strong></span> <span class='ocrx_word' id='word_1_247' title='bbox 781 2881 838 2924; x_wconf 90' lang='lat' dir='ltr'><strong>non</strong></span> <span class='ocrx_word' id='word_1_248' title='bbox 855 2858 927 2940; x_wconf 89' lang='lat' dir='ltr'><strong>erit,</strong></span> <span class='ocrx_word' id='word_1_249' title='bbox 951 2863 1003 2925; x_wconf 94' lang='lat' dir='ltr'><strong>sed</strong></span> <span class='ocrx_word' id='word_1_250' title='bbox 1022 2862 1071 2925; x_wconf 85' lang='lat' dir='ltr'><strong>itte</strong></span> <span class='ocrx_word' id='word_1_251' title='bbox 1086 2862 1182 2946; x_wconf 90' lang='lat' dir='ltr'><strong>potius</strong></span> <span class='ocrx_word' id='word_1_252' title='bbox 1204 2862 1256 2927; x_wconf 85' lang='lat' dir='ltr'><strong>bo·</strong></span> 
     </span>
     <span class='ocr_line' id='line_1_27' title="bbox 102 2962 1257 3051; baseline -0.003 -19"><span class='ocrx_word' id='word_1_253' title='bbox 102 2989 163 3032; x_wconf 87' lang='lat' dir='ltr'><strong>nus</strong></span> <span class='ocrx_word' id='word_1_254' title='bbox 182 2967 230 3051; x_wconf 90' lang='lat' dir='ltr'><strong>qoi</strong></span> <span class='ocrx_word' id='word_1_255' title='bbox 250 2987 314 3030; x_wconf 90' lang='lat' dir='ltr'><strong>cum</strong></span> <span class='ocrx_word' id='word_1_256' title='bbox 339 2967 402 3028; x_wconf 85' lang='lat' dir='ltr'><strong>eius</strong></span> <span class='ocrx_word' id='word_1_257' title='bbox 427 2964 565 3028; x_wconf 84' lang='lat' dir='ltr'><strong>maiitiam</strong></span> <span class='ocrx_word' id='word_1_258' title='bbox 587 2963 724 3028; x_wconf 86' lang='lat' dir='ltr'><strong>cohibere</strong></span> <span class='ocrx_word' id='word_1_259' title='bbox 747 2962 839 3050; x_wconf 88' lang='lat' dir='ltr'><strong>possit</strong></span> <span class='ocrx_word' id='word_1_260' title='bbox 860 2964 933 3026; x_wconf 89' lang='lat' dir='ltr'><strong>notit</strong></span> <span class='ocrx_word' id='word_1_261' title='bbox 954 2984 989 3027; x_wconf 89' lang='lat' dir='ltr'><strong>ea</strong></span> <span class='ocrx_word' id='word_1_262' title='bbox 1011 2984 1085 3048; x_wconf 82' lang='lat' dir='ltr'><strong>quaa</strong></span> <span class='ocrx_word' id='word_1_263' title='bbox 1107 2985 1161 3028; x_wconf 88' lang='lat' dir='ltr'><strong>soc</strong></span> <span class='ocrx_word' id='word_1_264' title='bbox 1185 2977 1257 3028; x_wconf 89' lang='lat' dir='ltr'><strong>tem-</strong></span> 
     </span>
     <span class='ocr_line' id='line_1_28' title="bbox 102 3063 1257 3156; baseline -0.002 -22"><span class='ocrx_word' id='word_1_265' title='bbox 102 3069 173 3156; x_wconf 88' lang='lat' dir='ltr'><strong>pori</strong></span> <span class='ocrx_word' id='word_1_266' title='bbox 189 3068 367 3134; x_wconf 85' lang='lat' dir='ltr'><strong>reservnnda</strong></span> <span class='ocrx_word' id='word_1_267' title='bbox 392 3077 460 3130; x_wconf 91' lang='lat' dir='ltr'><strong>suot</strong></span> <span class='ocrx_word' id='word_1_268' title='bbox 482 3079 549 3130; x_wconf 93' lang='lat' dir='ltr'><strong>aute</strong></span> <span class='ocrx_word' id='word_1_269' title='bbox 568 3073 679 3151; x_wconf 79' lang='lat' dir='ltr'><strong>tempus</strong></span> <span class='ocrx_word' id='word_1_270' title='bbox 697 3067 823 3130; x_wconf 87' lang='lat' dir='ltr'><strong>efficere.</strong></span> <span class='ocrx_word' id='word_1_271' title='bbox 869 3063 923 3130; x_wconf 85' lang='lat' dir='ltr'><strong>Sin</strong></span> <span class='ocrx_word' id='word_1_272' title='bbox 948 3067 1062 3150; x_wconf 90' lang='lat' dir='ltr'><strong>penitus</strong></span> <span class='ocrx_word' id='word_1_273' title='bbox 1080 3067 1257 3132; x_wconf 79' lang='lat' dir='ltr'><strong>immutabile</strong></span> 
     </span>
     <span class='ocr_line' id='line_1_29' title="bbox 102 3168 1257 3254; baseline -0.004 -16"><span class='ocrx_word' id='word_1_274' title='bbox 102 3173 217 3238; x_wconf 87' lang='lat' dir='ltr'><strong>malurn</strong></span> <span class='ocrx_word' id='word_1_275' title='bbox 234 3182 295 3249; x_wconf 92' lang='lat' dir='ltr'><strong>est,</strong></span> <span class='ocrx_word' id='word_1_276' title='bbox 321 3170 428 3234; x_wconf 87' lang='lat' dir='ltr'><strong>notium</strong></span> <span class='ocrx_word' id='word_1_277' title='bbox 445 3168 588 3234; x_wconf 83' lang='lat' dir='ltr'><strong>inferendi</strong></span> <span class='ocrx_word' id='word_1_278' title='bbox 604 3169 710 3234; x_wconf 86' lang='lat' dir='ltr'><strong>bellum</strong></span> <span class='ocrx_word' id='word_1_279' title='bbox 729 3168 951 3254; x_wconf 84' lang='lat' dir='ltr'><strong>excipiendique</strong></span> <span class='ocrx_word' id='word_1_280' title='bbox 974 3169 1057 3233; x_wconf 86' lang='lat' dir='ltr'><strong>tinem</strong></span> <span class='ocrx_word' id='word_1_281' title='bbox 1075 3169 1179 3249; x_wconf 82' lang='lat' dir='ltr'><strong>faciet,</strong></span> <span class='ocrx_word' id='word_1_282' title='bbox 1204 3191 1257 3233; x_wconf 90' lang='lat' dir='ltr'><strong>nec</strong></span> 
     </span>
     <span class='ocr_line' id='line_1_30' title="bbox 104 3270 1259 3360; baseline -0.003 -20"><span class='ocrx_word' id='word_1_283' title='bbox 104 3295 236 3360; x_wconf 90' lang='lat' dir='ltr'><strong>uuquam</strong></span> <span class='ocrx_word' id='word_1_284' title='bbox 252 3273 354 3336; x_wconf 85' lang='lat' dir='ltr'><strong>arubae</strong></span> <span class='ocrx_word' id='word_1_285' title='bbox 375 3271 443 3336; x_wconf 85' lang='lat' dir='ltr'><strong>iliae</strong></span> <span class='ocrx_word' id='word_1_286' title='bbox 465 3281 587 3338; x_wconf 89' lang='lat' dir='ltr'><strong>naturae</strong></span> <span class='ocrx_word' id='word_1_287' title='bbox 610 3273 841 3350; x_wconf 75' lang='lat' dir='ltr'><strong>constituentur,</strong></span> <span class='ocrx_word' id='word_1_288' title='bbox 866 3281 979 3335; x_wconf 84' lang='lat' dir='ltr'><strong>comet</strong></span> <span class='ocrx_word' id='word_1_289' title='bbox 1001 3270 1176 3336; x_wconf 81' lang='lat' dir='ltr'><strong>immutabile</strong></span> <span class='ocrx_word' id='word_1_290' title='bbox 1199 3294 1259 3336; x_wconf 84' lang='lat' dir='ltr'><strong>mn·</strong></span> 
     </span>
     <span class='ocr_line' id='line_1_31' title="bbox 102 3374 1258 3460; baseline -0.006 -17"><span class='ocrx_word' id='word_1_291' title='bbox 102 3381 171 3443; x_wconf 87' lang='lat' dir='ltr'><strong>tom</strong></span> <span class='ocrx_word' id='word_1_292' title='bbox 202 3386 387 3460; x_wconf 87' lang='lat' dir='ltr'><strong>perseveret,</strong></span> <span class='ocrx_word' id='word_1_293' title='bbox 419 3385 449 3438; x_wconf 90' lang='lat' dir='ltr'><strong>et</strong></span> <span class='ocrx_word' id='word_1_294' title='bbox 478 3375 644 3440; x_wconf 88' lang='lat' dir='ltr'><strong>cambono</strong></span> <span class='ocrx_word' id='word_1_295' title='bbox 673 3375 871 3452; x_wconf 88' lang='lat' dir='ltr'><strong>condictetur,</strong></span> <span class='ocrx_word' id='word_1_296' title='bbox 902 3395 936 3438; x_wconf 86' lang='lat' dir='ltr'><strong>ec</strong></span> <span class='ocrx_word' id='word_1_297' title='bbox 962 3395 1043 3438; x_wconf 88' lang='lat' dir='ltr'><strong>suam</strong></span> <span class='ocrx_word' id='word_1_298' title='bbox 1070 3375 1097 3438; x_wconf 89' lang='lat' dir='ltr'><strong>ei</strong></span> <span class='ocrx_word' id='word_1_299' title='bbox 1118 3374 1258 3438; x_wconf 86' lang='lat' dir='ltr'><strong>malitiam</strong></span> 
     </span>
     <span class='ocr_line' id='line_1_32' title="bbox 104 3475 1260 3563; baseline -0.008 -16"><span class='ocrx_word' id='word_1_300' title='bbox 104 3489 261 3558; x_wconf 89' lang='lat' dir='ltr'><strong>ostentet,</strong></span> <span class='ocrx_word' id='word_1_301' title='bbox 291 3490 377 3563; x_wconf 90' lang='lat' dir='ltr'><strong>atque</strong></span> <span class='ocrx_word' id='word_1_302' title='bbox 396 3477 540 3543; x_wconf 85' lang='lat' dir='ltr'><strong>adversos</strong></span> <span class='ocrx_word' id='word_1_303' title='bbox 558 3476 716 3540; x_wconf 88' lang='lat' dir='ltr'><strong>bonitatem</strong></span> <span class='ocrx_word' id='word_1_304' title='bbox 737 3477 949 3540; x_wconf 89' lang='lat' dir='ltr'><strong>dimicationem</strong></span> <span class='ocrx_word' id='word_1_305' title='bbox 973 3477 1123 3560; x_wconf 87' lang='lat' dir='ltr'><strong>suscipiat.</strong></span> <span class='ocrx_word' id='word_1_306' title='bbox 1169 3475 1260 3560; x_wconf 83' lang='lat' dir='ltr'><strong>Atqui</strong></span> 
     </span>
     <span class='ocr_line' id='line_1_33' title="bbox 104 3579 1260 3666; baseline -0.008 -17"><span class='ocrx_word' id='word_1_307' title='bbox 104 3585 138 3649; x_wconf 84' lang='lat' dir='ltr'><strong>si</strong></span> <span class='ocrx_word' id='word_1_308' title='bbox 161 3585 192 3649; x_wconf 90' lang='lat' dir='ltr'><strong>id</strong></span> <span class='ocrx_word' id='word_1_309' title='bbox 212 3581 281 3646; x_wconf 86' lang='lat' dir='ltr'><strong>boni</strong></span> <span class='ocrx_word' id='word_1_310' title='bbox 304 3579 460 3666; x_wconf 88' lang='lat' dir='ltr'><strong>cupiditate</strong></span> <span class='ocrx_word' id='word_1_311' title='bbox 476 3580 582 3644; x_wconf 86' lang='lat' dir='ltr'><strong>malum</strong></span> <span class='ocrx_word' id='word_1_312' title='bbox 606 3579 709 3657; x_wconf 83' lang='lat' dir='ltr'><strong>iaciat,</strong></span> <span class='ocrx_word' id='word_1_313' title='bbox 741 3590 773 3643; x_wconf 90' lang='lat' dir='ltr'><strong>ut</strong></span> <span class='ocrx_word' id='word_1_314' title='bbox 796 3579 911 3642; x_wconf 87' lang='lat' dir='ltr'><strong>assidue</strong></span> <span class='ocrx_word' id='word_1_315' title='bbox 935 3579 1085 3662; x_wconf 84' lang='lat' dir='ltr'><strong>insurgat,</strong></span> <span class='ocrx_word' id='word_1_316' title='bbox 1119 3599 1176 3642; x_wconf 94' lang='lat' dir='ltr'><strong>oon</strong></span> <span class='ocrx_word' id='word_1_317' title='bbox 1199 3599 1260 3641; x_wconf 88' lang='lat' dir='ltr'><strong>am·</strong></span> 
     </span>
     <span class='ocr_line' id='line_1_34' title="bbox 59 3679 1261 3774; baseline -0.007 -24"><span class='ocrx_word' id='word_1_318' title='bbox 59 3725 62 3731; x_wconf 30' lang='lat'><em>¹</em></span> <span class='ocrx_word' id='word_1_319' title='bbox 103 3687 190 3774; x_wconf 87' lang='lat' dir='ltr'><strong>plius</strong></span> <span class='ocrx_word' id='word_1_320' title='bbox 213 3683 319 3748; x_wconf 83' lang='lat' dir='ltr'><strong>madum</strong></span> <span class='ocrx_word' id='word_1_321' title='bbox 341 3693 402 3761; x_wconf 89' lang='lat' dir='ltr'><strong>est,</strong></span> <span class='ocrx_word' id='word_1_322' title='bbox 434 3680 704 3766; x_wconf 87' lang='lat' dir='ltr'><strong>quoniamquidem</strong></span> <span class='ocrx_word' id='word_1_323' title='bbox 728 3701 796 3765; x_wconf 88' lang='lat' dir='ltr'><strong>prae</strong></span> <span class='ocrx_word' id='word_1_324' title='bbox 822 3681 884 3744; x_wconf 89' lang='lat' dir='ltr'><strong>eins</strong></span> <span class='ocrx_word' id='word_1_325' title='bbox 909 3681 1053 3745; x_wconf 87' lang='lat' dir='ltr'><strong>desiderio</strong></span> <span class='ocrx_word' id='word_1_326' title='bbox 1075 3679 1182 3744; x_wconf 87' lang='lat' dir='ltr'><strong>bonum</strong></span> <span class='ocrx_word' id='word_1_327' title='bbox 1204 3679 1261 3744; x_wconf 88' lang='lat' dir='ltr'><strong>sibi</strong></span> 
     </span>
     <span class='ocr_line' id='line_1_35' title="bbox 103 3783 1261 3870; baseline -0.008 -17"><span class='ocrx_word' id='word_1_328' title='bbox 103 3798 237 3854; x_wconf 81' lang='lat' dir='ltr'><strong>conatur</strong></span> <span class='ocrx_word' id='word_1_329' title='bbox 253 3805 421 3866; x_wconf 86' lang='lat' dir='ltr'><strong>arcessere,</strong></span> <span class='ocrx_word' id='word_1_330' title='bbox 447 3796 478 3848; x_wconf 89' lang='lat' dir='ltr'><strong>ut</strong></span> <span class='ocrx_word' id='word_1_331' title='bbox 494 3803 548 3870; x_wconf 92' lang='lat' dir='ltr'><strong>per</strong></span> <span class='ocrx_word' id='word_1_332' title='bbox 561 3783 630 3848; x_wconf 86' lang='lat' dir='ltr'><strong>boni</strong></span> <span class='ocrx_word' id='word_1_333' title='bbox 646 3795 776 3848; x_wconf 84' lang='lat' dir='ltr'><strong>naturam</strong></span> <span class='ocrx_word' id='word_1_334' title='bbox 794 3795 822 3847; x_wconf 91' lang='lat' dir='ltr'><strong>et</strong></span> <span class='ocrx_word' id='word_1_335' title='bbox 839 3794 1014 3848; x_wconf 88' lang='lat' dir='ltr'><strong>armaturam</strong></span> <span class='ocrx_word' id='word_1_336' title='bbox 1028 3783 1064 3847; x_wconf 89' lang='lat' dir='ltr'><strong>ad</strong></span> <span class='ocrx_word' id='word_1_337' title='bbox 1081 3801 1148 3846; x_wconf 86' lang='lat' dir='ltr'><strong>sese</strong></span> <span class='ocrx_word' id='word_1_338' title='bbox 1169 3783 1261 3846; x_wconf 87' lang='lat' dir='ltr'><strong>virtu·</strong></span> 
     </span>
     <span class='ocr_line' id='line_1_36' title="bbox 108 3884 1261 3973; baseline -0.007 -17"><span class='ocrx_word' id='word_1_339' title='bbox 108 3905 175 3957; x_wconf 85' lang='lat' dir='ltr'><strong>tem</strong></span> <span class='ocrx_word' id='word_1_340' title='bbox 197 3889 358 3968; x_wconf 79' lang='lat' dir='ltr'><strong>attrahens,</strong></span> <span class='ocrx_word' id='word_1_341' title='bbox 382 3908 512 3973; x_wconf 90' lang='lat' dir='ltr'><strong>peream</strong></span> <span class='ocrx_word' id='word_1_342' title='bbox 530 3887 584 3951; x_wconf 88' lang='lat' dir='ltr'><strong>sibi</strong></span> <span class='ocrx_word' id='word_1_343' title='bbox 602 3887 741 3950; x_wconf 88' lang='lat' dir='ltr'><strong>honorem</strong></span> <span class='ocrx_word' id='word_1_344' title='bbox 762 3905 796 3950; x_wconf 88' lang='lat' dir='ltr'><strong>no</strong></span> <span class='ocrx_word' id='word_1_345' title='bbox 812 3886 996 3972; x_wconf 78' lang='lat' dir='ltr'><strong>splendorem</strong></span> <span class='ocrx_word' id='word_1_346' title='bbox 1015 3884 1156 3970; x_wconf 89' lang='lat' dir='ltr'><strong>acquirat,</strong></span> <span class='ocrx_word' id='word_1_347' title='bbox 1179 3905 1261 3948; x_wconf 87' lang='lat' dir='ltr'><strong>sese·</strong></span> 
     </span>
     <span class='ocr_line' id='line_1_37' title="bbox 107 3986 1259 4081; baseline -0.007 -23"><span class='ocrx_word' id='word_1_348' title='bbox 107 4014 173 4081; x_wconf 91' lang='lat' dir='ltr'><strong>qne</strong></span> <span class='ocrx_word' id='word_1_349' title='bbox 195 3993 346 4056; x_wconf 78' lang='lat' dir='ltr'><strong>confirmet</strong></span> <span class='ocrx_word' id='word_1_350' title='bbox 365 4013 399 4056; x_wconf 89' lang='lat' dir='ltr'><strong>ac</strong></span> <span class='ocrx_word' id='word_1_351' title='bbox 418 3989 600 4055; x_wconf 88' lang='lat' dir='ltr'><strong>corroboret.</strong></span> <span class='ocrx_word' id='word_1_352' title='bbox 645 3987 763 4052; x_wconf 85' lang='lat' dir='ltr'><strong>Etenim</strong></span> <span class='ocrx_word' id='word_1_353' title='bbox 787 3989 917 4072; x_wconf 89' lang='lat' dir='ltr'><strong>quisquis</strong></span> <span class='ocrx_word' id='word_1_354' title='bbox 940 3988 1046 4053; x_wconf 86' lang='lat' dir='ltr'><strong>bonum</strong></span> <span class='ocrx_word' id='word_1_355' title='bbox 1070 3986 1259 4074; x_wconf 88' lang='lat' dir='ltr'><strong>concupiscit,</strong></span> 
     </span>
     <span class='ocr_line' id='line_1_38' title="bbox 106 4089 1260 4180; baseline -0.008 -17"><span class='ocrx_word' id='word_1_356' title='bbox 106 4115 241 4163; x_wconf 84' lang='lat' dir='ltr'><strong>neeesse</strong></span> <span class='ocrx_word' id='word_1_357' title='bbox 260 4105 306 4159; x_wconf 89' lang='lat' dir='ltr'><strong>est</strong></span> <span class='ocrx_word' id='word_1_358' title='bbox 326 4094 445 4180; x_wconf 87' lang='lat' dir='ltr'><strong>perinde</strong></span> <span class='ocrx_word' id='word_1_359' title='bbox 468 4114 507 4157; x_wconf 86' lang='lat' dir='ltr'><strong>ex</strong></span> <span class='ocrx_word' id='word_1_360' title='bbox 528 4093 605 4158; x_wconf 85' lang='lat' dir='ltr'><strong>boun</strong></span> <span class='ocrx_word' id='word_1_361' title='bbox 626 4091 804 4176; x_wconf 83' lang='lat' dir='ltr'><strong>cogitatione</strong></span> <span class='ocrx_word' id='word_1_362' title='bbox 826 4091 901 4154; x_wconf 86' lang='lat' dir='ltr'><strong>hanc</strong></span> <span class='ocrx_word' id='word_1_363' title='bbox 921 4090 963 4154; x_wconf 84' lang='lat' dir='ltr'><strong>itti</strong></span> <span class='ocrx_word' id='word_1_364' title='bbox 984 4101 1109 4154; x_wconf 90' lang='lat' dir='ltr'><strong>mentem</strong></span> <span class='ocrx_word' id='word_1_365' title='bbox 1125 4089 1260 4154; x_wconf 86' lang='lat' dir='ltr'><strong>iniectam</strong></span> 
     </span>
    </p>
   </div>
   <div class='ocr_carea' id='block_1_3' title="bbox 151 4242 1042 4314">
    <p class='ocr_par' dir='ltr' id='par_1_3' title="bbox 151 4242 1042 4314">
     <span class='ocr_line' id='line_1_39' title="bbox 151 4242 1042 4314; baseline -0.009 -10"><span class='ocrx_word' id='word_1_366' title='bbox 151 4253 175 4304; x_wconf 81' lang='lat'><strong>5.</strong></span> <span class='ocrx_word' id='word_1_367' title='bbox 195 4252 301 4302; x_wconf 81' lang='lat' dir='ltr'><strong>Fortosse</strong></span> <span class='ocrx_word' id='word_1_368' title='bbox 317 4242 415 4314; x_wconf 66' lang='grc' dir='ltr'>ἀγαθὸς</span> <span class='ocrx_word' id='word_1_369' title='bbox 432 4245 501 4308; x_wconf 69' lang='grc' dir='ltr'><strong>θεὸς.</strong></span> <span class='ocrx_word' id='word_1_370' title='bbox 742 4243 765 4298; x_wconf 84' lang='lat'><strong>7.</strong></span> <span class='ocrx_word' id='word_1_371' title='bbox 784 4245 850 4295; x_wconf 76' lang='lat' dir='ltr'><strong>murt</strong></span> <span class='ocrx_word' id='word_1_372' title='bbox 865 4246 948 4295; x_wconf 81' lang='lat' dir='ltr'><strong>tutent</strong></span> <span class='ocrx_word' id='word_1_373' title='bbox 964 4247 1042 4299; x_wconf 76' lang='grc' dir='ltr'><strong>δοκεῖ.</strong></span> 
     </span>
    </p>
   </div>
   <div class='ocr_carea' id='block_1_4' title="bbox 107 4312 1263 4674">
    <p class='ocr_par' dir='ltr' id='par_1_4' title="bbox 108 4312 1263 4454">
     <span class='ocr_line' id='line_1_40' title="bbox 108 4312 1263 4454; baseline 0.002 -56"><span class='ocrx_word' id='word_1_374' title='bbox 108 4317 321 4453; x_wconf 44' lang='lat' dir='ltr'><strong>nfiqgfq‘ffl</strong></span> <span class='ocrx_word' id='word_1_375' title='bbox 327 4317 567 4454; x_wconf 39' lang='lat' dir='ltr'><strong>&#39;&#39;pgqfflffl</strong></span> <span class='ocrx_word' id='word_1_376' title='bbox 579 4312 677 4434; x_wconf 46' lang='lat' dir='ltr'><strong>2⁶12?ss</strong></span> <span class='ocrx_word' id='word_1_377' title='bbox 743 4347 778 4430; x_wconf 67' lang='lat' dir='ltr'><strong>s</strong></span> <span class='ocrx_word' id='word_1_378' title='bbox 788 4349 881 4430; x_wconf 66' lang='lat' dir='ltr'><strong>uacans</strong></span> <span class='ocrx_word' id='word_1_379' title='bbox 893 4350 981 4428; x_wconf 74' lang='lat' dir='ltr'><strong>naam</strong></span> <span class='ocrx_word' id='word_1_380' title='bbox 995 4349 1036 4398; x_wconf 76' lang='lat' dir='ltr'><strong>nce</strong></span> <span class='ocrx_word' id='word_1_381' title='bbox 1052 4343 1112 4412; x_wconf 69' lang='lat' dir='ltr'><strong>ptr,</strong></span> <span class='ocrx_word' id='word_1_382' title='bbox 1130 4347 1263 4400; x_wconf 73' lang='lat' dir='ltr'><strong>coemam·</strong></span> 
     </span>
    </p>

    <p class='ocr_par' dir='ltr' id='par_1_5' title="bbox 108 4419 1015 4518">
     <span class='ocr_line' id='line_1_41' title="bbox 108 4419 1015 4518; baseline -0.004 -52"><span class='ocrx_word' id='word_1_383' title='bbox 108 4461 248 4518; x_wconf 55' lang='lat' dir='ltr'><strong>mmm,</strong></span> <span class='ocrx_word' id='word_1_384' title='bbox 263 4479 265 4482; x_wconf 21' lang='grc' dir='ltr'>Ι</span> <span class='ocrx_word' id='word_1_385' title='bbox 273 4453 376 4504; x_wconf 48' lang='grc' dir='ltr'><strong>ΜΝ</strong></span> <span class='ocrx_word' id='word_1_386' title='bbox 395 4422 537 4516; x_wconf 55' lang='lat' dir='ltr'><strong>pomnp,</strong></span> <span class='ocrx_word' id='word_1_387' title='bbox 560 4456 585 4502; x_wconf 60' lang='lat' dir='ltr'><em>m</em></span> <span class='ocrx_word' id='word_1_388' title='bbox 610 4467 636 4502; x_wconf 63' lang='grc' dir='ltr'><strong><em>ω</em></strong></span> <span class='ocrx_word' id='word_1_389' title='bbox 653 4457 679 4502; x_wconf 59' lang='lat' dir='ltr'><strong>u,</strong></span> <span class='ocrx_word' id='word_1_390' title='bbox 711 4430 754 4480; x_wconf 79' lang='lat' dir='ltr'><strong>que</strong></span> <span class='ocrx_word' id='word_1_391' title='bbox 768 4419 883 4470; x_wconf 79' lang='lat' dir='ltr'><strong>eudtcoort</strong></span> <span class='ocrx_word' id='word_1_392' title='bbox 898 4419 1015 4466; x_wconf 80' lang='lat' dir='ltr'><strong>Petaurus.</strong></span> 
     </span>
    </p>

    <p class='ocr_par' dir='ltr' id='par_1_6' title="bbox 107 4516 1219 4674">
     <span class='ocr_line' id='line_1_42' title="bbox 107 4516 1219 4592; baseline -0.001 -20"><span class='ocrx_word' id='word_1_393' title='bbox 107 4532 197 4592; x_wconf 58' lang='lat' dir='ltr'><strong>sym</strong></span> <span class='ocrx_word' id='word_1_394' title='bbox 213 4527 319 4586; x_wconf 74' lang='lat' dir='ltr'><strong>ttpornn.</strong></span> <span class='ocrx_word' id='word_1_395' title='bbox 745 4517 769 4570; x_wconf 79' lang='grc'><strong>9.</strong></span> <span class='ocrx_word' id='word_1_396' title='bbox 787 4517 951 4582; x_wconf 65' lang='lat' dir='ltr'><strong>deponendam</strong></span> <span class='ocrx_word' id='word_1_397' title='bbox 966 4523 999 4570; x_wconf 83' lang='lat' dir='ltr'><strong>eat</strong></span> <span class='ocrx_word' id='word_1_398' title='bbox 1013 4520 1110 4582; x_wconf 74' lang='lat' dir='ltr'><strong>{mosae</strong></span> <span class='ocrx_word' id='word_1_399' title='bbox 1126 4516 1155 4574; x_wconf 81' lang='lat' dir='ltr'><strong>st</strong></span> <span class='ocrx_word' id='word_1_400' title='bbox 1168 4517 1219 4574; x_wconf 75' lang='lat' dir='ltr'><strong>sot</strong></span> 
     </span>
     <span class='ocr_line' id='line_1_43' title="bbox 178 4601 1064 4674; baseline -0.008 -23"><span class='ocrx_word' id='word_1_401' title='bbox 178 4605 267 4662; x_wconf 76' lang='grc' dir='ltr'>ῦιηιιιι</span> <span class='ocrx_word' id='word_1_402' title='bbox 280 4602 415 4648; x_wconf 66' lang='lat' dir='ltr'><strong>monol.</strong></span> <span class='ocrx_word' id='word_1_403' title='bbox 427 4601 455 4646; x_wconf 85' lang='lat' dir='ltr'><strong>ll.</strong></span> <span class='ocrx_word' id='word_1_404' title='bbox 468 4605 489 4648; x_wconf 77' lang='lat'><em>2</em></span> <span class='ocrx_word' id='word_1_405' title='bbox 1023 4607 1064 4674; x_wconf 75' lang='lat'><strong>32</strong></span> 
     </span>
    </p>
   </div>
   <div class='ocr_carea' id='block_1_5' title="bbox 0 0 1591 4930">
    <p class='ocr_par' dir='ltr' id='par_1_7' title="bbox 0 0 1591 4930">
     <span class='ocr_line' id='line_1_44' title="bbox 0 0 1591 4930; baseline 0 0"><span class='ocrx_word' id='word_1_406' title='bbox 0 0 1591 4930; x_wconf 95' lang='lat' dir='ltr'><strong> </strong></span> 
     </span>
    </p>
   </div>
  </div>
 </body>
</html>
