3128 4930
376 277 513 330 sananti
528 277 590 328 ura
604 277 637 328 n.
655 275 736 329 acm.
751 274 770 326 1.
787 273 886 325 nass.
898 273 941 326 m.
1195 259 1235 322 tt

79 397 322 484 quemadmodum
340 398 427 485 panio
445 407 513 462 aute
534 396 680 476 diximus,
704 395 827 460 comita
846 391 1073 478 disputavimnsa
1097 389 1182 456 Draus
1202 392 1239 458 it-

78 502 120 566 ios
143 499 267 565 ioannis
293 501 391 565 audita
416 521 490 565 voce
512 495 662 564 Christum
685 509 823 578 secutos,
847 517 970 580 qnorum
991 516 1068 560 unus
1087 503 1153 558 erat
1175 495 1238 558 An-

79 605 175 668 dreas.
208 604 346 668 Alterum
366 623 467 666 verum
484 623 572 666 uuum
588 623 604 666 e
620 599 768 666 Zebedaei
784 599 886 664 liheris
901 598 1008 678 inisse,
1033 608 1152 684 propter
1166 597 1238 660 artis

80 706 252 772 societatem
272 727 309 769 ac
326 705 560 769 communionem
582 705 745 770 rectissima
768 701 938 767 coniectura
961 701 1101 785 suspicati
1123 721 1236 764 sumus.
1317 729 1321 736 ·

81 807 281 892 Quamobrem
306 808 417 872 relictis
442 807 580 893 deinceps
602 807 753 883 omnibus,
785 805 918 889 adeoque
941 803 1065 886 navigiis
1087 802 1178 888 ipsis,
1203 805 1238 866 ad

81 921 187 974 terram
210 922 340 996 quatuor
355 911 397 974 iiii
421 911 514 974 secuti
537 921 621 992 aorrtg
644 909 721 994 qnod
739 905 842 974 Lucae
862 917 991 972 testatur
1010 905 1143 973 historin.
1189 903 1239 968 Ea

80 1013 183 1098 quibus
202 1013 340 1078 omnihus
358 1013 480 1077 efficitur
494 1013 564 1078 nihii
580 1014 610 1076 in
626 1011 719 1076 saeris
735 1009 900 1095 evangeliis
914 1028 1073 1092 eorumque
1088 1007 1240 1092 scriptori·

79 1115 131 1180 hae
160 1117 339 1202 perplexum
367 1136 434 1180 esse
460 1116 508 1180 vel
537 1117 724 1200 repugnans,
755 1115 807 1178 sed
837 1115 922 1198 plana
948 1123 978 1175 et
1004 1111 1142 1196 expedita
1171 1129 1238 1174 ease

80 1220 194 1297 amnia,
219 1218 426 1304 sitemporum
442 1217 597 1282 intervalia
615 1216 791 1300 distinguas.
839 1215 892 1280 iiia
909 1215 949 1278 ita
967 1213 1076 1300 gestis,
1100 1233 1165 1277 cum
1182 1213 1238 1276 iam

80 1317 187 1384 Petrus
211 1341 249 1384 ae
272 1317 401 1386 loannes
426 1322 575 1405 ceterique
598 1319 714 1406 penitus
741 1319 946 1382 adhaesissent
971 1339 1007 1382 ac
1032 1326 1237 1400 sequerentur,

82 1443 131 1507 per
154 1433 248 1486 totam
273 1421 435 1488 Gaiilaeam
457 1445 492 1487 ac
518 1421 655 1488 iudaeam
681 1423 788 1486 docere
814 1421 922 1505 coepit.
970 1419 1068 1504 Atque
1090 1415 1131 1482 ita
1152 1419 1239 1504 longe

82 1525 199 1609 lateque
219 1525 360 1610 dissipata
381 1525 526 1610 evangeiii
545 1523 761 1610 praedicatione
780 1535 878 1588 cetera
896 1521 1031 1607 prodigia
1046 1521 1184 1606 perfecit:
1208 1531 1392 1602 utnmsim.

83 1627 126 1691 hie
139 1627 295 1692 subductis
309 1629 442 1691 omnibus
456 1649 554 1692 rerum
569 1639 717 1713 gestarum
733 1627 817 1706 urdo,
837 1647 873 1690 ac
885 1625 981 1689 series
995 1624 1174 1688 instituenda
1188 1624 1238 1687 sit.
1317 1681 1320 1689 .

166 1728 488 1814 inprimishaptizutns
505 1741 568 1811 est,
592 1731 616 1794 si
637 1729 850 1816 Aegyptiorum
869 1728 1013 1792 mensium
1029 1726 1173 1790 rationem
1190 1727 1241 1790 ha·
1252 1731 1392 1802 Cavat.

82 1834 172 1914 haas,
200 1833 302 1918 Athyr
318 1829 396 1896 ΧΗ.
422 1855 450 1895 a.
470 1833 500 1896 d.
522 1830 578 1897 Vi.
603 1831 647 1898 dd.
665 1831 829 1910 Novemh.,
862 1831 917 1895 hoe
941 1839 986 1894 est
1010 1825 1082 1892 LX.
1108 1838 1176 1892 ante
1199 1829 1241 1891 ie·

82 1947 158 1999 atum
175 1933 409 2020 Epiphaniornm
425 1936 483 2014 die,
508 1957 563 2020 qna
577 1935 604 1999 is
620 1935 779 2000 secundum
800 1955 918 1998 carnem
935 1943 1020 1997 natus
1038 1941 1095 2011 est,
1120 1931 1147 1994 id
1164 1931 1241 2015 quod

83 2059 121 2102 ex
139 2037 298 2121 evangelio
315 2034 418 2101 Lucae
438 2048 574 2101 constare
600 2048 707 2123 potest.
754 2035 806 2102 Sic
823 2036 901 2101 enim
924 2033 1044 2100 scribite
1066 2039 1144 2098 Erat
1162 2038 1242 2096 tem
1254 2047 1310 2098 tue
1323 2049 1349 2107 a,
1362 2051 1395 2096 aa

83 2145 221 2221 dampiena
236 2161 298 2201 aare
310 2133 542 2221 quoar'nriuorum
556 2143 654 2215 XXX,
670 2143 768 2221 fidus,
788 2152 822 2202 at
830 2141 997 2222 putabatur,
1015 2140 1137 2218 insepti.
1163 2131 1242 2200 Nam

83 2243 295 2307 naecuratam
314 2242 454 2330 temporis
472 2243 615 2307 ratiunern
632 2243 731 2321 ineas,
755 2241 873 2308 nonnisi
887 2237 1002 2306 XXIX
1018 2261 1160 2304 annorum
1178 2249 1245 2304 erat

83 2365 117 2408 ae
134 2343 168 2408 X
184 2345 349 2424 mannum,
374 2347 492 2408 eumad
511 2345 683 2430 baptismum
706 2365 774 2410 sese
796 2343 937 2423 contulit,
962 2354 994 2407 nt
1009 2342 1128 2425 triginta
1151 2363 1244 2406 anuo*

85 2469 169 2526 run,
193 2457 370 2510 nontamen
395 2448 564 2532 plenorum,
590 2449 682 2512 inisse
703 2447 827 2512 dicatur.
874 2443 1002 2529 ideoque
1024 2445 1163 2528 scriptum
1186 2453 1243 2524 est,

85 2555 228 2632 ieeipr'm
243 2553 330 2631 praun'
341 2571 478 2612 munerum
492 2553 588 2614 ΧΧΧ.
631 2547 781 2635 Deinceps
794 2546 855 2614 Xh
873 2545 1042 2612 tentationis
1063 2546 1126 2610 dies
1150 2545 1244 2610 aconti

86 2651 296 2718 snut.'*'1'um
314 2651 509 2717 hebdomades
528 2652 591 2738 plus
611 2653 707 2717 minus
725 2651 817 2730 duae,
842 2671 913 2736 quas
930 2647 1075 2713 Nazareti
1097 2659 1164 2734 post
1181 2659 1245 2714 ten·

87 2755 228 2821 tationem
245 2753 364 2838 exegite
389 2767 460 2833 tum,
482 2756 557 2840 apnd
575 2753 714 2819 ioannem
732 2756 824 2841 prima
839 2755 988 2838 alteraque
1004 2751 1078 2830 dies,
1098 2773 1145 2832 ac,
1166 2761 1246 2837 post·

87 2879 172 2943 quam
187 2879 205 2922 a
221 2855 334 2921 loanue
351 2859 498 2936 discessit,
524 2859 657 2935 totidem,
681 2877 745 2922 eum
760 2858 898 2922 Andreas
914 2857 997 2922 iilum
1011 2875 1067 2921 una
1083 2877 1147 2918 cnm
1163 2853 1246 2920 socio

86 2971 209 3025 secutos
226 2970 291 3038 est,
317 2959 420 3024 deinde
439 2958 542 3024 Simon
560 2957 679 3024 Petrus.
726 2959 832 3024 Altera
848 2981 920 3024 vero
938 2959 1001 3038 die,
1025 2969 1057 3023 ut
1078 2967 1110 3020 et
1130 2977 1185 3020 nos
1202 2955 1246 3018 th

85 3065 185 3128 aimus
202 3074 235 3126 et
250 3061 440 3146 evangelicae
461 3062 640 3128 narrationis
655 3063 729 3128 ordo
746 3062 884 3149 postulat,
906 3059 1056 3147 Phiiippus
1072 3071 1195 3126 vocatus
1210 3079 1245 3122 ac

87 3163 271 3230 Nathanaei.
306 3161 411 3228 Tertio
429 3177 531 3252 postea
546 3165 593 3229 die
608 3166 726 3252 nuptiae
743 3167 836 3229 iactae
853 3175 922 3228 sunt
938 3163 967 3226 in
984 3159 1066 3228 Cana
1081 3159 1244 3239 Galilaeae,
1260 3175 1399 3235 tos-unt.

88 3279 152 3354 post
168 3266 289 3332 biduum
306 3267 388 3346 idad,
413 3267 499 3352 idque
512 3267 635 3353 primum
651 3269 848 3353 prodigiorum
863 3265 991 3330 omnium
1006 3264 1117 3343 extitit,
1134 3283 1171 3327 aa
1182 3274 1245 3328 tum

87 3391 232 3436 annorum
261 3365 360 3434 XXX
389 3389 528 3434 numerus
555 3369 590 3434 ab
621 3371 685 3435 eius
714 3370 802 3434 natali
833 3370 997 3455 completus
1023 3378 1080 3432 est.
1132 3363 1245 3431 Eadem

88 3475 193 3560 quippe
217 3474 285 3552 die,
309 3493 364 3558 qua
383 3473 542 3537 secundum
562 3493 679 3536 carnem
700 3484 785 3536 uatus
801 3473 913 3550 iuerat,
938 3471 1060 3558 primum
1085 3469 1152 3534 iliud
1176 3487 1246 3531 eon-

87 3597 196 3640 versae
221 3575 253 3639 iu
277 3573 377 3640 vinum
401 3597 496 3661 aquae
520 3565 690 3640 miraculum
712 3573 838 3640 edidisse
863 3575 1009 3652 creditur,
1038 3593 1104 3638 cum
1126 3569 1245 3652 triginta

88 3679 143 3742 iam
163 3699 261 3744 annos
280 3679 391 3742 soiidos
409 3677 445 3741 ah
467 3689 532 3742 ortu
556 3699 610 3744 suo
634 3679 793 3742 secundnm
818 3697 935 3742 carnem
959 3677 1143 3757 adventuque
1166 3670 1247 3736 elao-

89 3781 197 3861 aisaeta
221 3781 251 3843 id
268 3778 345 3865 qood
364 3799 451 3865 saepe
468 3779 781 3860 commemoravimus,
806 3791 836 3844 et
850 3789 883 3844 nt
898 3779 934 3842 ad
953 3796 1019 3842 enm
1035 3775 1152 3839 modum
1168 3769 1246 3838 acci·

90 3882 203 3968 piamus
218 3881 412 3964 evangelicae
430 3882 608 3950 narrationis
626 3893 734 3946 exacta
752 3880 847 3947 series
861 3879 1011 3967 postulare
1025 3876 1150 3942 videtur.
1185 3872 1245 3939 dam

90 3998 156 4070 post
176 3985 301 4069 primum
318 3981 574 4050 iiludmiracuinm
592 3985 704 4070 reliqna
722 3984 853 4071 prodigia
868 3983 1044 4062 subsecuta,
1067 3999 1124 4044 neo
1140 3999 1198 4041 uon
1216 3977 1247 4041 et

91 4088 230 4151 eoelestia
253 4086 405 4150 doctrinae
426 4086 621 4171 praedicatio,
645 4097 676 4150 et
696 4085 724 4148 id
742 4105 834 4170 genus
851 4096 951 4150 cetera
969 4103 1044 4169 quae
1065 4080 1100 4145 ad
1117 4080 1247 4166 singula·

91 4209 153 4254 rem
175 4189 205 4253 iu
231 4209 287 4252 nos
311 4187 519 4254 humanitatem
548 4187 751 4272 evangeliique
776 4185 924 4250 mirificam
947 4184 1006 4248 vim
1029 4205 1063 4249 ac
1085 4183 1247 4250 doctrinam

91 4292 299 4377 pmeataudam
315 4311 351 4354 ac
367 4292 622 4358 demonstrandam
640 4289 798 4375 pertinent.
843 4285 930 4371 Quod
947 4307 1012 4351 cum
1024 4307 1048 4351 -a
1063 4309 1110 4352 me
1126 4298 1173 4352 est
1188 4307 1248 4352 nou

126 4445 187 4495 cir.
204 4443 276 4496 xvt.
294 4471 326 4482 -
363 4443 387 4496 1.
405 4447 443 4496 tto
459 4449 559 4497 comest.
592 4447 658 4497 Libet
692 4446 745 4496 tuto
759 4443 816 4508 putat
828 4443 966 4506 {amodum
982 4445 1039 4492 asset
1051 4440 1169 4490 dubitasse
1183 4439 1249 4487 etde·

91 4517 173 4578 uiptt
187 4519 211 4566 et
223 4515 280 4566 adtta'
294 4509 501 4582 ιιιιιηιιπιήρης,
527 4529 573 4579 nuo
585 4527 659 4568 uoce·
691 4513 983 4576 methimannum
998 4511 1061 4562 mian
1076 4509 1137 4558 tttsrt
1151 4507 1249 4557 muna
