3128 4930
339 216 380 286 82
763 227 1092 302 ειαοτιτειειιιυιι.

340 349 504 428 σφαλίζεται
524 341 579 428 τήν
600 341 659 430 πρδ
678 352 731 428 τῆς
754 343 899 431 ίνσάρκου
917 348 1083 431 παρουσίας
1101 348 1310 430 πραγματείαν.
1355 350 1493 428 Πνευμα-

339 447 407 514 τικά
424 445 479 534 γάρ
498 439 537 531 ἦν
554 445 590 514 τά
605 455 725 514 πλεῖστα
742 445 793 514 ύπ’
809 445 904 514 αύταῠ
925 446 1081 535 λεγόμενα,
1102 454 1162 516 τῶν
1179 453 1327 534 σαρκικῶν
1342 444 1403 532 ἤδη
1426 449 1493 512 έπα-

333 551 571 633 ·σφαλισθέντων.
617 548 674 616 Διδ
693 558 896 634 πνευματικῶς
913 549 967 635 τήν
985 547 1134 636 ύφήγησιν
1154 559 1281 617 ποιεῖται
1302 557 1355 634 τῆς
1375 547 1495 616 άνοιθεν

341 651 401 720 άπδ
418 650 530 739 πατρδς
546 650 676 738 άνάρχου
694 656 808 738 δωρεᾶς
823 651 894 738 ἡμῖν
914 651 1062 736 ἐλθούσης
1081 651 1157 718 κατά
1175 651 1313 720 εύδοκίαν
1328 651 1443 736 πατρὸς
1464 655 1495 719 έν

341 762 379 846 τῇ
395 753 465 844 άγίμ
483 755 625 844 παρθένῳ
647 757 678 821 έν
701 754 799 845 μήτρᾳ
817 763 986 846 παρθενικῇ
1008 757 1264 839 οἰκονομηθείσης.
1308 756 1369 820 Καί
1386 758 1420 820 οί
1438 763 1496 821 λοι

340 861 394 924 ποί
411 859 442 924 δὲ
457 856 494 923 τά
509 861 559 924 ίσα
573 856 689 933 τούτοις
706 856 874 940 συμφώνως
891 857 1024 936 εἰπόντες
1041 849 1083 926 σίν
1105 850 1144 942 ἦν
1164 863 1244 944 χρεία
1266 856 1495 942 έπεμελησαντο·

340 957 358 1028 ά
378 961 410 1028 δέ
428 957 573 1043 Ἰωάννης
594 957 691 1026 Ικατιί
714 959 768 1044 τὴν
789 959 950 1046 πρόθεσιν,
972 963 1023 1027 ίνα
1039 958 1099 1027 άπδ
1117 961 1267 1048 τεσσάρων
1286 958 1497 1047 εύαγγελιστῶν

340 1059 394 1146 τήν
409 1070 508 1130 πᾶσαν
527 1060 603 1130 κατά
617 1087 648 1128 τε
664 1060 719 1146 την
733 1062 830 1148 σάρκα
843 1065 894 1129 καί
910 1061 985 1129 κατά
1007 1061 1062 1147 την
1081 1062 1210 1147 θεύτητα
1230 1061 1387 1152 άκρίβειαν
1408 1061 1497 1128 κατά-

339 1186 459 1251 σγωμεν.

212 1585 278 1656 Κεφ.
294 1585 326 1640 τί.
434 1578 654 1642 Τελειωθέντων
671 1575 728 1663 γάρ
743 1582 804 1642 τῶν
821 1574 942 1642 πάντων
955 1583 1014 1642 τῶν
1027 1572 1104 1642 κατά
1119 1573 1153 1641 τά
1168 1572 1332 1660 βάπτισμα,
1354 1577 1407 1640 καί
1421 1575 1496 1642 κατά

340 1677 395 1747 τδν
410 1676 574 1766 πειρασμύν
590 1675 700 1758 αύτοῦ,
723 1676 817 1755 εύθύς
832 1678 1043 1755 έλθόντοςκαὶ
1058 1677 1336 1763 συμπαρειληφάτος
1353 1677 1425 1754 τούς
1441 1705 1495 1761 μα-

339 1780 452 1866 θητάς,
474 1789 561 1849 τοῦτο
577 1789 695 1866 πρῶτον
713 1790 835 1864 σημεῖον
853 1786 995 1864 πεποίηκε
1011 1788 1047 1871 τῇ
1063 1785 1145 1870 τρίτη
1160 1777 1256 1869 ἦμέρρι
1271 1787 1326 1846 τοῦ
1344 1780 1494 1867 κηρύγμα.

338 1911 390 1964 τος
413 1887 445 1951 έν
466 1891 552 1972 Κανά
571 1891 624 1966 τῆς
641 1889 809 1960 Γαλιλαίας·
839 1881 907 1949 ούτε
930 1883 985 1970 γάρ
1009 1881 1068 1970 πρά
1092 1888 1146 1950 τού
1168 1890 1334 1968 πειρασμοῦ
1356 1885 1388 1950 έν
1409 1882 1496 1972 γάμφ

339 1986 448 2071 φάσκει
465 1985 517 2052 τδν
533 1985 663 2072 Χριστόν
675 1982 786 2068 ἡκέυαι.
833 1983 879 2050 Ού
893 1984 949 2072 γάρ
967 1985 1043 2062 ὅλως
1058 2012 1085 2051 τι
1101 1992 1161 2052 τῶν
1173 1990 1358 2068 διοσημείαν
1374 1987 1426 2052 καί
1442 1992 1497 2054 τοῦ

262 2080 264 2088 ’
339 2087 527 2177 κηρύγματος
546 2086 605 2174 πρά
624 2093 676 2154 τοῦ
691 2096 857 2175 πειρασμοῦ
875 2085 894 2154 ά
910 2086 1040 2176 Χρισιδς
1056 2086 1225 2173 εἰργάσατο,
1248 2090 1276 2154 εί
1291 2089 1333 2172 μή
1346 2115 1374 2153 τι
1390 2086 1411 2152 ά
1429 2086 1497 2176 ᾂδε-

339 2219 388 2258 ται
403 2193 470 2278 περί
485 2188 577 2257 αύτοῦ
591 2193 623 2256 έν
641 2193 727 2256 παιδί
744 2193 953 2274 πεποιηκέναι,
977 2188 1017 2266 οἷς
1036 2193 1069 2256 έν
1086 2195 1229 2280 παιγνίρι,
1256 2188 1321 2266 ιάίς
1339 2215 1423 2268 τινεςΙ
1437 2188 1496 2272 φά-

339 2315 453 2386 ρκουσι.
498 2295 561 2358 Καὶ
584 2295 643 2359 ἔδει
667 2301 707 2382 τῷ
732 2293 785 2376 μὲν
806 2291 870 2360 ι’ίντι
892 2295 943 2360 καὶ
964 2290 1128 2376 παιδαρικά
1152 2289 1244 2360 αύτδν
1268 2295 1355 2376 έγειν,
1382 2295 1434 2358 ’ίνα
1454 2291 1497 2375 μη

339 2396 491 2485 πρόφασις
513 2398 633 2482 γένηται
652 2405 717 2472 ταῖς
740 2393 840 2472 άλλαις
862 2398 1004 2482 αἱρέσεσι,
1033 2405 1099 2473 ταῖς
1115 2393 1269 2481 λεγούσαις
1290 2394 1336 2461 ὅτι
1357 2391 1419 2460 άπύ
1441 2401 1497 2460 τοῦ

339 2497 497 2584 Ἰορδάνου
514 2492 590 2583 ἦλθε
607 2496 736 2585 Χριστδς
753 2501 795 2575 είς
809 2496 916 2577 αύτύν,
939 2498 1012 2584 ὅπερ
1030 2495 1143 2580 δστλνὴ
1162 2496 1324 2584 περιστερά.
1368 2495 1427 2562 Διύ
1445 2498 1497 2562 καί

340 2605 372 2668 έν
388 2609 428 2690 τῷ
447 2600 605 2690 δωδεκάτῳ
620 2604 676 2668 ίτει
692 2608 797 2682 σαφῶς
814 2604 963 2668 δείκνυσιν
980 2598 998 2667 o‘
1012 2607 1138 2678 Λουκᾶς
1152 2597 1198 2666 ὅτι
1214 2596 1498 2684 πρυςδιαλεγύμενος

339 2713 401 2780 τοῖς
424 2707 531 2789 ἱερεῦσι
555 2705 606 2769 καί
629 2712 690 2780 τοῖς
708 2705 931 2789 πρεσβυτέροις,
960 2706 1019 2788 ἔφη
1043 2707 1204 2794 τῇΜαρίμ
1227 2700 1289 2781 ὅτι,
1315 2698 1379 2768 Ούκ
1399 2699 1497 2791 ᾔδειτε

339 2804 387 2872 δτι
403 2808 435 2871 έν
449 2814 513 2883 τοῖς
529 2813 584 2871 τοῦ
598 2804 709 2892 πατρός
725 2832 786 2888 μου
803 2809 850 2872 δεῖ
862 2831 897 2889 με
912 2803 1002 2884 είναις
1024 2809 1073 2871 ἵνα
1089 2807 1165 2894 πέση
1184 2800 1202 2870 ύ
1218 2803 1304 2890 λόγος
1319 2811 1379 2869 τῶν
1398 2803 1497 2890 λεγόν-

339 2935 398 2974 των
415 2907 461 2974 δτι
475 2905 535 2974 άπδ
552 2915 605 2977 τοῦ
623 2907 732 2994 χρόνον
745 2915 801 2975 τοῦ
814 2912 1015 2992 βαπτίσματος
1030 2909 1140 2992 κατέβη
1158 2909 1200 2982 είς
1217 2903 1309 2974 αύτδν
1323 2904 1357 2972 τύ
1377 2912 1498 2989 πνεῦμα

337 3007 370 3076 τδ
390 3007 492 3096 ἅγιον,
514 3013 567 3076 καί
584 3018 690 3091 σαφοίς
710 3018 834 3101 γνωσθῇ
860 3010 907 3076 άτι
930 3009 1050 3077 άνωθεν
1069 3008 1253 3093 έπεδήμησεν
1275 3006 1293 3074 ύ
1313 3008 1417 3096 λύγος,
1446 3010 1497 3074 καί

339 3110 499 3197 έσαρκοίθη
525 3109 584 3178 άπιί
603 3118 743 3198 Μαρίας,
765 3117 817 3179 καί
837 3115 868 3178 έν
889 3119 931 3202 τῷ
948 3111 1088 3203 Ἰορδάνη
1113 3118 1261 3196 κατῆλθεν
1281 3107 1326 3178 ἐπ’
1347 3107 1443 3176 αύτδν
1465 3107 1497 3178 τύ

216 3232 267 3276 εει·
281 3221 327 3266 ⁴⁴⁸·
341 3221 470 3297 πνεῦμα·
493 3217 544 3280 ίνα
558 3224 675 3306 σημανῇ
692 3221 736 3293 τίς
758 3218 836 3282 ἐστιν
855 3211 873 3282 ύ
890 3213 1133 3300 μαρτυρούμενος
1149 3211 1209 3280 άπδ
1231 3220 1284 3280 τοῦ
1305 3210 1418 3298 πατρδς
1441 3213 1498 3292 ὅτι,

342 3308 438 3393 Οὗτός
454 3319 533 3384 ἐστιν
547 3314 567 3384 ά
582 3317 649 3395 υίιίς
671 3345 729 3401 μου
746 3316 764 3384 ά
780 3316 946 3404 άγαιιητύς,
969 3315 1063 3384 αὐτοῦ
1081 3313 1218 3398 άκούετε,
1240 3316 1292 3381 καί
1312 3319 1363 3381 ίνα
1377 3315 1499 3401 γένηται

338 3423 425 3486 τοῦτο
446 3415 612 3506 ύπάδειγμυ
631 3429 694 3497 τοῖς
711 3423 864 3504 μέλλουσιν
885 3423 916 3486 έν
931 3418 1012 3510 αύτῷ
1024 3423 1222 3502 φωτίζεσθαι,
1245 3416 1291 3486 ὅτι
1306 3415 1497 3500 καταξιωθή-

338 3545 437 3588 σονται
454 3520 621 3606 πνεύματος
639 3519 726 3608 άγίου
745 3525 777 3588 έν
790 3530 831 3612 τῷ
848 3530 961 3611 λουτρῷ
979 3529 1032 3606 τῆς
1047 3526 1161 3610 δωρεᾶς
1177 3523 1227 3587 καί
1243 3518 1377 3603 ἆφὲῦῑθέ
1400 3517 1497 3607 ἆμαρ·

336 3629 408 3690 τιάν
428 3622 546 3711 χάριτος
564 3632 618 3709 τῆς
638 3622 689 3692 ύπ’
710 3622 803 3691 αύτυῦ
825 3628 975 3707 δοθείσης.

196 3831 320 3902 Κεφ-κε’.
421 3825 487 3912 Ἀφ’
502 3827 573 3897 ὅτου
593 3829 625 3895 δέ
641 3826 678 3894 τά
692 3829 784 3893 τέλεια
800 3825 908 3914 ἤρξατο
927 3837 1024 3894 ποιεῖν
1041 3827 1204 3912 θεοσήμεια
1222 3831 1254 3895 έν
1270 3835 1313 3916 τῷ
1331 3834 1427 3917 καιρῷ
1445 3835 1502 3896 τοῦ

335 3928 536 4018 κηρύγματος,
565 3939 654 3997 τοῦτο
679 3936 798 4015 πρῶτον
819 3940 941 4014 σημεῖον
964 3933 1101 4014 ἐποίησεν
1123 3929 1142 3998 δ
1161 3929 1296 4014 Ἰησοῦς,
1327 3933 1438 4012 φησίν,
1467 3933 1502 3998 ἐν

337 4035 424 4119 Κανρῖ
440 4041 494 4116 τῆς
511 4037 679 4109 Γαλιλαίας·
702 4029 768 4118 ούχί
786 4032 844 4120 πρδ
869 4042 923 4101 τοῦ
943 4037 1161 4117 βαπτίσματος,
1184 4031 1225 4110 οίς
1242 4031 1382 4108 πολλάκις
1403 4035 1500 4118 ἔφην,

336 4128 395 4196 αλλ’
412 4132 460 4198 ὅτε
480 4132 652 4219 άυέκαμψεν
666 4133 725 4202 άπιί
742 4142 795 4202 τοῦ
812 4142 992 4224 πειρασμοῦ,
1015 4143 1050 4228 τῇ
1067 4141 1150 4228 τρίτη
1167 4133 1262 4225 ἡμέρᾳ
1280 4132 1352 4219 μετά
1367 4133 1422 4214 τάς
1438 4137 1500 4206 δύο

336 4233 428 4320 άςπερ
443 4237 562 4318 ἔμειναν
578 4236 647 4325 παρ’
664 4236 745 4327 αύτῷ
761 4241 794 4304 ολ
807 4237 862 4304 δύο
879 4241 1013 4324 μαθηταί
1029 4245 1084 4308 τοῦ
1100 4237 1252 4317 Ἰωάννου,
1270 4240 1301 4304 ολ
1314 4234 1503 4318 ἀκούσαντες

368 4389 393 4444 3.
410 4387 476 4446 κατά
498 4388 546 4456 τήν
569 4392 689 4458 πρόθεσιν
713 4396 842 4446 mundano
866 4401 899 4447 ιιι
932 4397 1010 4450 θεσοι.
1047 4397 1177 4448 συνοικίαι
1198 4397 1282 4446 verm:
1309 4395 1416 4446 Ιοιιιυει
1434 4411 1503 4449 τετυ

333 4459 442 4525 Ριλσνιλς
466 4474 524 4511 nan
546 4465 696 4526 τισαυππε
713 4458 820 4530 καλιήν
837 4462 898 4532 πρί-
932 4465 1007 4516 etiam
1024 4463 1134 4532 priorum
1152 4464 1197 4533 (ιι.
1215 4478 1298 4514 cusam
1314 4461 1424 4529 habaiu.
