3168 4926
305 255 362 334 ,24
746 265 867 317 εκσττι
885 267 1053 320 τειεκιιιιι

321 410 391 468 τρος
415 384 447 449 ἐν
470 381 616 460 ἐκστάσει,
645 379 708 464 ούχί
735 381 776 464 μή
797 391 1039 468 παρακολουθῶν
1062 391 1103 472 τῷ
1125 381 1218 472 λόμφ,
1247 381 1306 450 άλλ’
1323 382 1405 471 δρῶν
1427 392 1481 467 τῆς

321 493 524 570 καθημερινῆς
542 483 723 560 άκολοοθίας
740 488 822 570 ἕτερα
840 485 921 569 παρά
943 496 1005 562 τοῖς
1024 484 1197 570 άνθρτιίποις
1215 485 1358 572 όρῶμενα.
1404 485 1481 551 Είδε

322 587 378 676 γάρ
399 587 514 669 δθόνην
529 589 724 668 καθιεμένην,
747 591 798 652 καὶ
819 587 915 652 πάντα
930 587 967 653 τά
982 589 1147 672 τετράποδα
1166 591 1219 654 καί
1236 588 1340 674 ἑρπετά
1357 592 1481 656 καὶτοῦ

324 691 455 774 ούρανοῦ
477 687 513 754 τά
533 688 649 754 πετεινά
670 693 702 754 ἐν
724 688 808 779 αύτή.
843 689 924 774 Ὅρα
944 693 976 756 δέ
998 690 1043 756 ότι
1068 698 1331 774 2παρακολουθεῖ,
1351 694 1400 758 καί
1421 688 1481 758 ούιι

323 787 361 876 ήν
382 797 413 859 έν
435 790 565 858 ἐκστάσει
580 799 698 876 φρενῶν
712 788 731 856 ό
747 791 831 876 άμιος
851 797 971 876 Πέτρος.
1007 793 1079 858 Ὅτε
1100 793 1155 879 γάρ
1177 793 1319 876 ἤκουσεν,
1339 792 1480 872 Ἀνάστα,

323 905 421 962 θῦσον
436 897 486 960 καί
504 893 597 980 φάγε,
621 892 674 974 ούχ
691 891 731 969 ῶς
751 894 792 976 μή
811 893 863 958 τόν
882 903 954 960 νοῦν
975 897 1139 979 ἐρρωμένος
1156 899 1295 978 ἐπείσθη,
1317 893 1390 960 άλλά
1405 919 1482 978 φησι

323 997 400 1080 πρός
414 997 465 1063 τόν
480 996 596 1079 κύριον,
620 1001 791 1078 Μηδαμῶς,
811 995 907 1079 κύριε·
929 996 1071 1062 ούδίποτε
1085 998 1219 1080 κοινδνή
1237 997 1408 1082 άιιάθαρτον
1424 1001 1481 1074 εἰς·

323 1107 415 1184 ῆλθεν
430 1103 471 1174 εἰς
488 1097 519 1164 τό
538 1097 630 1180 στόμα
645 1125 712 1180 μου.
758 1101 819 1162 Καὶ
838 1102 936 1181 Δαβίδ
951 1097 969 1164 ό
984 1099 1068 1184 ἅγιος
1090 1097 1170 1166 εἰπεν
1185 1100 1247 1179 δτι,
1272 1107 1340 1177 Πᾶς
1358 1099 1481 1186 άνθρω-

322 1229 379 1279 πος
394 1202 536 1282 ψεύστης·
559 1198 577 1266 ό
594 1201 625 1265 δέ
641 1203 749 1286 λέγων,
773 1198 872 1266 Εἶπον
893 1200 966 1286 έγῶ,
990 1205 1051 1290 ἰδίᾳ
1075 1205 1169 1288 έλεγε,
1191 1204 1242 1267 καί
1259 1205 1326 1287 περί
1346 1209 1406 1268 τῶν
1426 1201 1480 1267 άν-

324 1305 473 1390 θρῶπων,
497 1303 557 1382 ότι,
580 1305 672 1388 ἔλεγε,
695 1303 866 1382 ψεύδονται.
900 1302 979 1389 ’Ἆρα
997 1302 1087 1380 αύτδς
1104 1303 1160 1370 ούκ
1176 1305 1334 1388 ἐψεύδετο,
1356 1307 1481 1387 ἐκπλητ·

322 1409 444 1488 τόμενος
470 1407 501 1470 δέ
523 1407 573 1471 καί
597 1405 760 1488 θαυμάζων
784 1405 838 1488 τήν
865 1404 983 1472 8αύτοῦ
1009 1414 1241 1488 φιλανθρωπίαν
1265 1410 1316 1473 καί
1340 1405 1376 1500 κά
1399 1405 1481 1494 αύτῷ

324 1509 405 1592 παρά
428 1517 480 1574 τοῦ
503 1514 609 1591 κυρίου
629 1510 831 1593 κεκηρυγμένα
854 1509 1003 1590 ἐθαύμαζε
1024 1509 1095 1574 καθ’
1117 1508 1298 1594 ὑπερβολήν,
1325 1511 1376 1574 καὶ
1398 1506 1482 1592 δρῶν

324 1613 421 1676 πάντα
439 1610 603 1694 άνθρωπον
619 1611 789 1693 ἐνδεόμενον
804 1619 857 1676 τοῦ
872 1613 970 1686 ίλέους
987 1619 1039 1678 τοῦ
1056 1620 1131 1678 θεοῦ
1148 1612 1229 1702 μόνῳ
1246 1615 1341 1699 κνρίφ
1355 1610 1387 1678 τό
1410 1609 1481 1694 α’λη-

323 1715 424 1780 θεύειν
445 1717 588 1792 ἐπέδωκε,
611 1712 707 1776 πάντα
724 1715 755 1778 δὲ
772 1712 936 1798 δνθρωπον
958 1711 1019 1780 ῦπό
1043 1718 1189 1797 ἐπιτίμιον
1213 1717 1303 1801 ίγνω,
1326 1718 1376 1780 ἵνα
1397 1718 1481 1804 δείξη

322 1817 356 1883 τό
381 1814 524 1901 άληθινόν
547 1821 662 1895 πνεῦμα
679 1814 712 1880 τό
731 1818 762 1880 ἐν
780 1817 949 1900 προφήταις
974 1825 1117 1899 λαλήσαν,
1139 1819 1188 1882 καί
1211 1815 1246 1881 τά
1269 1816 1354 1901 βάθη
1376 1814 1481 1892 αύτοῑς

202 1953 252 1996 ηις,
265 1942 310 1986 ιω.
325 1919 527 1998 άποκαλύψαν
548 1925 601 2000 της
618 1923 671 1982 τοῦ
689 1925 767 1982 θεοῦ
790 1917 924 2001 γνώσεως
943 1922 992 1984 καί
1012 1917 1173 2003 άκριβείας.
1216 1917 1351 2005 Ἐγένετο
1375 1920 1406 1984 δὲ
1428 1920 1482 1984 καί

324 2021 460 2106 Ἀβραάμ
476 2024 508 2086 ἐν
526 2018 671 2098 ἐκστάσει,
694 2017 749 2086 ούκ
771 2023 803 2085 ἐν
820 2020 952 2086 ἐκστάσει
971 2029 1105 2106 φρενῶν,
1127 2019 1198 2086 άλλά
1215 2021 1346 2087 ἐκστάσει
1366 2019 1477 2102 φόβου.
1551 2055 1563 2072 =

324 2123 460 2207 Ἐβλεπε
476 2121 532 2208 γάρ
549 2127 687 2206 κλίβανον
700 2125 749 2187 καί
768 2122 927 2205 λαμπάδας
949 2125 1017 2208 περί.
1037 2122 1091 2206 τήν
1105 2131 1158 2190 τοῦ
1176 2121 1258 2206 ήλίου
1281 2122 1373 2188 δύσιν.
1418 2123 1482 2186 Καί

326 2225 407 2292 άλλοι
428 2235 581 2308 προφῆται
599 2222 727 2309 δρῶντες
743 2224 778 2288 τά
796 2224 930 2309 δράματα
948 2228 979 2290 ἐν
1001 2231 1118 2315 διανοίᾳ
1136 2228 1287 2316 ἐρρωμένη
1304 2229 1414 2310 ἔλεγον·
1437 2221 1482 2302 ῶς

325 2327 500 2412 όΜωῦσής
524 2351 631 2410 φησιν,
653 2326 819 2409 ’Ἑμφοβός
836 2332 893 2410 είμι
916 2331 966 2392 καί
990 2331 1138 2412 έντρομος.
1174 2328 1279 2414 Ἔγνω
1298 2329 1330 2392 δέ
1345 2325 1481 2412 Ἀβραάμ

324 2431 360 2498 τά
377 2430 436 2497 ύπδ
455 2440 508 2497 τοῦ
525 2435 631 2516 κυρίου
647 2429 800 2516 λεγόμενα·
829 2431 987 2496 Γιντόσκωυ
1003 2431 1101 2520 γνώσῃ
1119 2431 1164 2497 δτι
1180 2431 1328 2516 πάροικον
1344 2433 1423 2496 ἐσται
1445 2427 1480 2495 τό

327 2537 444 2620 σπέρμα
470 2558 525 2600 σου
549 2537 581 2600 ἐν
603 2539 640 2622 μή
665 2531 800 2621 α’λλοτρίρι
824 2536 873 2615 ἐτη
894 2532 1072 2618 τετρακόσια.
1118 2537 1177 2598 Καί
1199 2531 1273 2622 δρᾷς
1294 2530 1335 2609 ῶς
1358 2535 1419 2598 ἐστι
1443 2531 1481 2596 τά

326 2637 423 2702 πάντα
440 2639 472 2701 έν
488 2635 613 2724 άληθείμ
637 2639 711 2700 ἰδεῖν
730 2634 812 2722 παρά
829 2645 891 2712 τοῖς
910 2636 1082 2720 προφήταις
1097 2638 1250 2722 εἰρημένα,
1273 2639 1323 2700 καὶ
1341 2637 1373 2701 ἐν
1387 2637 1479 2720 έρρω·

326 2741 399 2829 μένη
418 2743 551 2826 διανοίᾳ,
575 2739 626 2802 καί
644 2740 676 2802 έν
693 2737 827 2822 σῶφρονι
843 2746 984 2827 λογισμῷ,
1006 2739 1058 2802 καί
1074 2736 1129 2804 ούκ
1148 2741 1180 2804 ἐν
1197 2743 1394 2826 παραπληξίμ.
1506 2757 1509 2766 ⁴

192 3271 258 3337 Κεφ,
274 3267 309 3336 η’,
412 3250 455 3311 Εἰ
471 3249 503 3313 δέ
521 3249 571 3314 καί
584 3248 673 3314 πάλιν
689 3247 850 3330 θελήσουσι
865 3251 957 3335 λέγειν
972 3248 1025 3333 οῦχ
1041 3249 1130 3334 ὅμοια
1147 3250 1183 3317 τά
1197 3257 1301 3335 πρῶτα
1317 3256 1480 3336 χαρίσματα

325 3363 389 3430 τοῖς
411 3352 557 3436 ἐσχάτοις,
586 3351 684 3417 πόθεν
708 3359 796 3416 τοῦτο
822 3355 920 3435 έχουσι
944 3357 1051 3431 δείξαις
1081 3351 1190 3437 δμοίως
1214 3352 1268 3440 γάρ
1295 3351 1428 3437 άλλήλοις
1449 3357 1483 3420 οί

327 3455 406 3541 άγιοι
428 3461 578 3540 προφῆται
601 3454 651 3519 καλ
669 3457 700 3518 οί
719 3453 797 3539 άγωι
822 3452 981 3521 άπόστολοι
998 3455 1231 3540 προεφήτευσαν.
1277 3463 1404 3543 Πρῶτον
1425 3457 1481 3538 μέν

328 3552 384 3625 οῦν
401 3556 596 3642 άνερχομίνου
615 3563 667 3621 τοῦ
684 3564 815 3642 σωτῆρος
833 3559 874 3632 εἰς
891 3555 942 3623 τόν
959 3555 1088 3643 ούρανδν
1108 3561 1179 3624 ικαί
1199 3557 1313 3635 ἰδόντες
1330 3555 1401 3634 τοῦς
1422 3558 1481 3625 δύο

326 3659 396 3738 τούς
419 3663 450 3726 ἐν
473 3657 610 3740 ἐσθήσεσι
633 3666 748 3735 λευκαῖς
771 3657 827 3724 οῦκ
851 3661 882 3724 ἐν
906 3665 1093 3750 παραπληξίμ
1118 3657 1242 3742 δρῶσιν,
1272 3659 1342 3726 άλλά
1364 3658 1481 3743 ήκουον

328 3765 477 3851 ἐρρωμένη
492 3768 529 3848 τῇ
548 3764 664 3848 διανοίᾳ
680 3760 737 3839 ότι,
754 3759 878 3844 ’Ἄνδρες
894 3769 1051 3842 Γαλιλαῖοι,
1069 3768 1097 3828 τί
1112 3762 1250 3844 έστήκατε
1266 3766 1309 3840 εἰς
1324 3761 1376 3829 τόν
1388 3761 1481 3849 ούρα-

327 3866 382 3931 νδν
399 3865 585 3943 άτενίζοντεςς
608 3855 697 3938 οῦτος
710 3861 850 3945 δ’ἰησοῦς
865 3860 917 3944 άφ’
931 3861 1016 3946 ύμῶν
1029 3868 1070 3942 εἰς
1084 3864 1137 3931 τόν
1150 3863 1279 3951 ούρανδν
1293 3863 1483 3949 άναληφθελς

329 3967 425 4043 οὕτως
442 3967 594 4044 ἐλεύσεται,
616 3967 668 4032 καί
680 3964 716 4030 τά
732 3968 804 4048 ἕξής.
845 3963 922 4032 Εἰτα
937 3967 969 4033 δέ
984 3970 1036 4032 καλ
1050 3965 1069 4032 ό
1084 3969 1208 4054 Πέτρος,
1231 3965 1272 4044 ῶς
1288 3971 1376 4051 έφην,
1399 3965 1482 4052 δρῶν

328 4070 379 4135 καί
395 4065 514 4135 άκούων
530 4072 579 4135 καί
596 4066 827 4155 άποκρινόμενος
842 4071 894 4134 καὶ
907 4071 1008 4154 λέγων,
1024 4075 1193 4154 Μηδαμῶς,
1210 4069 1304 4156 κύριε,
1323 4068 1482 4138 εῦσταθῶν

203 4253 208 4262 ὗ
328 4164 366 4254 ἦν
385 4179 420 4259 τῇ
438 4174 558 4262 διανοίᾳ.
599 4170 725 4256 Ἀγαβός
747 4170 803 4257 γάρ
828 4171 1026 4257 προφητεύων
1045 4175 1137 4260 ἔλεγε,
1159 4175 1209 4238 καί
1234 4172 1309 4239 κατά
1331 4171 1481 4258 σχήματος

329 4280 506 4356 θαυμαστοῦ
526 4273 723 4358 αἰνιττόμενος
747 4273 847 4357 λαβῶν
872 4273 926 4358 τήν
949 4273 1043 4358 ζώνην
1067 4283 1121 4341 τοῦ
1144 4274 1284 4357 Παύλου,
1312 4277 1363 4342 καί
1385 4275 1481 4362 δήσας

362 4429 387 4479 θ.
412 4433 518 4481 Fortasse
538 4435 696 4493 reponendum
718 4437 751 4483 εει
772 4447 884 4498 παρηκο·
950 4429 976 4482 3.
992 4434 1101 4483 θειαίδο
1118 4432 1178 4486 θεοῦ
1196 4431 1390 4501 φιλανθρωπίαν.

330 4495 423 4553 λαίδτι.
953 4499 1087 4552 cmvlll.
1101 4529 1136 4542 -
1162 4505 1184 4554 1.
1201 4505 1308 4559 θοποιιι
1322 4499 1478 4586 κατιδόντες.
1562 4539 1566 4548 ·
