3186 4928
323 253 385 318 ³42
748 261 871 314 εινσει
889 259 1061 314 umam!

327 385 456 466 Θέλομεν
474 381 528 469 γάρ
551 378 591 463 μή
614 381 688 463 ἔχειν
711 377 782 456 τοῦς
805 381 971 457 έξέλκσντιις
993 376 1072 462 ἡμᾶς
1096 381 1139 454 είς
1158 378 1246 460 πόθη
1266 372 1316 461 (ἦν
1340 378 1394 465 γάρ
1417 376 1479 444 ἀνι·

324 489 415 571 δρωτλ
429 491 591 567 σωθῆναι),
613 481 697 548 καλό
712 483 839 565 θέλομεν
860 489 948 548 τοῦτο
967 479 1004 546 οῦ
1018 485 1162 567 γίγνεται,
1185 477 1245 545 ἀλλ’
1263 480 1282 546 δ
1298 479 1335 548 οῦ
1346 484 1480 564 θέλομεν.

326 596 384 654 Δεῖ
395 586 452 673 γδρ
469 585 548 670 η’μῦς
564 583 792 667 δοκιμάζεσθαι,
815 581 856 660 οῦς
878 587 962 666 έφην.
1007 582 1065 667 Μή
1080 585 1241 667 ένδιδῦμεν
1255 578 1325 664 οῦν,
1348 578 1372 650 ό
1388 584 1482 668 φυγὴ,

327 689 369 773 μή
392 693 553 771 ένδιδῦμεν
569 715 610 753 τιν
629 691 764 776 πονηρῷ,
787 684 859 751 ἀλλά
873 684 1069 770 ἀναλαβόντες
1086 683 1140 768 τήν
1153 692 1316 753 πανοπλίαν
1331 694 1383 754 τοῦ
1406 695 1484 752 θεοῦ

325 789 583 878 ῦπερασπίζουσαν
600 792 651 856 καλ
666 791 942 875 προαγωνιζομένην
963 786 1048 871 ἤμοῦν
1071 791 1266 871 ίνδοσιιμεθα
1284 787 1337 856 τόν
1353 789 1484 874 θοίρακα

326 903 379 978 τῆς
396 891 601 976 δικαιοσύνης,
622 895 675 958 καλ
690 889 915 974 ἀποδυσώμεθα
932 889 1003 968 τοῦς
1025 890 1122 966 πόδας
1143 893 1175 956 έν
1191 895 1341 982 έτοιμασίιγ
1360 897 1414 958 τοῦ
1437 889 1483 956 εῦ·

319 1001 461 1083 Ιαγγελίου
482 1003 535 1080 τῆς
551 998 684 1082 εἰρήνης,
707 997 740 1060 ίν
761 1001 853 1060 πᾶσιν
870 991 1066 1077 ἀναλαβόντες
1080 992 1133 1062 τόν
1148 994 1261 1080 θυρεόν
1279 1003 1332 1079 τῆς
1348 999 1485 1072 πίστεως,

203 1127 254 1174 pag.
268 1115 314 1160 σοι.
329 1101 361 1166 ἐν
379 1091 404 1187 ιβ
422 1097 615 1181 δυνησόμεθα
629 1096 727 1162 πάντα
743 1095 780 1162 τά
796 1098 866 1180 βέλη
882 1103 938 1163 τοῦ
952 1103 1086 1183 πονηροῦ
1104 1094 1140 1160 τό
1155 1099 1352 1184 πεπυρωμένα
1368 1099 1486 1180 σβέσαι·

326 1204 378 1267 καλ
395 1199 450 1285 την
464 1205 697 1287 περικεφαλαίαν
711 1207 765 1266 τοῦ
779 1203 925 1286 σωτηρίου
946 1207 959 1245 ¹
971 1201 1111 1278 δέξασθε,
1134 1202 1186 1266 καλ
1200 1199 1255 1283 τὴν
1271 1199 1418 1286 μάχαιραν
1432 1207 1487 1266 τοῦ

327 1302 511 1387 πνεύματος,
540 1301 558 1368 ό
582 1305 641 1368 ίστι
665 1305 746 1387 βῆμα
766 1309 859 1380 θεοῦ,
886 1299 963 1388 πρός
978 1300 1011 1368 τό
1032 1301 1183 1367 δόνασθαι
1207 1309 1310 1386 στῆναι
1334 1301 1412 1388 πρός
1434 1300 1488 1386 την

329 1409 490 1490 μεθοδείαν
505 1413 559 1471 τοῦ
573 1404 727 1488 διαβόλου,
749 1403 908 1490 λογισμοῦς
920 1430 950 1469 τε
963 1414 1121 1489 καθαιρεῖν
1135 1406 1187 1470 καλ
1200 1413 1261 1470 πᾶν
1275 1403 1389 1488 ῦψωμα
1404 1407 1488 1471 έπαι-

328 1509 456 1595 ρόμενον
470 1506 546 1573 κατά
562 1513 615 1590 τῆς
630 1507 765 1593 γνοίσειος
779 1513 833 1573 τοῦ
849 1514 944 1587 θεοῦ,
967 1505 1012 1572 ότι
1028 1505 1069 1590 μὴ
1085 1509 1163 1573 ἔστιν
1183 1504 1255 1590 ἡμῖν
1272 1505 1294 1590 ἡ
1309 1507 1388 1590 πάλη
1410 1507 1490 1594 πρός

328 1609 403 1694 αίμα
425 1613 476 1676 καλ
499 1608 604 1696 σάριια.
653 1608 768 1676 Τοῦτον
790 1610 822 1674 δέ
843 1611 927 1676 ἕνεκα
948 1617 1040 1674 ταῦτα
1058 1611 1147 1695 λέγω,
1170 1607 1215 1676 ῦτι
1234 1602 1324 1686 οὗτος
1341 1608 1359 1676 ό
1376 1610 1490 1696 τρόπος

329 1720 384 1780 τοῦ
403 1711 570 1781 ἀποστόλου
585 1720 647 1779 τοῖν
663 1710 883 1798 συνταγμάτων.
928 1710 1028 1778 Πολλοί
1044 1713 1097 1794 μέν
1112 1711 1168 1799 γάρ
1189 1715 1248 1778 ἔστι
1268 1715 1319 1778 καὶ
1338 1715 1406 1797 περὶ
1420 1711 1490 1778 έκά-

329 1837 400 1882 στου
417 1823 477 1882 νοῦν
497 1819 529 1882 έν
546 1823 583 1905 τῇ
600 1817 737 1904 ἐπιστολῇ
761 1813 853 1905 ταύτῃ
872 1816 1033 1901 είρημίνοον
1052 1813 1221 1894 ἀποδεῖξαι,
1251 1812 1292 1892 οῦς
1314 1809 1491 1900 σ’ρθοδόξως

330 1920 383 1984 καὶ
401 1920 607 2002 μεμελημένως
621 1921 693 2000 έχει,
715 1915 787 1982 ἀλλά
803 1915 920 2002 μακρόν
935 1915 974 1982 ἀν
989 1921 1035 2000 είή
1050 1919 1174 1984 ἕκαστον
1190 1915 1288 1983 αῦτοῦν
1304 1917 1401 1994 οῦτως
1417 1922 1491 1984 διελ-

329 2029 407 2086 θεῖν.
450 2020 490 2086 Τό
506 2019 562 2106 γάρ
578 2019 674 2086 τόπον
689 2017 783 2086 αότοῦ
799 2023 892 2097 δεῖξαι
911 2017 1004 2101 μόνον
1022 2022 1073 2086 καί
1088 2019 1144 2102 τίλν
1157 2019 1299 2104 βούλησιν
1315 2019 1492 2110 προῄρημαι

329 2129 393 2188 νῦν.
430 2115 476 2187 Όῦ
489 2122 545 2210 γάρ
561 2121 580 2188 δ
595 2123 686 2202 θέλω,
708 2129 796 2188 τοῦτο
813 2121 946 2209 πρόσσω,
970 2118 1029 2188 ἀλλ’
1045 2121 1063 2188 δ
1079 2129 1166 2205 μισιῦ,
1186 2131 1273 2188 τοῦτο
1288 2129 1376 2188 ποιοῦ.
1406 2122 1490 2205 Σύμ-

331 2251 408 2308 φημι
431 2231 472 2312 τῷ
493 2224 574 2313 νόμω
590 2231 645 2290 τοῦ
662 2231 739 2290 θεοῦ
757 2223 801 2291 δἐι
823 2224 927 2301 καλός·
950 2227 1018 2290 νυνὶ
1034 2226 1067 2290 δέ
1087 2222 1185 2290 οόκέτι
1204 2226 1261 2311 έγιδ
1276 2223 1491 2311 κατεργάζομαι
1576 2259 1577 2280 1

331 2325 420 2406 αῦτό,
445 2324 503 2392 ἀλλ’
518 2325 538 2411 ἡ
552 2330 677 2393 οἰκοῦσα
692 2331 723 2393 ἓν
738 2330 803 2410 έμολ
819 2325 960 2411 ἁμαρτία·
980 2323 1052 2393 οίδα
1064 2325 1118 2414 γάρ
1136 2325 1182 2394 ότι
1201 2325 1256 2394 οῦκ
1271 2331 1349 2394 οίκεῖ
1363 2331 1395 2393 έν
1412 2331 1491 2410 ίμολ,

331 2432 481 2497 τουτέστιν
498 2431 531 2495 έν
550 2438 587 2520 τῇ
606 2435 692 2516 σαρκί
713 2457 787 2514 μου,
810 2428 843 2496 τό
866 2426 994 2515 ἀγαθόν.
1037 2427 1155 2515 Ὀρθῦς
1175 2432 1275 2516 λέγων.
1319 2433 1492 2514 Μέμνησθε

332 2531 389 2619 γάρ
412 2535 443 2599 ἐν
464 2543 527 2609 τοῖς
547 2535 719 2619 ἔμπροσθεν
741 2530 782 2608 τός
799 2529 994 2618 ’όριζόμεθα
1040 2536 1083 2597 El
1102 2536 1154 2598 καί
1178 2536 1315 2600 σπεόδων
1337 2532 1395 2619 έγολ
1417 2531 1491 2616 ταηῦ

332 2634 431 2702 πάντα
454 2640 614 2714 διεξελθεῖν
640 2643 748 2719 μᾶλλον
766 2634 921 2721 βραδύνω,
951 2637 1135 2721 μακροτέρας
1158 2661 1217 2718 μου
1240 2644 1300 2701 τῶν
1321 2635 1419 2722 λόγων
1440 2645 1493 2718 τῆς

333 2738 476 2824 περιόδου
492 2732 530 2821 ἦς
546 2736 750 2823 προςεδόκησα
766 2740 969 2824 γεγενημένης·
992 2737 1031 2820 ἣν
1051 2740 1263 2822 προθυμητέον
1284 2737 1323 2822 δὴ
1345 2739 1491 2805 διανῦσαι.

325 2839 437 2918 Ἀλλιος
459 2838 516 2927 γάρ
538 2849 593 2906 τοῦ
614 2844 811 2926 προκειμένου
833 2839 944 2908 οῦποτε
965 2839 1074 2923 ἥξομεν
1095 2843 1145 2906 έπλ
1166 2842 1254 2917 τέλος.

204 3059 270 3130 Κεφ.
286 3061 316 3125 ξ’.
423 3043 542 3112 Οῦκοῦν
559 3047 693 3132 έλέγομεν
714 3041 768 3126 ἀφ’
783 3038 820 3111 οῦ
836 3044 889 3112 τόν
905 3042 1088 3131 ῦνθρωπσν,
1115 3049 1166 3111 1εί
1187 3045 1382 3129 μνημονεύετε
1388 3097 1397 3126 ,
1419 3055 1491 3112 πλα·
1573 3127 1574 3130 ¹

331 3149 462 3233 νηθέντα
475 3147 529 3232 τὴν
546 3146 666 3232 ἐντολὴν
684 3145 831 3233 ἀθετῆσαι
848 3149 971 3233 συνέβη,
994 3151 1133 3214 ἐντεῦθεν
1151 3151 1184 3214 έιι
1199 3157 1253 3232 τῆς
1268 3157 1428 3234 παρακοῆς
1441 3149 1493 3232 τόν
1573 3133 1574 3150 ¹

335 3247 480 3336 ἀμαρτίαν
493 3255 643 3334 λαβοῦσαν
657 3253 768 3336 γένεσιν
783 3254 825 3326 είς
840 3248 931 3316 αὐτόν
947 3253 1145 3339 είςφκηκέναι.
1180 3249 1287 3328 Οῦεως
1301 3248 1358 3337 γάρ
1374 3260 1494 3338 πρῶτον

333 3351 435 3431 στάσις
453 3357 584 3434 ένέπεσε,
608 3358 830 3435 θοφαδαϊσμοῦν
846 3377 878 3418 τε
899 3355 951 3418 καί
972 3359 1120 3439 λογισμῶν
1140 3349 1296 3421 ἀνοικείων
1316 3354 1492 3440 έπληροίθη-
1572 3379 1573 3384 ’

334 3483 398 3540 μεν,
420 3458 601 3533 κενωθέντες
616 3458 669 3540 μὲν
684 3464 738 3523 τοῦ
754 3455 967 3539 έμφυσήματος
979 3463 1034 3522 τοῦ
1048 3464 1135 3536 θεοῦ,
1158 3459 1365 3542 πληρωθέντες
1380 3459 1414 3523 δέ
1431 3461 1490 3524 hu·

336 3565 450 3643 θυμίας
464 3557 581 3645 ῦλικῆς,
604 3559 642 3643 ἣν
659 3555 678 3626 ό
698 3558 909 3635 ’πολύπλοκος
925 3559 1099 3625 ἐνέπνευσεν
1116 3562 1158 3635 είς
1174 3558 1255 3643 ἡμᾶς
1273 3558 1360 3641 ὄφις,
1383 3563 1491 3643 βραχυ·

334 3660 530 3748 πορησάντων
544 3659 632 3744 ἡμῶν
645 3669 699 3745 τῆς
711 3666 906 3748 παραγγελίας
919 3669 974 3729 τοῦ
988 3668 1066 3728 θεοῦ
1081 3660 1134 3726 τόν
1149 3662 1267 3728 κόκλον.
1302 3660 1361 3728 Διδ
1376 3661 1493 3727 παλτόν

333 3764 468 3831 θάνατον
484 3763 502 3830 ό
516 3763 590 3841 θεός
604 3763 680 3850 πρός
693 3763 843 3848 ἀναίρεσιν
857 3771 910 3846 τῆς
927 3762 1072 3850 ἁμαρτίας
1087 3763 1162 3849 ῦπέρ
1178 3760 1264 3847 ἡμῶν
1280 3763 1425 3850 4εῦρατσ,
1443 3769 1492 3830 ἵνα

334 3865 375 3951 μή
400 3870 431 3933 ἐν
450 3865 615 3942 α’θανιίτοις
637 3864 709 3950 ἡμῖν
731 3865 918 3948 ἀνατείλαοα,
942 3866 983 3944 ιδς
1001 3871 1093 3950 έφην,
1116 3863 1271 3944 ἀθάνατος
1292 3860 1320 3956 ᾖ.
1355 3865 1456 3933 Ὅθεν
1475 3863 1492 3931 ό
1570 3945 1571 3954 ¹

335 3967 513 4049 ἀπόστολος,
547 3967 624 4035 Οίδα
644 3967 702 4055 γάρ
722 3967 768 4035 ότι
792 3967 848 4036 οόιι
872 3973 950 4036 οίιιεῖ
969 3973 1001 4035 ἐν
1019 3973 1101 4054 ίμολ,
1122 3971 1272 4036 τουτέστιν
1293 3971 1325 4036 έν
1347 3978 1386 4060 τῇ
1407 3973 1492 4054 σαρκί

337 4097 413 4154 μου,
436 4071 470 4138 τό
486 4069 618 4158 ἀγαθόν,
640 4074 732 4158 λέγων
747 4071 802 4156 την
823 4070 884 4138 ἀπό
905 4079 959 4156 τῆς
981 4070 1178 4158 παραβάσεως
1193 4071 1242 4138 διά
1260 4079 1313 4155 τῆς
1329 4075 1491 4156 έπιθτιμίας

337 4176 563 4250 είςοικισθεῖοαν
579 4178 621 4252 είς
641 4173 719 4260 ἡμᾶς
736 4173 882 4262 ἀμαρτίαν
896 4173 1033 4260 βσῦλεται
1051 4174 1174 4260 μηνῦειν
1189 4174 1262 4259 ἤδη,
1284 4167 1321 4258 ἦς
1340 4173 1379 4258 διδ
1396 4173 1490 4242 παθό-
1569 4221 1570 4224 =

372 4363 566 4416 cn.L1X.-
602 4369 623 4419 1.
644 4370 718 4431 λἰιλςο
732 4363 862 4429 δέξασθαι.
930 4369 1312 4419 δωυιιλθοπιαήαιαλθιλουλιιε
1332 4365 1489 4434 λἰιλςδίμνη

404 4433 428 4484 2.
446 4432 616 4501 διωριζόμεθα
632 4439 735 4487 Ρλοιλιιι.
932 4432 1056 4502 μοιεῦιτε.
1197 4489 1201 4496 Δ

373 4501 496 4554 cmx.
513 4529 548 4542 -
571 4505 593 4555 1.
611 4502 634 4557 ελ
643 4501 812 4570 μνημονεύετε
819 4517 895 4556 επιπ-
965 4505 989 4554 2.
1008 4504 1168 4574 σφαδασμῦν
1185 4505 1289 4556 photina
