3168 4942
357 233 493 285 rnuauu
510 233 573 285 uta.
587 233 620 284 n.
638 233 719 284 nou.
736 233 767 282 ιι.
784 231 883 284 unas.
896 231 990 282 uxvr.
1195 219 1256 282 703

90 361 189 416 stram
200 351 364 438 spectabat,
387 353 445 416 rite
461 353 631 439 perliceret,
657 363 687 416 et
702 351 898 438 corruptelam
915 351 1116 434 extingueret,
1141 361 1171 414 et
1185 369 1258 413 exe·

90 455 258 520 orationem
280 476 336 518 uua
355 475 420 520 oum
441 461 549 537 serapte
568 460 705 518 udvmsos
721 477 774 518 nos
789 457 981 535 chirographo
996 456 1117 527 deleret,
1150 462 1180 517 et
1203 451 1257 515 ini·
1273 465 1324 511 cot.
1337 465 1365 524 s,
1380 465 1411 510 tt.

95 567 160 620 tum
182 559 286 622 foetus
300 581 365 623 cnm
383 559 487 622 inieris
506 558 699 638 dissolveret,
732 559 887 640 omniaque
905 559 941 619 ad
961 554 1107 618 bominum
1131 556 1257 620 salutern

91 657 203 722 idonee
221 661 498 745 accommodateque
516 661 708 744 gubernaret.
754 657 872 722 Etenim
892 658 1067 742 simulatque
1083 656 1176 738 dixit,
1201 663 1259 720 Dn-

89 767 188 824 mr'nus
202 769 344 844 regarent,
364 768 490 826 decorem
505 767 621 826 rirdutm
635 773 693 838 est,
719 761 842 826 subinde
862 761 930 825 illud
948 760 1065 840 adiicit,
1089 765 1188 823 Induit
1208 767 1257 823 do-

89 869 188 926 manaa
201 868 420 948 fortitudipem,
453 878 484 928 et
498 870 665 948 proecrirm't
684 887 724 927 se.
774 861 831 929 Ubi
850 864 973 950 primurn
993 863 1194 928 indumentum
1218 885 1258 928 ex

88 963 194 1032 Maria
210 979 375 1052 sumptum,
400 968 567 1055 posterius,
599 968 647 1032 ubi
665 989 682 1030 a
700 967 823 1031 mortuis
845 967 994 1030 excitatus
1012 976 1078 1044 est,
1107 967 1258 1052 accepisse

91 1069 290 1134 demonstrat.
337 1069 394 1134 Est
419 1071 496 1134 enim
524 1071 670 1156 scripturn
698 1081 791 1148 teste,
823 1073 1032 1150 Pr=bnogeaitos
1058 1093 1097 1131 ex
1124 1074 1253 1132 mortno.
1267 1073 1411 1186 3⁰2qust

89 1168 259 1258 Propterea
281 1173 441 1238 secuudum
465 1173 542 1236 bunc
565 1171 703 1238 vestitum
729 1171 895 1236 accuratius
911 1171 1079 1257 firmiusque
1098 1172 1258 1236 communit
1378 1159 1386 1182 ’

90 1272 142 1337 his
168 1274 282 1339 verbis:
315 1281 414 1339 lndm't
433 1280 562 1338 domabas
584 1281 731 1350 verbalem,
756 1287 786 1336 et
801 1278 967 1356 proceriori!
986 1297 1027 1336 se.

183 1374 435 1460 Quemadmodum
451 1378 529 1442 euim
545 1378 595 1462 qui
614 1378 728 1442 lumbos
744 1397 815 1441 suos
832 1376 1011 1463 praecingit,
1037 1387 1149 1440 vestem
1172 1378 1207 1442 ad
1224 1377 1258 1442 il·
1302 1379 1362 1446 ⁰⁰1³·

90 1481 155 1545 lam
170 1481 303 1567 eorporis
318 1491 429 1566 partem
446 1481 615 1565 diligentius
633 1481 801 1565 adstringit,
826 1491 858 1543 ut
873 1481 908 1544 ad
928 1501 1035 1566 corpus
1050 1503 1134 1544 suum
1148 1481 1259 1545 arctius
1278 1447 1370 1501 Lm

90 1584 299 1648 adhaerescat.
346 1579 390 1647 lta
408 1581 546 1647 Cbristus
563 1583 688 1668 primum
710 1584 848 1647 decorem
866 1581 999 1647 induisse
1022 1594 1142 1669 propter
1161 1583 1258 1648 iucar-

91 1686 246 1751 natiuuem
270 1684 394 1766 dicitur,
427 1695 528 1771 postea
557 1705 630 1750 vero
657 1685 813 1765 virtutem,
846 1707 912 1750 cum
936 1685 1111 1750 videlieeta
1135 1687 1258 1750 mortuis

90 1789 247 1868 surrexitq
279 1789 320 1852 ita
344 1797 375 1852 ut
403 1810 460 1851 uon
484 1788 542 1852 iam
563 1789 598 1852 ad
616 1789 764 1854 cruciatus
783 1789 937 1868 terendos,
972 1798 1022 1852 aut
1044 1786 1187 1869 verbera,
1211 1789 1259 1854 vel

89 1892 192 1956 crucis
218 1888 390 1976 supplicium
411 1891 537 1956 bumana
555 1891 604 1954 illa
624 1903 728 1956 natura
749 1891 925 1968 descendat,
957 1901 989 1954 ut
1011 1891 1047 1954 de
1072 1911 1107 1954 eo
1134 1901 1259 1956 testatur

91 1995 264 2080 apostolusa
296 1997 452 2070 Smreaeit3
476 1999 531 2056 abm
546 2017 602 2056 non
618 1999 755 2070 moratur,
788 2017 864 2057 mors
885 1997 934 2056 illi
952 1997 1030 2056 ultro
1052 2017 1107 2056 non
1129 1999 1255 2058 domabat·
1269 2017 1398 2074 nomes

91 2099 184 2160 betam·
232 2093 280 2160 (lb
298 2095 346 2176 id,
370 2097 479 2181 iuquit,
508 2102 673 2178 praeerirm't
693 2119 741 2173 se,
776 2119 841 2161 cum
867 2097 1004 2161 nimirum
1030 2117 1149 2162 earnem
1174 2119 1258 2162 suam

91 2221 162 2264 oum
185 2219 244 2262 uua
268 2199 421 2263 divinitate
445 2199 589 2279 sociavit,
622 2200 708 2284 idque
732 2199 762 2264 iu
784 2221 872 2264 uuam
896 2199 1135 2284 singularemque
1157 2222 1259 2285 perso-

93 2323 183 2382 nam,
213 2303 242 2366 in
260 2301 394 2387 spiritum
414 2302 544 2366 divinum
563 2303 675 2388 pariter
691 2311 722 2366 et
739 2323 931 2388 corporeum,
964 2302 993 2366 iu
1014 2323 1102 2366 uuum
1125 2302 1258 2386 quiddam

93 2401 230 2488 spiritale
248 2405 427 2488 perlectum,
461 2405 537 2490 qaod
558 2403 679 2469 dissolvi
697 2405 773 2469 ultra
793 2416 931 2490 nequeat.
979 2401 1024 2469 lta
1047 2403 1187 2490 deinceps
1209 2427 1259 2468 oo·
1272 2419 1351 2464 tiana

93 2505 188 2570 closis
207 2505 320 2570 loribus
337 2507 503 2592 ingressum
528 2519 575 2572 est
597 2508 674 2572 idem
698 2508 768 2572 illud
785 2518 954 2572 concretum
978 2505 1115 2571 simulac
1137 2506 1257 2587 subtile,
1285 2473 1320 2527 ω’
1336 2473 1367 2518 ¹²

94 2607 230 2694 passioni
248 2608 409 2673 obnoxium
431 2631 600 2696 expersque
617 2612 782 2696 passionis,
807 2611 836 2674 in
853 2631 943 2674 carue
961 2631 1096 2696 passum,
1121 2621 1151 2674 et
1173 2620 1259 2674 extra

93 2733 213 2776 omnem
235 2712 370 2798 patiendi·
382 2713 579 2776 conditionem
599 2714 785 2792 consistens,
815 2733 987 2798 quamquam
1007 2723 1074 2798 post
1092 2712 1259 2796 ingressum

92 2835 166 2880 ossa
190 2835 368 2899 caruemque
385 2826 582 2894 monstraret,
614 2827 644 2880 et
660 2816 781 2880 lauceae
804 2816 1013 2898 clavorumque
1031 2814 1176 2898 vestigia,
1201 2816 1260 2880 imo

93 2929 126 2982 et
150 2915 302 2982 aTboma
330 2927 582 3000 contrectaretur,
617 2931 646 2984 et
668 2941 686 2984 a
709 2917 858 3002 discipulis
883 2928 1068 2982 cerneretur.
1114 2914 1256 2982 Ceterum
1271 2934 1395 2981 raanan.

94 3018 225 3084 occlusis
248 3019 359 3084 loribus
377 3019 530 3104 ingressus
548 3033 610 3102 cst,
642 3033 674 3088 ut
691 3021 722 3086 iu
739 3031 826 3086 uuam
842 3019 1004 3106 spiritalem
1022 3021 1258 3084 contiunctionem

93 3133 222 3206 utraque
248 3131 353 3186 natura
381 3125 550 3188 consociata
576 3146 692 3188 omnem
715 3125 819 3190 salutis
845 3123 990 3188 humanae
1021 3123 1258 3207 procurationem

95 3236 267 3310 susceptam
293 3245 308 3287 a
334 3245 368 3288 se
393 3237 583 3290 monstraret.
640 3225 751 3291 Verum
776 3227 842 3311 quid
870 3227 980 3290 tamdiu
1005 3225 1035 3288 in
1061 3245 1096 3288 ea
1124 3223 1259 3288 oratione

94 3327 270 3392 conflicturi
313 3325 426 3392 Eadem
450 3329 527 3392 enim
544 3339 680 3415 repetere
694 3329 812 3414 saepius
836 3351 888 3392 nos
906 3333 1016 3411 quidem
1032 3332 1144 3390 metretae
1154 3332 1257 3410 pigro·
1269 3345 1355 3403 ιιιιι,
1369 3347 1389 3390 1.

93 3451 179 3506 mur,
211 3429 298 3516 idque
321 3430 352 3495 iu
370 3433 512 3496 lectorum
531 3433 656 3516 gratiam
684 3431 719 3495 ad
742 3451 795 3496 eos
819 3431 1065 3517 praemuniendos
1094 3428 1259 3496 iaciendum

94 3532 238 3598 duximus
245 3559 255 3614 3
280 3555 338 3618 qun
354 3533 394 3598 illi
411 3535 587 3600 virulentam
609 3555 644 3598 ac
660 3532 828 3620 pestiferam
844 3533 911 3600 Arii
934 3533 1095 3598 doctrinam
1114 3534 1144 3597 in
1166 3533 1259 3598 curui·

94 3635 155 3698 bus
171 3635 248 3700 illios
266 3639 422 3704 sententiis
440 3635 683 3722 orationibusque
704 3635 836 3702 dillusam
854 3636 968 3702 facilius
988 3637 1127 3702 evadant.
1171 3633 1261 3700 Nune

97 3758 165 3800 oum
183 3738 219 3802 de
236 3738 295 3804 istu
311 3742 406 3826 capite
422 3741 495 3804 satis
513 3741 602 3804 multa
622 3739 713 3804 verba
733 3741 908 3819 fecerimus,
932 3739 968 3802 ad
986 3738 1042 3804 alia
1061 3749 1259 3802 transeamus.

98 3836 153 3904 Sic
169 3839 246 3904 enim
269 3842 434 3928 plerisque,
459 3863 535 3928 quae
550 3841 712 3907 memoriae
730 3861 814 3906 meae
837 3852 994 3908 occurrunt
1020 3840 1201 3905 calumniose
1223 3839 1260 3904 ab

97 3941 157 4006 illis
174 3942 307 4025 obieeta,
330 3945 506 4026 declaratis,
531 3966 570 4010 ex
590 3945 692 4030 paucis
706 3943 764 4009 illis
783 3943 952 4030 pluribusve
969 3944 1064 4030 palam
1083 3944 1153 4008 illud
1171 3943 1261 4008 iacie-

97 4065 183 4124 mus,
208 4067 409 4131 quaecumque
427 4047 457 4110 iu
474 4047 629 4134 scripturis
646 4048 800 4132 leguntur,
824 4048 899 4132 apud
917 4067 983 4111 eum
1002 4047 1117 4132 quidem
1134 4046 1183 4130 qui
1201 4047 1261 4132 spi·

97 4147 158 4212 ritu
175 4159 279 4212 sancto
297 4149 444 4236 praeditus
459 4149 514 4231 sit,
547 4150 654 4236 quique
669 4150 786 4235 vigilem
805 4160 835 4212 et
852 4159 1057 4234 experrectum
1081 4148 1127 4212 dci
1150 4148 1261 4214 beneb-

99 4249 147 4314 cio
164 4262 293 4315 mentem
311 4253 434 4337 adeptus
454 4251 561 4331 luerit,
586 4253 756 4340 perplexam
773 4251 882 4316 nullam
898 4250 1053 4316 continere
1069 4249 1260 4332 seutentiam,

100 4371 156 4415 nec
173 4353 219 4416 vel
241 4354 444 4418 tenuissimum
464 4355 630 4419 affectionis
652 4354 730 4419 illius
750 4355 881 4419 iudicare
898 4354 1055 4442 vestigium
1073 4354 1148 4438 qood
1172 4353 1260 4440 patri,

98 4454 149 4521 vel
166 4453 242 4536 filio,
275 4457 323 4522 vel
347 4455 462 4542 spiritui
481 4467 584 4522 sancto
603 4456 764 4538 tribuatur3
795 4477 863 4522 uam
885 4477 902 4522 e
925 4458 1077 4522 saumario
1103 4455 1176 4521 uibil
1200 4477 1262 4520 non
