3128 4930
332 198 341 217 '
366 225 502 278 rnnnnn
519 225 582 276 ιιι.
595 227 626 278 ιι.
643 225 724 279 ron.
738 227 756 276 1.
774 225 872 276 ιιιιιι.
885 225 928 276 ιι.
1162 213 1222 276 ιιι

78 353 135 422 rats
159 366 225 410 cum
244 343 379 410 nimirum
396 345 426 408 in
443 328 610 410 sauctorum
631 344 804 430 corporibus
823 344 934 408 bobitet
950 345 1039 422 deus,
1063 365 1097 407 ne
1115 343 1222 408 dictum

79 447 139 509 iilud
157 449 254 532 reipsa
271 457 453 530 praestetur.
478 449 659 510 Hubs'tuboin
674 451 743 521 nllus,
760 449 986 510 etenumbnlebo.
1018 444 1129 510 Verum
1147 446 1337 516 tuenstuens,
1344 461 1375 506 ιι

78 550 154 614 dubte
172 550 300 613 bdebool
317 548 461 613 mentibus
481 552 594 634 quidem
616 549 795 636 obrepsisset
812 571 913 624 error
937 549 992 612 nisi
1013 549 1151 633 spiritalis
1170 570 1222 612 no·
1228 525 1302 608 esic
1302 564 1374 620 .ι,ιι

77 652 117 716 bis
133 673 239 717 seusun
257 663 339 715 esset
355 651 431 716 iliius
446 653 483 715 lib
487 675 510 715 ιι
503 653 705 738 'petelnctos3
731 663 760 714 ut
775 653 843 714 inde
861 652 1041 714 disceremus
1056 651 1126 714 nibil
1146 651 1222 716 tnbis

76 753 134 818 istis
150 776 225 839 opus
242 775 327 834 esse,
351 755 403 818 sed
422 754 557 839 quicquid
574 755 620 818 bio
636 755 754 818 molitur
769 755 852 831 dous,
876 753 912 817 nd
929 754 1087 838 spiritalem
1104 774 1222 818 sensum

77 868 206 942 oportere
229 859 399 937 transfert-53
425 878 461 920 ne
479 857 591 920 scilicet
607 855 790 920 ludoicnrum
811 857 942 920 tuberum
964 875 1003 920 cx
1024 877 1094 918 sere
1116 877 1222 940 ergen-

77 971 137 1022 tose
159 960 352 1023 conflatorum
371 959 504 1044 quiddam
529 959 614 1022 nobis
634 960 729 1022 simile
751 960 912 1044 fingemus,
943 959 995 1022 sed
1018 957 1160 1043 spiritali,
1191 968 1222 1022 ut

76 1059 174 1124 dietum
194 1073 256 1140 est,
282 1063 456 1126 documento
473 1063 511 1124 sit
527 1061 621 1140 istud,
646 1082 747 1125 corum
764 1063 930 1146 dogmatum
948 1081 1022 1145 quae
1039 1060 1075 1122 ob
1095 1061 1221 1124 ecelesia

75 1165 225 1229 traduntur
240 1166 486 1250 praedicationem
503 1185 519 1227 e
534 1164 617 1227 coelo
637 1184 783 1227 manasse.
828 1161 858 1226 ld
875 1164 949 1248 quood
969 1177 996 1225 et
1014 1162 1071 1226 elio
1089 1163 1154 1227 loco
1172 1163 1222 1226 dc·

76 1267 198 1330 claretur
216 1267 262 1330 bis
280 1267 394 1331 verbis:
419 1272 453 1329 ln
473 1271 524 1329 illo
542 1271 588 1328 dre
606 1279 787 1348 perstrepent
806 1269 873 1328 neda
895 1287 1007 1346 mogum
1055 1263 1132 1329 Nem
1155 1286 1220 1329 cum
1234 1279 1372 1340 devincet

75 1369 154 1432 tuboe
171 1371 313 1454 quaedem
330 1370 488 1456 prophetae
503 1370 640 1432 extitisse
654 1370 801 1446 videntur,
826 1377 884 1432 tuor
902 1368 996 1432 moior
1008 1367 1056 1432 ἰΙΙι
1073 1368 1140 1432 tubo
1152 1389 1221 1433 snu-

75 1472 196 1534 ctissime
217 1468 331 1536 Cbristi
356 1473 385 1535 io
409 1471 562 1556 evangelio
585 1492 644 1536 vox
668 1472 732 1534 luit.
778 1468 975 1553 Quamobrem
997 1471 1083 1535 etiem
1107 1471 1220 1553 angelis

75 1573 223 1658 detegendi
252 1574 337 1638 nobis
360 1595 463 1638 munus
488 1584 533 1638 est
557 1574 756 1638 commissum.
804 1577 892 1636 Cunet
911 1579 982 1635 enlm
1006 1575 1089 1648 toda,
1114 1573 1372 1658 iuquit‚1.oor.1o‚es
1469 1631 1474 1651 ,

73 1690 98 1737 ιι
112 1683 220 1740 mortni
231 1690 393 1757 resurgent.
439 1674 525 1759 Quod
543 1677 568 1740 si
589 1677 759 1760 angelorum
777 1675 861 1739 vobis
879 1674 964 1740 tnbne
984 1675 1069 1754 ittae,
1093 1697 1168 1760 quoe
1190 1677 1220 1740 io

72 1779 248 1866 Apocalypsi
267 1780 421 1863 leguntur,
450 1780 511 1843 risu
533 1779 638 1864 dignue
658 1778 811 1856 videntur,
835 1780 967 1862 sequitur
988 1779 1074 1842 etism
1097 1779 1220 1842 ultorem

71 1881 144 1946 illem
170 1883 245 1967 opud
269 1881 432 1968 apostolum
454 1881 551 1945 tubum
571 1903 628 1944 nou
651 1879 748 1944 miuus
768 1901 835 1944 esse
857 1881 1022 1944 ridiculum:
1053 1885 1217 1957 descendet,

71 1984 177 2069 inquit,
202 1989 238 2046 ele
251 1988 329 2046 coelo
347 1989 376 2046 ιἰι
399 1989 548 2046 neodem
571 1987 654 2058 ludu,
679 1996 710 2046 et
725 1989 832 2046 mortni
852 1989 1052 2064 resurgeretis
1073 1989 1221 2048 noos'sss'rrro

69 2091 128 2161 lie,
153 2091 183 2150 ιἰι
201 2109 268 2149 uoce
283 2091 460 2168 archangeli.
506 2085 664 2171 Postquam
689 2085 779 2171 igitur
803 2107 867 2150 com
890 2087 1021 2172 apostolo
1038 2084 1130 2150 Paulo
1152 2108 1222 2173 epo·

70 2191 160 2254 stolus
177 2211 270 2274 seque
287 2185 413 2254 ioenoes
428 2189 457 2252 in
475 2188 654 2274 Apocalypsi
673 2190 747 2252 edeo
764 2188 885 2252 mirifice
903 2187 1066 2266 consentit,
1090 2189 1156 2274 quid
1175 2201 1222 2253 est

71 2295 143 2377 qood
163 2293 200 2355 ob
214 2293 271 2356 ittis
285 2292 379 2378 possit
393 2294 519 2379 opponi?
548 2290 657 2386 Nonne
673 2290 767 2356 ominis
783 2291 905 2354 istorum
923 2310 1009 2354 error
1022 2291 1145 2355 subinde
1162 2292 1221 2357 dis·

71 2396 212 2475 solvitur,
235 2417 299 2459 cum
315 2394 352 2458 sb
369 2395 510 2460 ambobus
529 2394 609 2459 bisce
624 2393 735 2459 sanctis
752 2415 836 2458 suom
856 2395 927 2458 deus
946 2393 1141 2469 testimoninm
1160 2393 1220 2458 edi·

72 2507 128 2560 tum
151 2517 220 2562 esse
242 2497 389 2561 voluerit?

155 2597 215 2664 Sed
231 2602 341 2662 instent
357 2601 470 2664 iliorum
486 2601 591 2686 uiiqni,
615 2611 645 2664 et
662 2600 763 2684 quod
755 2622 784 2663 ιιι
801 2599 978 2716 Apocalypsi
997 2600 1104 2686 legitur
1121 2621 1220 2686 repre·
1237 2583 1363 2706 xx³xm

71 2701 252 2765 beudendom
275 2713 387 2785 putent.
434 2701 519 2766 Dixit
539 2703 615 2766 enim
626 2702 809 2788 ‚inquiunt‚
833 2703 862 2766 in
881 2723 917 2766 eo
936 2704 1026 2782 libro,
1051 2706 1220 2767 Scri-deun
1233 2724 1294 2776 epse
1295 2719 1371 2774 ste

68 2809 131 2884 gelo
146 2807 282 2866 melesius
301 2808 508 2885 poubbornm.
554 2804 645 2890 Atqui
663 2806 740 2870 nullo
756 2803 907 2890 Tbyntrrts
922 2802 1155 2870 Christianorum
1172 2828 1221 2869 ec·

70 2907 157 2970 ciesis
178 2907 242 2969 luit.
289 2903 373 2990 Qni'
366 2908 454 2992 ugitur
472 2909 507 2970 od
527 2929 603 2987 enm,
628 2929 702 2992 quse
720 2929 859 2993 nusquam
878 2919 954 2987 eret,
979 2910 1131 2972 ecclesiam
1146 2909 1219 2974 scri·

71 3010 144 3092 psit?
188 3006 300 3072 Verum
320 3030 360 3073 ex
378 3011 434 3073 illis
452 3010 540 3096 ipsis,
564 3031 638 3095 quoe
659 3013 801 3074 adversus
821 3011 974 3074 veritatem
995 3011 1154 3091 obiiciunt,
1178 3009 1220 3074 ci·

71 3111 132 3173 dem
155 3110 312 3194 subrogari
330 3113 516 3176 eoolessiooe
541 3134 593 3176 suo
613 3125 768 3198 coguntur.
814 3111 890 3176 Num
915 3114 1037 3177 utillud
1061 3125 1217 3199 opponunt,

72 3213 174 3277 nollem
194 3213 252 3276 ism
270 3233 337 3276 esse
356 3211 509 3299 Tiryntiris
526 3216 699 3292 ecclesium,
724 3217 809 3301 plone
827 3213 964 3279 loannem
984 3215 1078 3278 affiatu
1098 3216 1220 3302 propbe-

71 3315 125 3378 tico
142 3317 237 3378 lotura
258 3314 438 3400 praevidisse
456 3316 632 3400 significent.
678 3313 752 3381 Corin
768 3317 845 3381 euim
867 3319 999 3382 illiciam
1018 3319 1156 3382 baeretici
1179 3319 1219 3383 itti

70 3439 150 3502 quom
168 3415 306 3502 Phryges
324 3417 534 3498 habitaverint,
560 3430 704 3484 eteorum
726 3420 850 3484 bdelium
871 3421 920 3505 qui
938 3421 1130 3505 simpliciores
1152 3433 1220 3486 suot

70 3523 180 3585 animes
196 3521 328 3606 luporum
346 3541 427 3584 more
443 3521 632 3608 diripuerint,
657 3521 792 3607 oppidum
812 3524 979 3587 universum
998 3524 1034 3586 nd
1052 3544 1133 3586 strom
1152 3525 1219 3588 boe·

68 3625 145 3685 resin
165 3625 372 3688 traduxerunt.
418 3622 476 3707 Qui
498 3646 562 3687 cum
581 3624 798 3710 Apocalypsin,
822 3637 908 3710 utque
931 3647 1045 3690 omnem
1066 3626 1142 3691 illum
1166 3627 1218 3688 do·

69 3725 188 3788 etrioem
212 3736 401 3811 respuerent,
425 3727 460 3790 od
485 3729 671 3790 evertendam
696 3727 866 3812 religionem
889 3730 968 3792 vires
989 3751 1058 3793 snos
1081 3751 1116 3793 oc
1139 3729 1218 3792 velut

70 3830 219 3891 exereitus
239 3840 456 3913 compererunt.
503 3827 564 3892 lem
582 3850 653 3892 vero
670 3830 811 3916 singulari
828 3831 872 3894 dei
891 3831 1032 3894 beneficio
1048 3831 1092 3894 bis
1109 3843 1218 3916 tempo·

69 3931 148 3992 ribus
167 3930 289 4009 eccidit,
313 3942 344 3994 ιιι
362 3943 426 4016 post
445 3942 561 3996 centum
578 3953 613 3994 sc
637 3933 788 3996 duodecim
812 3955 905 3996 orrnos
928 3935 986 3996 illic
1007 3933 1131 3996 ecclesie
1154 3955 1218 3997 cre·

69 4043 182 4114 sceret,
215 4035 249 4096 od
281 4055 365 4118 quem
392 4034 465 4097 cline
492 4035 629 4120 deinceps
656 4037 842 4098 accederent.
889 4034 976 4100 Tunc
998 4055 1070 4097 vero
1092 4037 1218 4101 ecclesie

70 4137 165 4200 omnis
183 4157 250 4200 sese
272 4136 301 4200 in
316 4133 451 4222 Phryges
466 4137 656 4202 exbensernt.
703 4135 899 4219 Qurnmobrens
918 4138 1037 4224 spiritus
1054 4151 1174 4204 sanctus
1190 4142 1217 4204 id

69 4238 184 4322 aperire
207 4238 386 4324 potissimum
410 4241 535 4304 studuit:
569 4237 723 4304 ecclesium
755 4251 820 4324 post
843 4242 1059 4326 apostolorum,
1092 4244 1147 4308 boo
1171 4255 1219 4309 est

71 4335 205 4419 loannis,
228 4363 262 4406 ec
279 4353 443 4406 ceterorum
461 4353 606 4428 temporo,
632 4343 666 4406 od
682 4363 813 4407 errorem
831 4365 898 4408 esse
914 4345 1141 4424 declinaturum,
1166 4369 1217 4410 ιιιι-

71 4441 118 4505 nis
138 4454 200 4530 post
217 4465 371 4510 ascensum
391 4441 502 4510 Christi
520 4446 612 4510 tribus
629 4467 663 4511 oc
688 4448 862 4534 nonngiote,
887 4471 945 4535 quo
964 4460 1095 4536 temporo
1117 4451 1146 4513 iu
1169 4469 1217 4516 er·

1143 4555 1164 4598 s
