3154 4930
398 213 534 266 rnunnu
551 213 613 264 nte.
625 213 656 265 ιι.
674 211 1020 265 mauritanensium.
1223 190 1284 266 60³

129 333 301 398 afferamus.
347 331 529 419 Quamquam
548 355 602 401 uos
614 353 655 397 ex
676 331 713 398 iis
728 333 845 418 saepius
861 331 1042 430 disputantes
1064 333 1285 400 accuratissime

129 437 305 500 relellimus.
458 427 461 436 “
1229 452 1238 464 “
1279 439 1287 456 ’

219 537 355 626 inprimis
376 539 464 625 igitur
483 559 547 602 curn
569 537 674 602 divinis
701 538 731 602 in
747 538 841 602 literis
859 535 1003 602 Paracleti
1025 559 1130 602 nomen
1149 540 1280 604 invenis·
1294 557 1354 631 ap,
1369 561 1438 614 m.

129 653 197 720 set,
221 663 257 706 sc
274 642 332 706 rim
349 642 426 708 illins
442 643 610 726 ignoraret,
634 641 822 726 semetipsum
842 661 893 726 pru
908 661 980 705 vero
999 640 1102 728 spiritu
1119 642 1282 726 supposuit.

129 743 234 832 ltaque
252 747 287 809 ad
306 765 373 810 sese
397 745 543 830 pertinere
560 745 607 808 illa
624 745 710 807 docet
726 765 800 829 quae
816 744 852 807 ab
868 743 1001 830 apostolo
1019 741 1112 808 Panlo
1128 744 1280 810 dicunturs

128 853 181 910 Ec
197 861 281 930 parte
309 852 519 928 cognoscimus,
550 859 580 910 et
597 871 633 910 ea
647 859 732 928 purte
745 851 964 929 prophetamus:
996 869 1058 908 cum
1081 853 1189 910 oenm't
1208 853 1283 930 quud
1295 847 1382 947 piopr-

123 954 284 1034 pmseetum
299 962 352 1025 est,
376 952 558 1012 evacuabitur
571 953 647 1032 quod
660 972 697 1011 ea·
708 962 793 1032 parte
808 962 860 1012 est.
886 949 976 1034 atqui
987 949 1023 1012 de
1034 946 1189 1014 Paraclelu
1203 952 1281 1016 nullo
1320 931 1328 958 l

127 1055 218 1118 modu
236 1053 308 1117 baec
324 1051 524 1139 pronuntiavit
540 1051 705 1136 apostolns3
737 1053 784 1137 qui
800 1073 865 1116 eum
887 1052 1036 1117 sodalibus
1058 1053 1121 1116 suis
1142 1053 1282 1138 apostolis

125 1157 263 1242 spiritam
280 1167 412 1220 sanetum
432 1156 565 1240 accipere
581 1155 703 1232 meruit,
735 1153 785 1218 sed
803 1155 838 1218 de
857 1155 961 1240 duplici
985 1159 1091 1220 mundo
1115 1175 1281 1220 sermonem

125 1260 313 1333 instituerat,
346 1259 493 1345 praesenti
512 1257 649 1323 videlieet
666 1277 700 1322 ao
724 1259 839 1337 loturo,
862 1269 981 1344 propter
996 1259 1152 1324 nonnullos
1174 1257 1223 1343 qui
1246 1259 1281 1322 de

127 1361 309 1448 temporibus
324 1360 402 1425 seire
424 1371 509 1446 atque
532 1361 679 1444 inquirere
703 1359 868 1444 cupiebant.
915 1365 1011 1436 Ns'br'l,
1037 1361 1149 1446 inquit,
1174 1345 1409 1458 terreatffi?

126 1487 178 1526 uos
195 1470 224 1526 iu
243 1487 386 1538 sermone,
411 1476 465 1526 aut
477 1468 611 1545 epistola,
636 1469 721 1544 quasi
732 1469 816 1526 sisstet
837 1467 896 1526 dies
913 1467 1034 1528 domini:
1063 1469 1123 1528 or'si
1142 1469 1214 1526 ersus
1236 1485 1281 1525 re·

125 1571 237 1630 uelatus
250 1571 348 1651 faerit
364 1569 452 1648 filiios
479 1571 651 1649 obliquitatis,
684 1571 764 1630 bomo
790 1572 960 1641 r'rsiasts'trire,
985 1579 1039 1628 etc.
1087 1563 1167 1649 Quin
1190 1566 1278 1629 etiam

124 1669 372 1733 convenientibus
394 1670 571 1734 saluatorem
596 1668 755 1753 apostolis,
784 1689 818 1731 ao
835 1670 870 1732 de
890 1670 987 1734 mnndi
1003 1689 1110 1734 oooasn
1128 1669 1280 1732 sciscitan-

125 1772 225 1851 tibus,
256 1772 296 1835 ita
317 1771 380 1857 ipse
403 1772 570 1857 respoudit,
600 1775 666 1834 Nos
689 1783 732 1834 est
753 1785 874 1834 oestrum
897 1795 979 1834 nosse
998 1785 1137 1853 temporo,
1162 1776 1208 1835 oet
1222 1795 1279 1834 mo·
1292 1794 1339 1838 see
1353 1793 1373 1850 r,
1386 1794 1405 1838 r.

123 1887 235 1949 masta,
260 1897 333 1956 quae
344 1887 429 1958 puter
444 1879 542 1956 messit
558 1880 587 1936 s'n
607 1895 659 1938 sua
672 1885 828 1955 potestate,
853 1879 905 1937 sed
922 1879 1064 1956 accipietis
1079 1880 1210 1936 ommsem
1231 1897 1279 1936 su·

120 1981 313 2059 merientes
335 1983 453 2059 sparsists
475 1983 570 2039 saneti
589 1983 618 2039 ιἰι
640 1999 698 2038 oos.
745 1972 836 2058 ltem,
867 1981 1085 2058 Hierosolymis,
1110 1977 1219 2062 inquit,
1243 2001 1430 2064 sepmqqq

121 2085 273 2154 discedite,
306 2093 484 2162 expectantes
503 2085 714 2161 promrbmbnem
732 2086 868 2162 spmms,
893 2085 1129 2163 praemundabit,
1156 2080 1210 2144 boc
1233 2092 1280 2146 est

123 2183 304 2268 paracletum
323 2182 400 2246 illum
418 2183 562 2269 spiritum,
588 2183 624 2246 de
641 2203 697 2267 quo
713 2182 840 2261 dixerat,
865 2187 901 2245 Ss'
912 2205 975 2264 ego,
995 2185 1091 2245 adsero
1108 2187 1430 2270 s'lleoeniet‚1,.,„,10‚1q,

121 2298 153 2347 ec
178 2287 358 2348 omuonbbs't
376 2288 453 2348 oobr's
471 2291 573 2350 amosa.
620 2284 706 2370 Quae
723 2285 838 2371 quidem
858 2285 965 2365 verbs,
990 2288 1181 2348 Aonontr'abs't
1201 2289 1278 2349 sabb

121 2393 229 2463 omnia,
253 2387 288 2452 ad
305 2389 434 2454 eoeleste
451 2389 556 2452 donum
575 2387 656 2466 illud,
680 2388 755 2472 quod
771 2398 856 2450 erant
871 2388 1003 2472 adepturi
1020 2409 1073 2473 par
1092 2397 1138 2450 est
1153 2389 1275 2468 referris

121 2493 202 2577 quod
229 2490 364 2556 ninsirum
390 2490 572 2555 nabitaturus
596 2490 626 2554 iu
653 2491 723 2574 ipsis
749 2501 829 2554 esset
849 2490 969 2576 spiritus
992 2499 1130 2567 sanctus,
1162 2491 1276 2575 quails

119 2605 225 2679 aperte
250 2594 389 2658 universa
411 2594 590 2671 declararet,
621 2611 696 2678 quae
722 2591 836 2677 quidem
858 2612 963 2677 capere
987 2592 1015 2656 iu
1039 2591 1092 2656 boo
1112 2593 1171 2656 vita
1195 2603 1277 2679 potc-

118 2707 200 2761 raut.
247 2694 444 2780 Quamobrem
462 2715 527 2760 oum
546 2695 580 2760 ad
600 2712 664 2758 eant
687 2696 802 2760 modum
820 2694 960 2780 paracleti
980 2695 1101 2780 spiritus
1124 2706 1225 2760 assent
1246 2696 1275 2761 in

118 2801 178 2863 bac
189 2799 247 2862 vita
260 2811 409 2884 computes
418 2797 498 2875 isati,
512 2798 662 2862 vaticinati
677 2809 756 2862 sunt.
783 2795 1033 2881 Quemadmodum
1042 2803 1163 2880 Agabus
1177 2814 1273 2864 senm-
1286 2811 1334 2856 tet.
1343 2813 1413 2868 tom

116 2925 183 2965 rusa
200 2905 299 2982 firmem
314 2906 470 2984 prucds‘at't,
493 2900 620 2984 itemque
632 2904 770 2982 propbeta
788 2905 990 2981 Hierosolymis
1009 2907 1190 2966 adoenerrsnt.
1206 2939 1208 2946 v
1222 2899 1273 2968 Sic

117 3017 150 3067 et
182 3007 309 3087 Pbs'lr'ppo
340 3017 462 3087 quatuor
493 3015 576 3066 eraot
606 3005 692 3083 fitius
717 3007 921 3084 prophetissae.
986 2999 1125 3068 Ceterum
1156 3007 1271 3090 quoties
1286 3025 1333 3070 ooo
1346 3025 1412 3084 ant.

116 3127 225 3171 umores
242 3107 281 3170 illi
300 3107 489 3194 propbetant,
514 3129 550 3168 ec
566 3117 651 3188 porte
663 3109 848 3186 prophetant,
880 3119 910 3166 et
929 3131 966 3168 ec
985 3119 1070 3188 parte
1087 3121 1267 3190 cognoscant.
1281 3131 1299 3173 1.
1307 3129 1424 3185 costas.

117 3208 210 3294 Quod
224 3229 296 3274 vero
314 3212 473 3296 perlectum
491 3221 536 3274 est
563 3210 659 3272 lutura
681 3208 709 3270 in
727 3209 827 3272 seculo
844 3209 1026 3272 tribuendum
1044 3230 1095 3294 spe
1114 3221 1144 3272 et
1165 3231 1273 3296 exspe-

116 3311 248 3375 ctatione
272 3311 461 3396 praecipiunt.
508 3314 624 3389 Quaado
650 3313 835 3393 corruptibile
859 3317 888 3374 s'n
911 3317 1163 3394 riscorropts'onem,
1196 3333 1423 3389 conmemorans.

117 3418 179 3476 tale
195 3419 225 3476 r'n
243 3417 477 3476 rinmortab'tutem
497 3423 693 3475 commutatum
708 3416 816 3497 suerit,
842 3435 907 3478 curn
923 3426 953 3478 et
960 3419 1042 3500 socie
1057 3421 1097 3478 ud
1107 3419 1209 3500 faciem
1226 3423 1422 3485 abr-nomnen

116 3519 269 3578 tuebamur.
304 3515 391 3580 Nune
409 3516 487 3579 enim
505 3533 553 3578 res
572 3525 689 3578 nostrae
706 3537 761 3596 per
779 3522 939 3598 aenigmata
959 3531 988 3583 et
1006 3520 1158 3584 involucra
1175 3530 1270 3584 trans·

115 3621 256 3704 igunturs
288 3620 346 3684 illio
365 3641 398 3681 ea
415 3627 626 3704 praeparantur
642 3637 718 3702 quae
736 3617 781 3681 bio
796 3623 896 3682 oculus
914 3643 970 3682 noo
986 3625 1065 3684 oritis.
1114 3619 1176 3684 lilio
1199 3641 1263 3706 peu·
1282 3633 1391 3692 noma,
1402 3638 1423 3681 a.

115 3721 210 3786 lectio
232 3723 390 3805 retegitur,
416 3741 490 3805 quae
511 3725 557 3782 bs'c
580 3725 660 3784 curus
683 3743 855 3804 nequaquam
872 3727 972 3786 audsl't.
1020 3721 1082 3787 illic
1097 3723 1203 3786 donum
1226 3724 1271 3788 in·

113 3825 318 3910 genesauotis
336 3825 487 3902 tribuitur,
512 3824 588 3908 quod
613 3827 659 3886 boc
685 3830 714 3888 s'o
741 3847 791 3888 cor
815 3829 934 3888 domabis
955 3849 1010 3890 ooo
1035 3829 1170 3888 ascendit.
1218 3823 1268 3891 Ex

113 3925 224 4012 quibus
241 3927 450 3992 animadvertis
466 3927 631 3990 uberiorem
655 3927 732 3991 illam
753 3928 1005 4015 copiosioremque
1030 3929 1181 3994 seientiam
1203 3925 1269 3992 Ma·

114 4029 243 4100 oriebaeo
260 4042 439 4094 reservatam
457 4046 515 4094 uon
533 4029 634 4092 inisse.
669 4026 824 4112 Quomodo
841 4032 917 4094 enim
932 4031 988 4096 ista
1004 4030 1202 4116 cognoscetis
1221 4033 1269 4118 qui

112 4133 153 4196 ab
170 4135 298 4218 eoquod
314 4132 370 4198 sibi
387 4141 582 4220 proposuerat
597 4132 727 4196 excidit?
769 4131 846 4198 Nam
865 4131 1037 4198 Marcellum
1055 4134 1268 4200 circumvenire

146 4387 175 4441 a.
192 4387 601 4458 recopqredoaueedmsmterqae.
621 4389 676 4439 tut·
743 4387 767 4442 7.
786 4349 919 4459 dpbatpde
936 4393 1003 4442 codd
1017 4405 1073 4444 mss.
1103 4385 1267 4460 ttqaetpte

108 4473 143 4524 ps
160 4456 367 4526 sepaparationem.
709 4460 771 4510 cdttt
