3186 4928
412 233 548 286 rnnann
564 233 672 284 crau.
690 231 772 286 nou.
786 233 818 283 ιι.
835 231 936 282 nanu.
950 231 1044 284 nxvr.
1245 221 1306 284 405

154 355 355 422 mulierculam
370 375 428 417 non
445 353 568 432 reverti,
592 373 676 437 qoam
690 373 707 416 c
721 352 887 416 meretricio
902 363 1026 436 quaesto
1041 373 1075 416 ac
1092 351 1234 417 servitute
1250 350 1304 414 sibi

155 457 335 544 scythianus
358 456 544 519 adiunxerat.
590 453 691 540 ltaque
715 477 779 518 cum
804 455 939 518 omnibus
964 473 1038 538 quae
1063 453 1203 532 habebat,
1234 473 1306 518 auro

155 561 281 638 scilicet,
306 569 439 644 argento,
464 557 629 642 ceterisque
647 556 739 643 copiis
756 556 786 620 in
803 554 954 620 Persidem
971 555 1094 639 aufugit.
1141 554 1186 621 lbi
1203 575 1242 620 ne
1256 555 1306 618 de-

155 663 405 747 prehenderetur,
430 671 541 725 mutato
561 660 679 725 nomine
699 681 750 744 pro
767 654 931 722 Terbintho
946 655 1076 722 Buddam
1096 679 1146 736 se,
1169 659 1211 722 uti
1230 658 1306 724 dixi·

154 787 232 844 mus,
252 765 389 849 appellat.
421 764 521 847 Atque
536 762 582 826 bic
595 762 751 848 pessimam
769 781 872 826 rursus
884 770 1008 845 quatuor
1021 759 1136 824 illorum
1154 757 1305 848 Scytbiani

154 867 294 930 librorum
317 887 352 930 ac
376 866 553 950 magicarum
579 865 684 928 aru'um
708 875 738 926 et
761 863 979 948 praestigiarum
1003 862 1192 927 hereditatem
1217 862 1304 944 adiit3

153 970 232 1032 idem
248 967 326 1032 eninr
343 967 494 1031 literarum
509 967 639 1052 apprime
655 967 759 1031 studiis
775 977 840 1030 crat
856 965 998 1030 eruditus.
1032 961 1092 1030 Sed
1109 985 1173 1028 cum
1188 965 1218 1029 in
1233 963 1306 1029 Per·

152 1072 217 1136 side
238 1082 268 1135 et
287 1071 350 1156 ipse
368 1069 546 1154 disputaret,
571 1081 658 1153 atque
675 1068 749 1153 apud
767 1068 882 1131 viduans
905 1068 1047 1152 quandam
1065 1067 1216 1146 habitans,
1240 1089 1304 1132 cum

151 1173 277 1238 aedituis
293 1192 328 1236 ac
345 1172 545 1236 sacerdotibus
559 1167 699 1250 Mithrae,
724 1169 913 1256 inprimisque
931 1167 1026 1234 Pareo
1043 1171 1165 1254 quodam
1181 1167 1305 1234 acLab-

151 1279 227 1340 daco
242 1274 390 1361 prophetis
413 1274 449 1338 de
468 1274 580 1338 duobus
604 1272 754 1359 principiis
776 1273 983 1353 contenderet,
1008 1293 1104 1359 neque
1119 1274 1168 1338 vel
1185 1273 1305 1338 idolola-

152 1379 229 1441 triae
246 1377 424 1442 antistitibus
440 1378 580 1440 resistere
598 1386 709 1461 posset,
734 1375 785 1438 sed
801 1375 836 1438 ab
855 1375 891 1438 iis
905 1376 1072 1462 turpissime
1087 1376 1240 1442 convictus
1257 1396 1305 1440 ea·

150 1492 216 1560 set,
241 1478 413 1566 Scythiani,
445 1500 530 1565 quem
555 1477 750 1563 sequebatur,
782 1479 917 1564 exemplo
941 1479 1042 1542 domus
1067 1478 1212 1564 fastigium
1234 1499 1305 1542 con-

149 1583 315 1664 scendens,
344 1584 442 1668 ibique
466 1580 588 1666 magicis
612 1579 724 1644 artibus
748 1580 777 1643 id
797 1581 912 1644 efficere
935 1582 1073 1660 studens,
1103 1582 1226 1666 nequis
1249 1581 1305 1646 sibi

151 1687 291 1771 deinceps
309 1686 511 1750 contradicere
530 1684 668 1761 auderet,
692 1681 727 1746 ab
746 1683 850 1767 angebo
869 1683 998 1748 deiectus
1014 1684 1135 1764 cecidit,
1158 1695 1244 1768 atque
1267 1683 1304 1748 ob

150 1811 188 1852 ea
211 1809 286 1874 quae
304 1787 478 1852 moliebatur
495 1786 634 1850 analeticis
657 1785 754 1870 periit.
798 1785 884 1849 Anus
903 1806 990 1871 porro
1009 1787 1124 1872 sepulto
1139 1787 1217 1850 iliius
1239 1807 1305 1850 eor·

150 1912 225 1978 pore
243 1890 393 1976 pecuniam
412 1909 528 1954 omnem
546 1873 681 1953 obtinuit.
728 1886 813 1971 Quae
834 1887 948 1972 quidem
971 1909 1035 1952 cnm
1054 1887 1163 1954 liberos
1181 1911 1215 1954 ao
1237 1911 1304 1974 pro·

148 1994 277 2080 piuqnos
296 1993 417 2058 baberet
435 1991 541 2072 nullos,
566 1991 615 2057 din
630 1993 660 2054 in
676 1989 726 2054 itto
744 1999 821 2056 statu
837 1991 1050 2074 perseveravit.
1082 1989 1214 2056 Tandem
1232 2013 1303 2056 vero

149 2093 330 2174 Cubricum,
355 2095 402 2181 qui
423 2106 454 2158 ct
470 2092 577 2158 Manes
600 2094 695 2158 dictus
713 2103 776 2173 cst,
800 2093 837 2158 ad
853 2093 993 2178 obsequia
1013 2093 1164 2158 famularia
1186 2115 1303 2160 serrum

148 2198 271 2277 coemit,
295 2197 342 2262 cui
363 2199 492 2262 moriens
511 2197 617 2262 malam
633 2195 711 2260 iliam
729 2196 932 2274 hereditatem,
957 2195 1076 2280 perinde
1093 2208 1179 2282 atque
1196 2197 1303 2282 aspidis

148 2300 251 2380 virus,
276 2301 430 2366 multorum
454 2302 489 2365 ad
513 2299 662 2365 interitum
685 2319 720 2362 ac
743 2298 901 2383 perniciem
924 2299 1052 2382 reliquit.

238 2709 338 2796 ltaque
361 2705 525 2792 Cubricns,
551 2711 599 2795 qui
621 2732 654 2775 se
674 2707 794 2775 Manem
815 2710 948 2790 vocavit,
980 2711 1057 2774 inter
1076 2709 1204 2792 Persas,
1228 2714 1302 2798 apnd
1321 2715 1381 2788 cap.
1395 2717 1438 2770 tv.

147 2837 225 2901 quos
241 2814 380 2898 degebat,
405 2815 554 2899 disputare
569 2813 705 2877 instituit.
754 2811 863 2876 Verum
879 2835 944 2877 curn
960 2815 1068 2878 nemini
1092 2815 1227 2900 dogmata
1249 2836 1302 2880 sua

147 2916 305 3002 probaret,
329 2917 381 2980 sed
399 2917 571 3000 quicumque
587 2914 749 2983 doctrinam
766 2915 845 2980 iilius
862 2916 1018 2981 audiebant
1036 2918 1159 2982 moleste
1177 2921 1300 2996 terrent,

148 3042 187 3084 ac
205 3019 335 3083 novitate
353 3019 417 3104 ipsa
434 3019 646 3103 horrendisque
663 3018 720 3082 iltis
740 3029 770 3082 et
788 3019 823 3081 ad
845 3019 1044 3104 decipiendum
1067 3019 1236 3106 compositis
1259 3022 1300 3084 ta·

31 3135 34 3139 '
148 3121 227 3188 butis
252 3143 286 3185 ac
313 3122 435 3186 vocibus
464 3122 653 3185 vehementer
680 3121 938 3206 obstupescerent,
969 3143 1092 3208 cumque
1114 3123 1298 3202 omousius,

148 3245 226 3311 qnos
243 3225 279 3287 dc
295 3225 384 3310 impio
399 3233 565 3288 commento
580 3244 732 3288 sermones
749 3223 892 3303 habebat,
914 3225 1009 3289 reielii
1027 3227 1177 3310 avertique
1198 3247 1301 3290 cerne-

148 3339 214 3406 ret,
240 3328 423 3392 occasionem
444 3325 587 3412 quandam
614 3327 795 3412 excogitavit
813 3349 866 3413 per
889 3350 973 3412 quam
991 3329 1171 3392 inanissimis
1192 3329 1250 3393 iilis
1272 3339 1302 3393 et

147 3432 184 3495 ad
209 3442 358 3516 stuporem
384 3429 515 3494 condictis
544 3428 648 3492 fabulis
676 3429 878 3495 auctoritatem
905 3431 1077 3496 ascisceret.
1125 3427 1199 3496 Cum
1223 3431 1300 3496 eninr

148 3533 370 3620 percrebuisset
385 3531 545 3598 Persarum
569 3532 648 3616 regis
672 3533 760 3596 hlium
784 3534 906 3619 quadam
930 3536 1112 3620 aegritudine
1136 3547 1300 3618 correptum

148 3638 179 3700 in
200 3636 282 3720 regia
298 3633 454 3700 Persarum
474 3635 544 3700 urbe
562 3635 735 3700 decumbere
752 3635 951 3722 (nequeenim
969 3635 1075 3702 Manes
1090 3639 1149 3702 illic
1165 3638 1298 3722 degebat,

147 3739 203 3803 sad
221 3740 278 3803 alio
296 3740 420 3823 quodam
438 3741 466 3802 in
486 3740 551 3803 loco
568 3738 603 3802 ab
620 3739 700 3822 regis
716 3740 782 3803 ania
798 3738 926 3824 dissito),
952 3751 1133 3806 excaecante
1148 3741 1228 3804 illum
1247 3741 1301 3804 im·

147 3843 295 3930 probitate
310 3863 376 3920 sua,
399 3854 481 3906 ratus
496 3843 526 3905 in
544 3842 606 3905 beri
624 3841 670 3905 sni
686 3841 855 3921 Terbintbi,
879 3843 943 3908 sive
958 3841 1089 3924 Buddae,
1114 3843 1161 3928 qui
1177 3854 1210 3907 nt
1225 3841 1300 3930 Sop-

147 3946 243 4010 thiani
261 3945 346 4009 heres
363 3947 469 4026 iuerat,
494 3945 575 4010 libris
593 3966 681 4030 posse
695 3965 727 4008 so
743 3947 779 4010 ad
797 3947 956 4012 sanandum
972 3945 1052 4032 regis
1068 3946 1156 4010 hlium
1171 3946 1300 4010 remedia

183 4203 244 4254 Gur.
262 4204 304 4253 IV.
339 4231 372 4242 -
393 4205 413 4256 ι.
431 4199 536 4269 πλάσμα
549 4203 598 4269 τῆς
616 4205 709 4266 reponat
776 4205 802 4256 3.
819 4201 921 4259 &aaa
938 4209 970 4256 est
983 4210 1008 4254 tc
1024 4206 1097 4254 tibris.

143 4289 175 4325 es
191 4275 329 4324 nucwrttnte
341 4274 392 4323 cod.
402 4274 498 4336 Rhedtq.
521 4269 649 4339 πλάσματι
661 4271 708 4338 τῆς
776 4271 800 4324 4.
818 4269 923 4327 δύναται
939 4277 1108 4337 sasptcntustrt
1117 4276 1243 4339 Ριιιιιιιιιις
1258 4289 1299 4327 aee

142 4341 342 4394 conmeantes.
377 4343 404 4391 ba
424 4343 491 4392 edittr
514 4345 577 4392 ectnt
592 4343 707 4407 πλασμα-
742 4345 846 4404 improbo
868 4345 917 4392 hoc.
951 4345 991 4392 Sic
1013 4343 1078 4404 tasso
1101 4357 1154 4406 cop.
1170 4339 1210 4394 34.
1244 4341 1298 4399 tct-

142 4410 231 4474 ruca‘qc
743 4425 803 4475 pene
819 4405 855 4477 pri
869 4427 904 4476 πη
919 4403 970 4478 ἄρα
985 4407 1095 4464 δύναται.
1131 4413 1167 4476 σι.
1185 4411 1321 4479 namna„

179 4479 207 4530 2.
225 4478 338 4542 supter
355 4475 392 4544 μή
409 4493 464 4531 nco.
742 4477 776 4530 30
792 4483 814 4528 et
829 4491 864 4542 sq.
