3176 4930
351 207 966 310 raasonmorarenturrseanxrv.
1180 241 1241 307 337

87 389 133 442 est
147 377 255 442 malum
270 375 338 442 mibi
354 375 509 463 perspicue
523 375 653 441 molitum
674 396 741 440 esse
760 383 927 454 constaret,
951 385 1038 459 atque
1055 387 1087 440 ut
1102 375 1241 441 inventor

87 480 135 544 illc
156 481 270 567 peceati
287 491 317 546 ct
332 479 510 546 architectus
534 478 691 544 excellenti
710 479 832 562 quadam
852 477 966 541 ratione
988 489 1126 562 peccator
1146 490 1238 558 esset,

88 592 176 666 atque
199 602 266 648 esse
284 582 570 666 deprehenderetur,
596 592 626 645 et
644 602 661 644 a
678 581 757 644 bono
779 579 984 664 seiungerctur
1006 582 1031 644 is
1055 583 1102 665 qui
1126 582 1241 646 divinae

87 685 145 768 legi
171 686 320 750 contraria
343 695 544 770 procurasset.
591 681 760 770 Spiritslem
785 683 861 748 enim
886 683 980 767 legem
1003 703 1070 746 csso
1092 685 1240 764 novimus,

87 787 212 871 ideoque
229 787 338 856 nemini
357 807 423 852 esse
441 785 535 850 fraudi
553 785 611 850 ulla
624 787 655 850 in
670 807 703 850 re
721 806 820 872 posse,
845 807 910 850 cnm
928 785 964 848 ab
981 797 1103 872 experte
1119 786 1242 850 rationis

87 887 246 975 cupiditate
270 890 356 974 longe
382 888 523 974 spiritalia
547 888 647 954 dissita
671 889 741 953 sint.
784 893 851 969 Ego
868 911 934 950 cero
950 891 1076 950 carnalis
1095 911 1172 964 rum,
1197 899 1394 959 cenoman.

86 995 238 1054 herodotus
252 994 305 1056 aab
322 1005 478 1073 menorans.
525 989 619 1074 Quasi
638 991 766 1072 diceret,
789 995 853 1071 Ego
871 1013 936 1054 cero
953 995 1173 1068 corneliorum,
1200 1003 1242 1057 ot-

87 1116 143 1180 que
159 1096 190 1160 in
206 1096 273 1160 mali
289 1094 416 1180 bonique
434 1095 529 1162 medio
547 1094 678 1181 positus,
703 1105 802 1179 utpote
825 1093 916 1173 liber,
941 1105 974 1158 ut
994 1095 1071 1179 qnod
1090 1095 1178 1160 velim
1199 1096 1243 1158 in·

86 1207 203 1280 tegrnm
221 1197 289 1262 mihi
310 1198 350 1262 sit
366 1198 477 1286 eligere
499 1197 599 1280 (Posui
612 1203 700 1273 cnr'rrr,
725 1197 834 1281 inquit,
858 1209 925 1260 onte
942 1199 1045 1278 sacrem
1064 1211 1139 1260 raom
1158 1203 1395 1273 cr‘tnmoeneacrs.

86 1312 117 1362 ct
129 1300 277 1386 mortem),·
303 1322 367 1364 curn
386 1299 461 1364 inid
477 1300 678 1381 inclinassem,
702 1311 733 1364 nt
750 1310 781 1364 et
795 1299 919 1385 spiritali
935 1299 1005 1384 legi,
1030 1301 1084 1364 hoc
1101 1312 1147 1365 est
1162 1323 1244 1366 man-

86 1405 169 1482 dato,
193 1404 312 1470 minime
326 1425 473 1490 parerem,
491 1413 523 1467 et
537 1414 674 1468 terrenae
688 1424 723 1467 ac
738 1424 803 1466 curn
819 1403 960 1466 materiae
976 1403 1060 1467 laces
1074 1415 1242 1484 concretae,

87 1505 144 1570 boc
159 1515 206 1568 est
222 1507 368 1592 serpentis
383 1506 519 1584 monitis,
544 1505 796 1591 obtemperarem,
821 1516 940 1591 propter
957 1505 1033 1569 hono
1052 1506 1194 1571 delectum
1214 1507 1245 1570 in

85 1618 239 1694 peccatum
259 1609 413 1695 prolapsus
432 1609 547 1673 diabolo
566 1629 630 1672 sum
650 1607 798 1672 venditus.
844 1607 922 1672 lliac
943 1607 1050 1672 malum
1069 1609 1150 1673 vdut
1166 1607 1245 1673 obsi·

86 1711 162 1776 dens
179 1711 580 1796 mibi·adhaereseit,.atqne
599 1711 628 1774 in
650 1731 739 1776 carne
756 1731 839 1790 mea,
863 1722 999 1796 tanquam
1017 1711 1046 1774 in
1065 1711 1152 1776 domo
1174 1733 1244 1795 qua-

86 1814 172 1892 dam,
197 1811 324 1892 habitat,
348 1815 589 1898 quemadmodum
606 1815 699 1878 ‘fucus
717 1812 828 1877 circum
851 1815 933 1879 levus
957 1835 1043 1898 apum
1060 1813 1187 1878 volitans
1210 1835 1244 1878 ac

86 1915 203 1978 bombis
219 1915 405 1999 obstrepens.
447 1913 522 1980 Mihi
537 1915 635 2000 itaque
651 1915 754 1980 violati
770 1915 898 1980 mandati
913 1935 1007 2001 poena
1023 1915 1094 1979 hoec
1110 1915 1243 2002 imposita

86 2027 151 2096 cst,
175 2017 218 2082 nti
235 2017 310 2084 melo
327 2019 537 2103 quodammodo
555 2020 711 2096 venderer.
757 2015 919 2104 Propterea
934 2018 1010 2102 quod
1029 2019 1105 2082 dacio
1124 2040 1181 2083 non
1198 2018 1243 2082 in-

86 2119 207 2204 telligo,
231 2120 297 2184 dum
316 2122 391 2205 quod
411 2122 479 2184 nolo
498 2121 608 2207 cogito.
655 2119 738 2186 llaec
761 2121 836 2184 enim
858 2120 965 2200 verba,
990 2125 1072 2200 Quod
1082 2123 1166 2203 scarb
1186 2138 1349 2196 nonnemo,
1364 2137 1396 2182 ts

85 2242 244 2304 regnoara,
268 2236 299 2285 ct
318 2228 394 2305 quod
412 2228 462 2286 odi
475 2227 573 2308 sacch,
599 2245 657 2288 non
675 2225 719 2314 sic
737 2224 905 2308 accipienda
921 2232 1007 2303 siunt,
1032 2223 1114 2308 quasi
1138 2223 1243 2286 malurn

85 2326 231 2411 perlicere
255 2325 370 2412 penitus
387 2347 422 2390 ac
445 2325 629 2392 committere
646 2325 776 2406 dicatur,
796 2326 852 2411 sed
874 2326 910 2389 ad
926 2326 1018 2388 solam
1037 2325 1243 2410 cogitationem

86 2428 194 2492 relerri
213 2449 265 2514 par
287 2438 350 2508 est,
374 2449 439 2492 cunr
458 2429 626 2515 plerumque
644 2429 758 2492 alienae
780 2427 865 2513 nobis
881 2439 911 2491 et
929 2427 1075 2492 absurdae
1091 2427 1245 2510 cogitatio-

87 2549 143 2594 nes
158 2530 313 2609 advolent,
338 2540 369 2594 et
385 2531 421 2596 ed
435 2551 472 2594 ea
487 2551 562 2617 quac
579 2531 714 2596 nolumus
732 2531 878 2594 illudendo
894 2552 949 2594 nos
965 2541 1142 2616 provocent,
1168 2529 1244 2613 quod

85 2633 184 2696 anima
208 2633 435 2716 cogitationibus
457 2635 520 2698 suis
542 2653 594 2718 per
616 2633 728 2698 inlicita
751 2653 848 2696 rerum
870 2653 982 2718 genera
1004 2631 1194 2696 distrahatur.

172 2732 279 2819 Neque
297 2735 421 2800 enimin
441 2736 524 2802 nobis
543 2735 703 2800 ullomodo
721 2737 809 2800 situm
828 2745 873 2798 est
888 2735 1077 2800 abhorrentia
1099 2733 1242 2819 cogitare,
1254 2739 1398 2809 capnvrr.
1513 2815 1517 2828 ,

87 2836 134 2900 vel
165 2857 223 2898 non
248 2837 398 2922 cogitare,
426 2839 555 2917 seduli,
586 2839 633 2902 vel
656 2859 713 2902 non
739 2838 779 2902 uti
801 2836 948 2921 cogitatis.
993 2835 1072 2900 Nam
1096 2857 1133 2900 ne
1160 2836 1245 2900 nobis

86 2939 255 3002 istiusmodi
271 2940 465 3024 cogitationes
484 2941 626 3026 obrepant
644 2961 719 3026 quae
737 2940 878 3026 probandi
896 2939 989 3003 nostri
1009 2959 1113 3004 caussa
1132 2939 1246 3003 extrin-

86 3061 177 3106 secus
195 3040 401 3122 immittuntur,
424 3043 580 3130 probibere
600 3065 658 3107 non
677 3063 844 3129 possumus,
869 3063 926 3106 non
941 3043 1078 3106 assentiri
1095 3053 1126 3106 et
1140 3042 1245 3106 oblatis

87 3165 149 3208 non
165 3145 205 3208 uti
221 3165 386 3228 possumus.
432 3143 553 3229 Alioqui
569 3146 713 3230 quomodo
729 3145 846 3209 taudem
863 3146 1012 3230 apostolus
1027 3145 1144 3225 malum,
1169 3145 1245 3231 quod

86 3246 145 3310 sibi
175 3247 363 3333 displicebat,
392 3242 757 3327 maxime'eommitteret,
787 3247 893 3310 malum
918 3268 991 3311 vero
1014 3248 1090 3330 qnod
1113 3247 1248 3331 placebat

89 3369 278 3433 nequaquam
307 3351 435 3431 iaceret,
467 3350 524 3414 nisi
553 3351 589 3414 de
610 3349 780 3435 ‘peregrinis
808 3347 1034 3434 cogitationibus
1063 3350 1244 3434 loqueretur,

87 3471 165 3536 quas
182 3451 281 3516 anime
296 3453 469 3537 quandoque
487 3453 534 3518 vel
548 3452 632 3516 inviti
648 3454 818 3537 incertaque
836 3451 919 3516 nobis
937 3472 976 3516 cx
994 3471 1098 3516 caussa
1119 3461 1246 3515 tractare

87 3554 241 3619 solemus?
284 3551 367 3637 Quas
386 3555 501 3638 quidem
516 3564 654 3620 erertcro
671 3565 758 3640 atque
779 3554 913 3618 inhibere
930 3554 1085 3633 convenit,
1109 3573 1146 3616 ne
1162 3551 1246 3614 dillu-

87 3675 144 3720 sae
162 3677 197 3718 ac
213 3655 369 3720 collatatae
388 3668 539 3722 extremos
553 3677 685 3742 quosque
703 3657 783 3721 velut
798 3655 912 3720 animae
930 3656 1004 3718 lines
1023 3653 1054 3718 in
1070 3661 1245 3739 potestatem

87 3757 240 3843 redigant.
284 3755 391 3842 Neque
406 3759 481 3824 cnim
499 3761 562 3824 lieri
579 3771 676 3846 potest
690 3769 722 3824 ut
736 3761 761 3824 si
776 3760 845 3823 illae
862 3758 1013 3826 commode
1029 3755 1245 3834 succreverint,

88 3861 201 3924 bonum
222 3859 252 3924 in
276 3860 362 3924 nobis
385 3861 558 3926 efflorescat.
603 3860 698 3926 Recte
719 3862 816 3945 itaque
838 3860 952 3924 dicebat
975 3851 1152 3944 apostolus?
1167 3861 1248 3937 (laod

88 3969 166 4028 eamr
180 3965 318 4044 perstare,
343 3985 398 4026 non
416 3986 572 4046 cognosco,
596 3986 651 4026 oon
668 3967 740 4026 cada
758 3968 834 4044 quod
850 3966 913 4024 colo
927 3965 1022 4043 focio,
1045 3966 1097 4024 sed
1110 3965 1186 4043 quod
1200 3963 1250 4022 odi

88 4068 244 4150 hocsemii.
290 4062 435 4130 Volumus
450 4067 554 4153 quippe
570 4087 606 4130 ea
621 4085 695 4150 quoe
713 4065 831 4128 ndninrc
848 4064 1039 4142 conveniunt,
1063 4083 1194 4149 quaeque
1211 4061 1248 4126 il-

87 4170 172 4233 licita
191 4176 275 4247 suut,
298 4187 336 4232 ne
355 4167 486 4252 cogitare
508 4169 634 4254 quidem.
682 4165 754 4232 lllud
777 4167 855 4230 enim
873 4169 1032 4252 perlectum
1057 4167 1172 4232 demum
1194 4165 1245 4230 bo·

89 4293 163 4337 num
183 4280 241 4351 est,
264 4269 341 4354 quod
357 4290 415 4335 non
433 4272 519 4336 modo
535 4293 552 4336 a
566 4269 773 4358 perpetrando,
797 4271 851 4336 sed
866 4279 896 4334 et
909 4267 1066 4354 cogitando
1081 4269 1157 4334 malo
1173 4280 1246 4333 tem·

89 4383 188 4462 perat.
233 4369 275 4436 llt
293 4377 369 4455 qood
385 4375 485 4436 bonam
504 4379 646 4450 colamur,
671 4393 851 4458 nequaquam
876 4372 1015 4452 efficitur,
1037 4377 1088 4436 ced
1105 4376 1181 4454 qaod
1196 4394 1246 4434 ac-

89 4483 186 4541 lmrrur
200 4479 315 4540 malum
347 4472 498 4560 Siquidem
514 4478 612 4542 animo
628 4489 729 4544 nostro
749 4479 917 4560 frequentes
933 4475 1076 4557 incidunt,
1100 4473 1246 4540 acvclin·

145 4571 462 4636 connumerantes
1001 4582 1044 4646 22
