3168 4942
357 229 495 284 eunoun
511 231 617 286 urunt.
635 233 722 317 retu.¹
732 233 764 286 ιι.
778 233 879 286 naua.
892 233 991 286 oxtx.
1194 223 1253 288 est

95 363 166 432 unt,
190 371 245 438 por
259 371 323 433 me,
348 351 571 438 adoptionisqne
594 353 749 419 beneflcio.
795 349 891 418 Deum
912 373 1026 434 meum,
1051 353 1188 439 qnoniam
1204 375 1256 420 ve-

97 467 184 520 strum
207 475 325 519 earnem
349 456 485 540 suscepi,
509 457 594 522 deum
618 468 768 535 vestrum,
792 457 954 521 secundnm
977 468 1130 536 staturam,
1163 467 1256 522 etex

96 558 139 622 rei
159 557 297 622 venitote.
343 553 410 640 Qus
433 558 548 626 notione
572 560 728 624 manifeste
750 559 849 625 omnia
867 581 902 624 oe
919 561 1074 646 perspioue
1092 570 1178 640 sunt,
1204 581 1255 626 ne·

98 681 151 744 qne
172 659 325 744 quiequam
350 661 529 726 eotatrorinm
553 673 600 726 est
621 683 657 726 ao
680 683 864 748 repugnans,
889 683 945 726 neo
968 662 1043 754 ullus
1060 661 1089 724 in
1108 663 1255 749 scriptura

96 762 175 828 loeus
198 763 381 828 mortiferum
404 764 573 849 quiequam,
607 776 637 829 et
663 766 823 830 exitiosum
852 764 940 828 habet
968 764 1129 828 admixtum
1153 775 1185 829 ut
1206 765 1256 830 isti

97 866 255 951 eeptantlae
277 864 444 928 occasionis
465 867 560 950 gratia
581 869 676 932 videri
700 868 820 946 nolunt,
844 867 892 951 qui
914 866 970 931 sibi
992 865 1065 952 ipsis
1089 865 1255 951 perniciosa

98 967 236 1052 quaedum
260 968 434 1052 excogitare
456 969 565 1033 solunt.
612 966 672 1034 Setl
695 991 761 1034 eum
780 969 941 1050 haetenus,
966 978 998 1033 ut
1014 969 1130 1054 opinor,
1155 971 1190 1033 tle
1210 969 1256 1032 his

96 1071 209 1135 alonte
231 1071 271 1134 sit
293 1069 422 1151 dietum,
443 1093 520 1136 none
542 1072 577 1136 etl
601 1071 657 1137 alia
681 1072 882 1137 transibimus.

179 1170 321 1259 Spiritum
348 1175 446 1258 itnqne
475 1186 608 1240 sanetum
634 1186 788 1239 erraturae
813 1195 880 1240 esse
907 1183 1072 1238 ereaturam
1100 1183 1249 1253 esserunt,
1271 1177 1410 1246 ceptvt.

95 1275 170 1360 quod
184 1297 238 1357 per
250 1279 350 1358 filium
366 1282 458 1339 omnm
468 1280 554 1361 pireto
568 1283 637 1353 saint,
663 1289 695 1342 nt
708 1278 855 1363 seriptum
873 1287 1006 1342 testetur.
1043 1274 1074 1340 ln
1092 1298 1149 1361 quo
1166 1277 1255 1342 stulte
1269 1284 1407 1341 luunt&

24 1387 32 1396 '
95 1379 250 1442 nonnullos
268 1379 298 1442 iu
323 1399 455 1443 errorem
473 1379 637 1460 abducunt,
662 1381 729 1444 llum
753 1381 918 1465 scripturae
942 1378 1118 1444 seutentiam
1142 1364 1201 1444 uon
1223 1391 1257 1444 ut

96 1492 236 1566 eoneepta
261 1492 308 1544 est
324 1483 494 1567 proterunt,
519 1485 571 1548 sed
588 1505 741 1570 perperam
765 1482 983 1568 intelligentes,
1008 1484 1083 1567 quod
1103 1483 1255 1569 praeelare

95 1595 268 1668 eooeeptum
284 1595 331 1648 est
348 1587 423 1649 mule
441 1586 612 1672 accipiendo
629 1587 909 1671 interpretendoque
927 1585 1100 1668 depravent.
1147 1583 1256 1669 Neque

95 1686 172 1750 enim
190 1687 375 1772 evangelium
392 1689 428 1752 tle
453 1689 558 1774 spiritu
576 1689 724 1774 loquitur,
748 1689 800 1751 sed
818 1688 853 1751 tle
874 1687 982 1750 creatis
1002 1686 1090 1750 rebus
1107 1687 1254 1768 omnibns,

95 1791 183 1873 idque
202 1811 290 1854 unum
311 1791 459 1870 tlenloret,
484 1791 620 1876 quitquid
640 1801 770 1854 ereetum
788 1799 852 1871 est,
877 1788 1068 1876 perverbum
1085 1800 1147 1854 ete
1164 1790 1256 1854 verbo

96 1893 188 1956 luisse
213 1893 397 1977 productum.
444 1899 543 1956 Omnia
564 1899 636 1956 enno
655 1915 710 1975 per
730 1898 820 1974 ι’ρειιει
846 1896 926 1976 sermo
948 1905 1029 1968 sunt,
1064 1897 1173 1955 steine
1194 1897 1255 1974 ipso

90 1998 200 2077 seeum
221 2006 267 2056 est
286 1999 368 2058 na'iil.
414 1994 473 2061 Ulti
490 1997 637 2060 sententia
653 1997 687 2060 ed
704 1996 779 2060 liaeo
795 2017 888 2080 usque
903 1997 1011 2074 verbe,
1045 1999 1126 2074 Quod
1137 1999 1253 2078 foetum

92 2109 153 2172 εει,
179 2098 343 2162 eontinnari
359 2099 464 2179 debet,
489 2111 522 2162 ut
538 2100 578 2163 ite
602 2099 749 2162 diseamus
772 2099 869 2163 omnia
890 2119 942 2184 per
965 2099 1058 2184 ipsum
1074 2119 1143 2162 esse
1166 2101 1254 2180 laeta,

94 2211 126 2263 et
148 2200 212 2262 sine
237 2201 301 2283 ipso
324 2202 430 2266 laetum
451 2201 534 2266 nihil.
581 2199 713 2266 [ieiunius
748 2206 783 2264 ln
805 2207 866 2282 ipso
886 2206 945 2264 nito
966 2213 1038 2264 erut.
1087 2200 1203 2288 Quippe
1225 2201 1256 2266 in

92 2303 150 2367 ltoo
172 2303 324 2367 institutae
351 2325 367 2366 e
395 2302 506 2368 loonne
532 2303 676 2368 orationis
707 2303 948 2389 consequentium
976 2303 1089 2390 impleri
1113 2303 1255 2390 oportuit,

91 2415 127 2470 ut
143 2405 173 2468 in
192 2405 304 2484 verbo,
336 2407 412 2490 quod
437 2417 500 2487 est,
533 2427 608 2491 quae
630 2417 699 2470 sunt
716 2407 812 2471 omnnio
831 2408 963 2493 perleote
989 2407 1087 2470 inesse
1108 2407 1256 2470 eommuni

92 2508 284 2572 contessione
312 2519 475 2574 constaret.
521 2513 555 2571 In
581 2514 724 2591 proserpat»
746 2513 818 2572 ennio
845 2521 910 2571 erut
930 2511 1060 2584 mium,
1093 2520 1122 2572 et
1141 2510 1255 2572 serlum

92 2624 162 2673 eret
190 2615 267 2692 opud
291 2615 388 2686 deum,
420 2624 452 2673 et
469 2616 538 2674 deus
567 2624 630 2675 erut
657 2614 781 2673 uerbum
837 2610 1079 2696 Quandoquidem
1102 2615 1192 2686 Erat,
1228 2620 1257 2675 et

92 2717 188 2788 Erat,
214 2723 244 2777 el
266 2718 356 2789 Erat,
383 2725 413 2778 et
436 2720 499 2777 Vita
522 2725 607 2776 mont
626 2735 698 2796 praue
719 2719 749 2776 air
770 2719 831 2795 ipso
852 2726 929 2789 sunt,
955 2725 985 2777 et
1007 2717 1155 2776 Brutine
1175 2735 1254 2789 omn,

90 2826 143 2892 ει,
170 2821 203 2878 ln
226 2821 328 2878 mondo
350 2829 424 2892 erut,
450 2839 484 2881 oe
501 2837 575 2901 quoe
591 2817 626 2879 ad
646 2816 700 2879 hoo
713 2815 806 2901 ipsum
823 2815 998 2895 attinebant,
1023 2818 1117 2881 saneti
1136 2817 1257 2904 spiritus

89 2919 190 2983 offlam
210 2919 313 2982 tentos
329 2916 457 2982 loannes
474 2919 616 2983 declarat.
663 2923 772 2993 omnen,
794 2918 899 3003 inquit,
919 2940 974 3001 per
990 2924 1079 3000 iprum
1088 2922 1173 3004 sueto
1188 2933 1259 2984 runt

87 3043 165 3104 quoe
177 3025 263 3105 secta
284 3034 361 3085 sunt.
408 3019 505 3085 Porro
531 3041 619 3107 supra
644 3041 678 3084 en
704 3041 779 3106 quae
805 3022 881 3084 loeta
907 3031 976 3084 sunt
1001 3022 1050 3086 ille
1077 3022 1255 3087 constitutus

86 3133 155 3201 est,
189 3145 284 3208 equo
307 3125 383 3188 laete
399 3135 469 3189 sunt
484 3125 596 3189 narnia.
644 3121 730 3208 Quod
752 3133 851 3188 eutem
874 3123 1021 3209 scripture
1045 3145 1111 3188 eum
1129 3124 1256 3190 dixisset

76 3230 172 3311 sueto
193 3247 254 3289 esse
271 3233 432 3309 peripsum
447 3233 550 3302 mnne,
576 3247 718 3311 quaenam
739 3226 787 3290 illo
808 3227 904 3291 iurent
920 3227 1091 3290 nominatim
1108 3226 1183 3290 lteutl
1200 3246 1255 3291 ex·

86 3331 256 3417 presserit,
281 3329 353 3394 loeo
370 3349 438 3394 esse
454 3349 559 3393 neusse
582 3330 699 3393 ridetur
721 3330 796 3414 quod
821 3330 900 3394 nulla
924 3340 984 3394 tum
1007 3340 1088 3394 esset
1111 3329 1255 3394 eiusmodi

84 3432 288 3519 improbitotis
304 3432 451 3517 suspioior
476 3442 509 3495 ιιι
523 3430 655 3496 nonnulli
671 3433 744 3494 lalsn
760 3432 902 3516 quaedem
920 3431 975 3496 sibi
990 3432 1129 3518 opinione
1144 3437 1255 3518 lingeu-

88 3549 139 3599 tes
156 3535 300 3599 adversus
318 3535 527 3599 immotabilem
544 3555 578 3598 ae
595 3545 728 3598 sonetum
747 3534 792 3596 dei
809 3533 945 3620 spiritum
963 3535 1185 3600 contumeliosis
1202 3557 1255 3599 no-

83 3639 176 3703 eiltus
194 3639 338 3702 auderent
357 3639 525 3721 insurgere.
573 3635 619 3700 lle
642 3635 701 3700 illis
721 3637 798 3702 enim
815 3637 984 3720 eeeipiende
1008 3648 1055 3700 est
1076 3638 1123 3700 ille
1145 3637 1255 3701 domini

83 3741 257 3806 sententies
282 3745 321 3804 se·
338 3747 402 3823 perir
423 3745 533 3803 deuenit
552 3740 666 3802 uerbum
688 3745 717 3802 in
730 3742 830 3821 filium
847 3743 977 3814 lomenti,
1003 3745 1164 3803 remittetur
1177 3745 1251 3823 e'pri:
1266 3766 1351 3814 Maus.

81 3850 135 3906 εἰη
157 3855 251 3906 aulem
272 3848 383 3906 doment
408 3849 436 3906 t'n
463 3849 594 3925 spr'ritum
621 3855 767 3918 sonetum,
802 3865 858 3906 non
880 3847 1040 3905 remittetur
1061 3847 1132 3925 t'psi,
1167 3865 1256 3926 neque
1268 3819 1383 3918 Μ,

81 3951 153 4020 Ιιιέ,
179 3967 268 4028 neque
289 3952 319 4009 in
332 3949 440 4030 fintene
456 3949 563 4008 seerclo.
611 3943 652 4008 Et
666 3965 740 4010 vero
757 3945 946 4010 stolidissime
962 3956 1009 4010 est
1024 3944 1140 4010 illorum
1165 3947 1252 4010 ratio.
1280 3922 1302 3980 ι’
1316 3925 1351 3970 ”⁶

81 4045 245 4112 imovero
262 4049 371 4113 exhao
388 4050 517 4134 ipsorum
536 4045 693 4134 opinione,
718 4067 793 4132 quae
812 4069 877 4112 eum
898 4069 1011 4112 summo
1033 4049 1062 4111 in
1082 4049 1167 4114 eleum
1184 4069 1256 4113 oon·

82 4151 209 4216 tomello
232 4153 388 4216 eoninonta
406 4164 470 4230 εει,
494 4153 538 4215 sio
555 4171 608 4216 eos
621 4171 802 4236 oppugnare,
828 4161 858 4214 et
873 4153 908 4214 nd
925 4171 992 4215 eom
1008 4151 1125 4215 molum
1142 4151 1255 4216 instare

81 4255 176 4317 lieet:
202 4251 230 4318 0
247 4253 390 4340 praeclari
408 4253 574 4339 sophistae,
597 4259 632 4318 ee*
650 4253 915 4337 detorquendomm
931 4252 1089 4317 verborum
1107 4254 1253 4319 artiliees!
1329 4333 1336 4349 ι

76 4409 305 4472 [emanaturum
321 4409 373 4458 oud.
389 4409 436 4459 len.
454 4423 552 4472 queem,
570 4408 611 4458 sed
625 4409 655 4457 nt
690 4409 742 4458 bant
759 4407 816 4456 editt
834 4410 894 4458 teum

77 4475 173 4526 eodem
184 4477 377 4542 monumnenta
392 4489 440 4527 esre
454 4475 526 4530 elrreo
549 4477 600 4528 lloo
611 4477 656 4527 no-
727 4474 765 4526 10.
785 4473 843 4545 einp
861 4477 928 4528 εοιιιι.
946 4489 1001 4530 mss.
1019 4481 1041 4527 et
1058 4477 1094 4527 ιιι
1112 4481 1188 4541 peteo.
