3148 4938
357 249 494 304 causan
512 251 619 306 man.
636 249 763 304 ronn.
782 249 989 304 nnsnnxnx.
1194 235 1256 304 tut
1381 321 1393 340 .

101 389 167 454 dem
191 387 342 476 posterius
364 387 502 452 obtinuit.
554 383 633 452 Nam
655 385 748 451 Arius
773 397 861 451 noctu
886 385 1001 451 uentris
1023 385 1141 450 levandi
1163 387 1259 474 gratia

103 491 238 578 prcgsudi
258 501 391 570 coaetus,
415 489 493 554 etin
513 509 663 555 emessam
682 488 797 569 abiens,
821 490 850 553 in
866 487 929 574 ipsa
947 487 1022 552 cella
1041 488 1180 554 decidens
1193 511 1259 555 era·

101 594 174 678 unit,
198 615 233 658 ae
247 601 382 658 mortuus
397 603 444 656 est
459 592 609 656 inuentus.
643 587 688 656 ltu
708 590 901 656 foetidissimo
918 591 947 654 in
963 590 1030 655 loeo
1045 602 1181 676 repertus
1198 601 1257 672 ast,

102 716 167 760 cum
190 694 330 760 intestina
353 694 451 760 omnia
474 693 594 780 pemnde
621 693 760 758 eiecisset
788 703 874 780 atque
900 689 1130 780 impurissimum
1152 692 1257 778 dogma

101 808 267 862 vomuerat.
350 830 353 843 ·

185 898 241 964 ilis
264 900 300 963 ad
325 921 391 964 eum
411 900 527 964 modum
546 900 639 984 gestis
655 901 813 986 imperator
828 898 972 964 ecelesiae
990 899 1169 978 consulens,
1192 919 1257 964 curn
1278 913 1392 986 camxt.

100 1000 158 1065 iam
176 1001 323 1087 plerisque
341 1023 357 1065 a
375 1022 408 1067 se
425 1001 552 1065 invicem
569 1001 777 1066 dissidentibus
793 1001 875 1066 naria
892 1011 995 1066 essent
1012 1001 1183 1081 schismata,
1208 1023 1259 1066 oe·

102 1103 282 1168 cumcnicam
301 1104 445 1190 synodum
466 1103 577 1188 colligit
592 1091 785 1170 CCCXVlll
808 1105 1031 1190 episcoporum,
1059 1125 1183 1189 quorum
1207 1126 1260 1168 uo·

100 1208 178 1270 mina
195 1206 231 1270 ad
248 1206 304 1269 hoc
321 1224 413 1291 usqua
428 1217 542 1293 tempus
559 1217 675 1272 extant.
722 1205 761 1272 tti
775 1205 908 1272 Nicaeae
925 1208 1096 1292 congregati
1118 1207 1257 1272 damnato

101 1307 169 1372 Arii
188 1308 343 1393 dogmatae
360 1307 555 1372 orthodoxum
583 1320 697 1394 patrum
722 1309 805 1372 iidem
819 1307 1054 1388 immutabilem,
1084 1319 1115 1373 nt
1132 1309 1169 1373 ah
1187 1330 1259 1395 apo·

101 1408 187 1474 stolis
207 1429 241 1473 ac
257 1410 407 1496 prophetis
427 1409 563 1475 traditam
582 1412 767 1475 coairmant.
811 1409 969 1476 Postremo
993 1411 1040 1476 uhi
1059 1411 1261 1498 subscripsere

102 1511 251 1597 epiceopi,
284 1523 314 1576 ct
328 1511 469 1576 Asianum
496 1511 632 1577 haeresin
652 1513 837 1578 anathemata
855 1514 1023 1592 devovere,
1056 1515 1171 1600 syuodo
1195 1514 1260 1578 linia

99 1623 149 1677 est
167 1612 333 1699 impositus.
380 1611 492 1678 Eadem
510 1613 539 1678 in
557 1615 671 1700 synodo
692 1637 821 1680 canones
840 1616 954 1701 quidam
974 1616 1169 1680 ecclesiastici
1186 1637 1258 1680 oon·

100 1714 154 1778 diti
177 1726 257 1780 aunt.
303 1714 370 1780 Nec
398 1737 457 1780 non
481 1726 512 1782 et
536 1718 571 1782 de
595 1717 739 1802 paschatis
764 1717 936 1783 celebritate
953 1717 1188 1798 constituerunt,
1217 1718 1260 1782 nti

98 1828 206 1882 sancta
225 1817 276 1882 ilia
296 1817 522 1902 religiosissima
542 1819 605 1885 dies
627 1820 729 1883 eodem
752 1829 883 1906 tempore
907 1840 1020 1884 summa
1047 1840 1112 1884 cum
1134 1841 1260 1886 cousen-

97 1919 184 1986 sione
207 1937 242 1984 ac
266 1919 425 1986 eoncordia
449 1921 663 1988 celebraretur.
707 1919 785 1986 Nam
808 1933 893 1986 antea
916 1943 974 1986 nou
999 1923 1103 1986 eadem
1128 1923 1259 1987 omnium

96 2033 167 2086 erut
184 2022 366 2088 observatio.
413 2021 540 2106 Quidam
561 2022 639 2088 euim
663 2024 904 2103 antecedebant,
928 2024 977 2088 alii
995 2023 1092 2088 medio
1110 2035 1257 2111 tempere,

97 2123 150 2188 alii
168 2136 318 2209 postremo
342 2146 460 2190 sacrum
487 2126 566 2190 illum
586 2126 662 2190 diem
686 2126 825 2211 agebant,
859 2136 888 2190 et
907 2136 940 2190 ut
958 2148 1017 2190 orno
1043 2127 1135 2192 verbo
1151 2127 1258 2207 dicam,

98 2246 216 2291 summa
241 2239 305 2291 crat
326 2249 380 2312 per
401 2227 470 2292 iliud
491 2238 605 2313 tempus
624 2228 770 2293 conlusio.
816 2226 904 2311 Quae
926 2229 1024 2292 omnia
1049 2229 1128 2314 pacis
1150 2229 1261 2294 cunsti-

97 2329 228 2392 tuendae
247 2331 343 2412 gratia
361 2329 437 2395 beati
454 2326 643 2394 Constantini
662 2351 751 2416 opera
769 2353 804 2394 ac
820 2332 917 2396 studio
934 2331 1070 2416 componi
1088 2330 1160 2395 deus
1181 2330 1261 2416 paci·

97 2430 244 2515 [inanique
268 2433 372 2498 uoluit.
424 2429 585 2515 Postquam
607 2431 699 2495 Arius
724 2433 904 2518 proscriptus
926 2443 988 2512 est,
1024 2445 1183 2518 ceteraque
1205 2432 1261 2496 hoc

96 2533 189 2598 nodo
206 2545 290 2618 gesta
309 2547 395 2613 sunt,
420 2535 522 2598 eodem
542 2553 621 2597 anno
635 2545 750 2600 mortuo
766 2534 942 2599 Alexandro
960 2535 1196 2600 Alexandrinam
1211 2555 1261 2598 ec·

96 2635 221 2702 elcsiam
244 2635 376 2700 Achillas
394 2636 535 2701 obtinuit:
562 2646 664 2699 contra
682 2656 767 2719 quem
777 2632 929 2701 Meletiani
946 2637 1100 2702 Thoonem
1116 2657 1262 2724 opposue·

96 2747 180 2802 rant.
225 2737 343 2804 Achilla
361 2759 433 2804 vero
451 2748 518 2823 post
536 2749 597 2802 tres
621 2757 738 2802 menses
758 2738 895 2803 deiuncto
911 2739 1095 2804 Athanasius
1117 2739 1263 2804 suecessit

96 2839 301 2905 Alexandrini
320 2840 478 2918 dianonus,
504 2839 541 2904 ab
557 2859 652 2925 ecque
669 2841 704 2904 ad
721 2840 889 2906 comitatum
911 2841 1036 2922 missus3
1061 2840 1108 2905 cui
1130 2841 1261 2906 moriens

98 2942 276 3007 Alexander
303 2941 500 3028 episcopatum
531 2943 672 3006 committi
702 2945 901 3008 nnaudaverat.
957 2942 1068 3008 Verum
1094 2965 1158 3009 cum
1190 2945 1263 3009 hacc

95 3045 141 3110 sit
158 3045 361 3110 Alexandriae
385 3045 569 3108 consuetudo
589 3055 620 3108 ut
644 3057 709 3129 post
727 3047 854 3132 episcopi
873 3056 996 3110 mortam
1023 3067 1182 3112 successor
1204 3069 1263 3111 non

94 3147 210 3212 diutins
224 3146 394 3226 differatur,
419 3147 472 3212 sed
494 3146 618 3212 subinde
638 3146 719 3232 pacis
743 3149 868 3213 tuendae
884 3149 980 3232 gratia
1003 3148 1199 3233 subrogetur,
1225 3169 1262 3214 ne

93 3247 167 3313 aliis
185 3247 278 3328 hunc,
303 3249 369 3314 aliis
385 3249 464 3313 illum
480 3249 724 3334 amplectentibus
747 3250 841 3334 iurgia
859 3251 888 3314 in
907 3251 1033 3335 vulgens
1051 3261 1081 3314 et
1092 3251 1262 3316 contentio-

93 3369 154 3414 nes
182 3350 314 3415 csistaat
343 3351 466 3416 ahsente
488 3349 654 3415 Athanasio
679 3351 824 3416 Achillam
856 3352 1035 3418 substituere
1058 3337 1158 3418 coacti
1179 3365 1261 3418 sunt.

93 3450 265 3518 Enimuero
286 3453 374 3518 sedes
392 3456 419 3518 ei
436 3475 472 3518 ac
490 3453 676 3540 pontificatus
695 3452 872 3533 debebatur,
905 3455 1002 3540 quiet
1025 3478 1042 3520 a
1062 3457 1118 3520 dco
1138 3467 1262 3522 vocatus

92 3565 129 3620 et
145 3576 164 3618 a
183 3553 270 3620 heato
290 3555 464 3622 Alexandro
480 3553 658 3620 constitutus
674 3557 781 3619 luerat.
828 3552 887 3640 Qui
904 3577 976 3622 mon
999 3569 1031 3622 ut
1047 3558 1261 3623 Alexandriam

92 3655 185 3722 uenit
200 3671 231 3722 et
245 3658 401 3745 episcopus
419 3669 536 3724 creatus
552 3665 609 3736 cst,
635 3647 802 3722 uehementi
816 3657 969 3742 religionis
984 3661 1091 3723 ardore
1107 3671 1260 3739 aestuans,

91 3781 133 3824 ac
155 3759 337 3845 deplorando
356 3759 502 3826 ecclesiae
526 3769 607 3824 statu
630 3769 814 3839 commotus,
845 3781 911 3824 cum
929 3759 1036 3845 ubique
1055 3763 1264 3827 conventicula

91 3883 133 3927 uc
152 3861 251 3947 populi
267 3861 394 3926 diuortia
408 3883 427 3926 a
441 3859 613 3928 Melctiuuis
627 3861 750 3941 herent,
774 3863 813 3927 oh
828 3883 893 3926 cam
909 3883 1045 3928 caussam
1064 3883 1150 3948 quum
1172 3883 1262 3949 supra

91 3961 311 4048 arescimus,
341 3985 408 4028 cum
427 3964 463 4028 de
478 3961 644 4029 Meletiauo
661 3963 821 4029 schismate
842 3985 1015 4050 ageremus,
1046 3966 1096 4030 illc
1118 3963 1263 4030 ecelesias

88 4064 274 4132 consociare
300 4077 332 4131 et
353 4068 388 4132 ud
412 4066 598 4131 concordiam
622 4065 760 4150 redigere
778 4067 901 4152 cupiens
921 4066 1110 4153 increpandi,
1142 4068 1264 4132 commi·

87 4237 165 4276 nume
188 4217 235 4286 τὴν
257 4215 331 4288 sinim
356 4219 417 4274 tou
443 4219 577 4288 παιίορτοι
598 4215 668 4286 uind-
735 4218 760 4274 4.
778 4217 921 4306 usuardum
937 4223 1051 4308 sputum
1064 4227 1097 4273 est
1111 4223 1203 4285 nmque.

88 4305 158 4408 ⁹⁰3.
174 4353 269 4423 φιρσις
285 4359 418 4409 manus
439 4361 473 4409 aa
493 4358 593 4408 nnana
630 4357 667 4419 cs.
699 4286 973 4420 ealbrlnll‘lmm‘
989 4294 1083 4354 noan
1099 4291 1150 4342 m
1165 4296 1264 4354 ’Μ

85 4427 164 4488 unfro
182 4426 271 4475 ednod
287 4427 321 4476 nd
342 4439 395 4488 nuo.
412 4423 452 4477 31.
488 4421 598 4492 odoacre
611 4425 666 4486 ntu-
707 4409 709 4411 ¹
732 4421 757 4476 b.
779 4420 918 4492 dmcaesolu
934 4428 1027 4476 nudat
1048 4439 1078 4477 es
1099 4427 1165 4477 unm
1187 4439 1263 4478 m

84 4495 144 4548 συιδ
159 4493 205 4546 tua
217 4494 347 4558 &attona
382 4495 449 4546 tttrt
462 4494 547 4546 habu
561 4488 664 4564 opime
698 4495 810 4546 annm
836 4493 863 4545 ta
876 4498 975 4561 mque
988 4495 1050 4546 catto
1061 4498 1095 4547 sut
1107 4491 1262 4550 ἁιισκοιιίαι.
