3168 4926
297 197 338 262 32
723 211 845 264 οινοτι
860 211 1028 264 ιοιοιιιινιι
1133 291 1135 296 ¹
1237 256 1239 264 .

383 322 461 391 Ελτα
484 324 573 392 πάλιν
590 329 666 410 φησὶ
685 327 719 395 τά
740 327 864 396 ἐλιεινύν
879 327 1094 416 ἀνθρωπάριον
1113 327 1273 405 Μοντανύς
1289 327 1350 410 ὅτι,
1377 327 1455 396 Οῦτε

298 425 426 514 άγγελος,
449 427 517 495 οῦτε
532 431 672 514 πρέσβυς,
694 429 765 496 α’λλοί
781 431 838 517 lym*
854 431 957 516 κύριος
974 429 993 498 ύ
1008 431 1081 508 θεάς
1096 430 1193 518 πατὴρ
1211 424 1316 515 ἦλθον.
1354 440 1454 498 Ταῦτα

297 532 330 596 δέ
350 533 442 618 λέγων
465 532 679 618 φωραθήσεται
699 531 849 618 άλλύτριος
872 533 929 612 οῦν,
953 533 1084 620 Χριστὸν
1104 533 1144 617 μὴ
1167 533 1311 615 δοξάζων,
1334 532 1370 600 ὃν
1390 542 1455 599 πᾶν

296 630 423 719 χάρισμα
440 634 677 717 ἐκκλησιαστικύν
700 639 731 701 ἐν
752 638 889 724 ἐκκλησίγ
907 645 943 726 τῇ
962 634 1030 726 άγίηι
1046 638 1138 702 δοθέν
1160 640 1192 703 ίν
1212 635 1336 725 άληθείγι
1352 635 1455 714 ἐδόξα-

296 759 356 802 σεν.
388 733 595 822 Εύρεθήσεται
608 735 664 824 γάρ
680 735 764 814 ἐκτύς
782 735 858 804 εἶναι
869 737 1005 820 σοι’ματος
1020 741 1174 822 ἐκκλησίας
1188 743 1239 805 καλ
1251 747 1382 822 κεφαλῆς
1396 745 1454 806 τοῦ

296 838 477 922 σύμπαντος,
499 842 550 905 καλ
568 837 608 924 μὴ
626 848 743 926 κρατοῦν
758 838 811 923 την
824 838 956 923 κεφαλήν
971 843 1001 920 ἐξ
1015 834 1108 926 ἦςπερ
1123 849 1184 911 πᾶν
1196 841 1229 908 τύ
1247 849 1331 924 σῶμα
1343 864 1452 928 συναρ-

296 937 515 1028 μολογούμενον
533 941 631 1021 αῦξει,
653 942 729 1008 κατά
746 941 779 1008 τύ
797 945 1006 1028 γεγραμμένον.
1034 942 1081 1010 ,Ὁ
1100 942 1156 1030 γάρ
1176 943 1281 1031 κύριος
1299 941 1384 1027 ἡμῶν
1396 941 1452 1026 Ἰη-

295 1052 368 1121 σοῦς
385 1043 515 1130 Χριστύς
530 1043 636 1110 ἕαυτύν
651 1047 759 1122 έῦιιξεν
775 1043 869 1122 ύντιος
882 1043 927 1112 οῦν
943 1044 1008 1123 υίύς
1029 1047 1062 1112 ἐν
1077 1044 1219 1136 άληθείμ,
1241 1046 1402 1122 Μοντανύς
1419 1047 1453 1111 δέ

233 1230 236 1239 ff
296 1145 403 1214 ἐαυτύν
423 1149 475 1214 καί
497 1149 609 1232 πατέρα
630 1149 712 1234 λέγει.

157 1355 225 1422 Κῐφ·
245 1350 287 1425 ιβ’·
383 1359 457 1430 Πῶς
477 1357 594 1433 τοίνυν,
617 1345 642 1418 οῦ
659 1351 791 1439 Φρύγες,
813 1351 886 1436 ἡμῖν
903 1353 992 1420 πάλιν
1015 1352 1229 1430 ἐπαναστάντες
1245 1355 1378 1438 πολέμιοι
1398 1355 1451 1420 καλ

296 1457 525 1540 μεμαρασμένον
540 1458 582 1531 είς
599 1453 809 1541 Χριστιανικην
824 1459 988 1539 ἐπίκλησιν,
1009 1455 1171 1543 βαρβάρων
1187 1457 1219 1522 δὲ
1234 1457 1451 1547 ἐπανῃρημένοι

294 1557 391 1642 μάχην
404 1561 456 1624 καί
475 1565 533 1623 τῦν
553 1558 664 1644 Τροίαν
681 1560 732 1624 καλ
747 1564 877 1644 Φρυγῶν
893 1557 1069 1642 μιμούμενοι
1083 1557 1116 1625 τά
1133 1561 1286 1642 πολέμιον,
1308 1567 1373 1636 πῶς
1387 1584 1449 1625 πει-

294 1669 416 1744 σθῶμεν
432 1657 518 1743 ύμῖν,
539 1663 656 1747 λέγουσι
670 1659 719 1727 διά
737 1665 898 1746 χαρίσματα
913 1659 1073 1742 ύφεστάναι
1090 1669 1144 1744 τῆς
1160 1664 1328 1744 ἐκκλησίαςς
1352 1659 1451 1728 ούκέτι

294 1763 350 1851 γάρ
372 1768 533 1849 χαρίσματα
557 1767 602 1846 είη
622 1761 658 1829 τά
678 1761 812 1846 άλλότρια
831 1763 1017 1849 χαρισμάτων
1035 1762 1123 1843 ῦντα,
1150 1765 1202 1829 καὶ
1225 1763 1307 1850 παρά
1328 1761 1379 1829 τάν
1399 1791 1450 1846 χα-

295 1872 427 1953 ρακτῆρα
446 1863 497 1930 τὸν
519 1862 579 1932 ύπῦ
600 1871 706 1952 κυρίου
728 1865 961 1951 ύπισχνούμενα,
990 1863 1032 1942 τίς
1054 1870 1086 1932 οί
1106 1863 1178 1932 καθ’
1199 1863 1278 1950 ύμάς
1298 1872 1451 1951 προφῆται

293 1971 436 2055 λέγουσιν.
485 1968 651 2054 1Είςάγετε
673 1965 746 2051 ἡμῖν
770 1967 859 2034 πάλιν
884 1970 936 2034 καλ
956 1972 1159 2052 Μαξιμίλλαν·
1189 1969 1241 2034 καλ
1263 1967 1319 2054 γάρ
1338 1969 1392 2033 καλ
1411 1965 1450 2032 τά

294 2069 427 2153 ύνύματα
441 2069 526 2155 ἡμῶν
540 2074 732 2157 ῦιηλλαγμένα
747 2073 798 2137 καλ
812 2069 1021 2156 φοβεροίτατα,
1043 2073 1094 2136 καλ
1108 2068 1176 2137 οῦτε
1194 2073 1338 2154 προςηνές
1354 2097 1382 2134 τι
1396 2073 1450 2135 καί

292 2172 474 2260 γλυκύτατον
490 2177 608 2258 έχοντα,
631 2171 702 2239 άλλά
717 2172 821 2260 άγριον
834 2176 886 2238 καί
900 2173 1091 2260 βαρβαρικόν.
1136 2171 1245 2251 Εύθύς
1259 2171 1314 2260 γάρ
1334 2171 1410 2255 αῦτη
1430 2169 1450 2255 ἦ

294 2281 465 2360 Μαξιμίλλα
490 2275 511 2360 τί
533 2275 615 2362 παρά
640 2285 702 2352 τοῖς
724 2275 870 2352 τοιούτοις
893 2273 969 2341 κατά
995 2274 1117 2361 Φρύγας
1140 2275 1220 2342 οῦτοι
1243 2277 1450 2358 καλουμένοις,

292 2378 452 2459 άκούσατε,
484 2372 508 2446 ὦ
533 2383 637 2456 παῖδες
656 2385 802 2464 Χριστοῦ,
829 2383 858 2443 τί
880 2379 968 2464 λέγει·
997 2375 1095 2460 Ἐμοῦ
1120 2376 1161 2461 μὴ
1188 2376 1347 2460 άκούσητε,
1376 2373 1451 2441 άλλά

294 2489 426 2568 Χριστοῦ
450 2479 602 2549 οίκούσατε.
647 2483 708 2547 Καὶ
730 2483 763 2547 ἐν
785 2477 831 2556 οίς
852 2484 934 2558 έιλοξε
952 2479 1083 2566 Χριστὸν
1105 2479 1235 2560 δοξάζειν
1256 2479 1449 2563 πεπλάνηται.

293 2588 336 2650 Εἰ
350 2583 407 2670 γάρ
421 2577 459 2669 ἦν
476 2592 529 2651 τοῦ
545 2591 691 2668 Χριστοῦ,
713 2586 809 2671 ἔλεγεν
828 2581 864 2648 άν
880 2581 955 2648 κατά
971 2581 1043 2659 τούς
1061 2579 1165 2668 άγίους
1187 2581 1382 2670 άποστύλους,
1405 2579 1451 2659 τίς

292 2688 416 2763 ἕκαστος
438 2688 521 2773 λέγει.
567 2688 682 2770 Πέτρος
706 2687 759 2768 μέν
783 2693 902 2770 πρῶτος
926 2687 1018 2772 λέγων
1041 2685 1104 2766 ῦτι,
1134 2683 1240 2768 Ἠμείς
1263 2683 1331 2772 παρ’
1352 2682 1450 2750 αύτοῦ

290 2786 475 2872 ἠκούσαμεν·
496 2791 546 2854 καὶ
569 2786 662 2856 αύτοῦ
683 2795 737 2854 τοῦ
761 2793 867 2872 κυρίου
889 2790 1036 2873 λέγοντος·
1067 2785 1101 2853 ‘0
1123 2785 1207 2880 ύμοῦν
1228 2785 1348 2853 άκούοιν
1369 2789 1449 2870 ἐμοῦ

292 2888 409 2958 άκούει·
441 2893 491 2956 καὶ
517 2899 571 2956 τοῦ
596 2889 721 2956 Παύλου
745 2891 895 2975 λέγοντος·
924 2895 1064 2974 Μηνητιιί
1087 2916 1146 2973 μον
1175 2895 1310 2975 γίνεσθε,
1338 2889 1448 2967 καθοίς

171 3023 223 3068 μς.
234 3009 280 3056 ιιι
292 2990 374 3079 κάγοί
393 2999 531 3077 Χριστοῦ.
575 2992 661 3077 Αῦτη
680 2993 711 3058 δέ
729 2989 866 3074 άληθεύει
884 2995 1055 3078 ψευδομένη
1070 2994 1121 3058 καί
1135 2990 1176 3075 μη
1192 2993 1363 3075 βουλομένη.
1391 3019 1447 3058 κοι-

290 3099 348 3172 λῦς
365 3097 397 3160 δὲ
413 3097 487 3182 λέγει
502 3094 677 3176 φάσκουσα,
697 3091 781 3160 Ἀλλά
800 3101 938 3180 Χριστοῦ.
983 3093 1132 3171 Πολλάκις
1148 3091 1205 3181 γάρ
1226 3092 1262 3159 τά
1286 3091 1447 3180 άκάθαρτα

290 3196 442 3279 πνεύματα
464 3195 655 3283 ἀναγκάζεται
670 3196 759 3263 έαυτά
775 3207 949 3284 καθαιρεῖν,
976 3195 1031 3263 ούκ
1049 3195 1119 3263 ῦντα
1139 3207 1190 3281 τῆς
1212 3195 1369 3280 άληθείας,
1392 3199 1447 3264 κοιλ

290 3297 470 3381 ύποφαίνειν
485 3299 540 3366 τάν
555 3299 660 3387 κύριον
680 3297 794 3380 αύτῦν,
815 3301 943 3366 θέλοντα
958 3302 1008 3366 καλ
1033 3299 1073 3384 μη
1091 3301 1228 3378 θέλοντα,
1251 3297 1288 3364 δι’
1303 3296 1446 3385 άνοίγκην.

289 3401 341 3480 Ὡς
354 3400 377 3486 ἦ
390 3406 540 3485 παιδίσκη,
563 3401 704 3486 ύέχουσα
718 3409 832 3486 πνεῦμα
848 3401 1016 3481 Πύθωνος,
1038 3405 1148 3489 ἔλεγεν,
1175 3393 1266 3468 Ούτοι
1280 3405 1311 3467 οἱ
1325 3401 1446 3488 άνθρον-

290 3531 344 3575 ποι
358 3513 412 3575 τοῦ
427 3514 503 3573 θεοῦ
518 3510 617 3572 ῦοῦλοι
636 3512 690 3570 τοῦ
710 3501 840 3586 ύψίστου
857 3507 925 3571 εἰσί·
947 3507 998 3570 καλ
1017 3502 1065 3584 τά,
1093 3509 1128 3570 Τί
1144 3497 1235 3588 ἦλθες
1255 3503 1313 3591 πρὸ
1334 3514 1447 3591 καιροῦ

291 3612 447 3696 βασανίσαι
461 3605 555 3691 ἦμᾶςς
578 3610 700 3690 οίιλαμέν
716 3629 747 3672 σε
767 3612 811 3684 τίς
828 3604 869 3687 εί,
890 3605 910 3674 o‘
927 3607 1011 3694 άγιος
1025 3614 1080 3673 τοῦ
1094 3613 1178 3673 θεοῦ.
1220 3603 1274 3684 Ὡς
1294 3611 1345 3674 καί
1365 3608 1446 3693 αῦτη

291 3709 510 3798 άναγκαζομένη
536 3713 631 3796 ἔλεγεν
656 3707 749 3794 αύτῆς
773 3708 814 3794 μὴ
839 3707 976 3790 άκούειν,
1005 3707 1077 3775 άλλύ
1102 3717 1241 3792 Χριστοῦ.
1286 3717 1359 3787 Ποῦς
1385 3703 1446 3778 οῦν

291 3821 378 3878 τοῦτο
399 3816 431 3880 σί
444 3809 514 3900 παρ’
530 3811 622 3897 αύτῆς
639 3809 800 3896 άκηκοότες
815 3815 867 3879 καλ
881 3807 956 3902 αῦτη
971 3810 1194 3888 πεπιστευκότες
1209 3811 1366 3896 βούλονται
1388 3812 1443 3879 αῦ·

290 3923 343 3998 τῆς
371 3913 492 3981 άκούειν
513 3913 583 4003 παρ’
606 3913 697 4000 αὐτῆς
720 3914 868 4000 μαθόντες
891 3912 932 3998 μὴ
957 3913 1048 3998 αύτῆς
1071 3912 1204 3996 άκούειν,
1233 3913 1304 3982 άλλά
1325 3921 1442 4003 κνρίου.

291 4019 352 4083 Καὶ
368 4015 424 4103 γάρ
441 4015 563 4100 άληθῶς
581 4021 693 4104 ἐπίγεια
717 4019 925 4105 φθεγγομένης
944 4015 1051 4100 αύτῆς,
1075 4020 1102 4082 εί
1117 4024 1216 4103 παρῆν
1232 4017 1337 4096 αύτοῖς
1357 4019 1444 4086 σύνε·

290 4141 352 4200 σις,
375 4117 431 4185 ούκ
446 4123 503 4185 ἐδτι
519 4119 613 4205 αύτέγν
631 4119 810 4188 άκούεσθαι·
831 4122 883 4187 καλ
902 4118 942 4204 μη
965 4122 1029 4206 λέγε
1050 4119 1096 4186 ὅτι
1117 4121 1348 4204 παρηκολούθει.
1394 4123 1444 4190 Ού

288 4449 303 4498 ὁ
332 4378 466 4502 μιμΙΧΠ.
483 4407 517 4420 -
553 4381 575 4432 1.
592 4378 705 4448 ιλςιὶγιτε
728 4381 827 4430 correxit
843 4381 961 4432 Patavina.
993 4379 1060 4431 Libri
1079 4384 1129 4431 Ιοοι
1142 4383 1224 4444 scripti
1239 4397 1310 4444 φιααι
1326 4384 1383 4434 editi
1397 4385 1443 4436 λιτ-

304 4461 331 4500 ιυ
358 4465 492 4516 εςαγεται.
