3148 4938
346 260 483 314 ransart
499 260 563 315 nro.
574 263 607 314 rr.
625 263 707 316 rom.
719 265 753 316 n.
770 263 871 316 nasa.
884 265 982 317 nxrx.
1199 253 1263 318 butt

93 375 195 442 inania
214 379 356 462 quaedam
374 379 621 462 introduxerunt,
654 383 759 468 quibos
783 393 928 448 terrarum
953 367 1055 449 orbem
1081 405 1261 470 magnopere

94 479 317 566 perturbarunt.
364 479 507 548 Ceterum
526 481 674 548 Hebraico
696 486 785 570 longe
802 487 891 550 aliter
911 486 1036 572 legitor,
1069 488 1194 573 ideoque
1217 488 1261 554 sic

93 582 201 667 Aquila
216 583 446 669 interpretatura
476 592 614 650 nemaeus
626 592 755 669 possedit
772 609 825 650 me.
866 587 974 653 Solent
988 589 1066 652 enim
1083 591 1132 675 qui
1150 589 1260 654 liberos

91 685 258 769 suscipiunt
273 686 362 770 vulgo
380 687 498 768 dicere,
521 687 646 754 Possedi
664 691 765 755 iiiiom.
811 688 996 776 Quamquam
1015 713 1051 755 ne
1071 693 1178 776 Aqniiu
1195 693 1259 777 qni-

93 788 160 852 dem
179 784 237 851 vim
255 787 329 852 satis
349 790 511 874 expressit.
552 789 632 856 Nam
647 793 736 874 iilud,
759 797 1000 874 Possedifilr'm
1026 813 1131 857 reeens
1149 794 1258 878 aliquid

92 909 128 954 ac
150 911 258 953 novom
274 890 438 975 significat,
463 892 625 958 cuiusmodi
644 895 674 958 in
693 895 748 960 deo
766 896 837 959 nihii
855 906 913 960 est.
959 896 1006 959 Ac
1022 895 1046 958 si
1062 895 1127 980 quis
1150 895 1257 958 nibilo-

93 992 192 1056 minus
214 991 283 1056 iiiud
307 995 507 1073 concesserit,
538 997 656 1080 genitus
680 1009 778 1062 tauma
802 1019 818 1061 a
845 1007 927 1083 patre
952 997 1029 1062 biius
1053 1017 1112 1060 oon
1139 1007 1257 1061 creatos

93 1093 310 1158 existimandus
326 1107 390 1174 est,
414 1107 501 1182 atque
522 1098 562 1162 ita
579 1100 695 1184 quidem
712 1101 829 1185 genitos
851 1109 884 1163 nt
903 1098 967 1163 sine
984 1111 1115 1184 tempore
1132 1109 1182 1162 ant
1202 1098 1257 1162 ini·

92 1195 134 1260 tio
152 1195 191 1261 sit
208 1197 338 1280 genitus.
383 1197 491 1284 Neque
516 1203 593 1264 enim
621 1201 711 1265 iiiinm
734 1203 813 1265 inter
835 1212 864 1264 et
892 1211 1003 1287 patrem
1026 1214 1141 1287 tempus
1169 1201 1257 1264 nidum

91 1299 288 1382 interceptum
315 1311 378 1380 est,
413 1322 450 1364 oe
474 1324 531 1387 qua
557 1305 699 1388 temporis
723 1322 791 1388 pars
814 1303 864 1367 biii
890 1304 1034 1387 originem
1058 1303 1258 1368 antecessisse

89 1400 217 1466 dicatur.
261 1400 341 1466 Nam
367 1409 397 1466 aa·
412 1425 467 1485 per
489 1410 579 1486 aprum
593 1408 679 1489 sucta
696 1419 770 1468 sont
783 1412 891 1481 ematis,
925 1407 1012 1469 etiam
1038 1416 1169 1490 tempora
1189 1405 1253 1491 ipsa
1266 1420 1346 1469 rann.
1358 1425 1380 1481 1,
1390 1422 1412 1470 t.

89 1505 169 1567 facta
185 1505 243 1568 sint
260 1516 388 1591 oportet.
435 1503 521 1589 Qrtod
542 1507 566 1572 si
588 1518 703 1592 tempos
720 1509 835 1592 aiiqnod
853 1519 922 1571 ante
940 1509 1039 1572 omnia
1057 1507 1195 1573 extitisse
1213 1509 1257 1572 di·
1340 1539 1342 1544 v

88 1617 186 1685 catur,
212 1629 338 1692 quonam
357 1609 444 1672 modo
460 1608 530 1674 ittuo
551 1609 680 1674 existet?
709 1608 907 1693 Quaerendae
924 1609 1059 1673 nimirum
1079 1610 1154 1673 aiter
1171 1610 1255 1676 nobis

87 1709 186 1788 fliius,
211 1731 300 1796 aquo
318 1720 431 1796 tempus
449 1722 518 1776 ante
534 1712 622 1775 diiuro
641 1714 811 1798 productum
830 1713 881 1776 sit.
928 1710 1080 1776 Sescenta
1106 1724 1177 1776 sunt
1198 1713 1256 1778 aiio

87 1812 196 1896 quibus
216 1815 401 1878 curiosorum
419 1813 585 1893 hominnm,
617 1835 713 1899 neque
733 1815 801 1878 bani
824 1814 959 1898 quiddam
981 1815 1185 1893 afferentium,
1210 1815 1256 1878 in·

87 1913 180 1999 genia
207 1914 464 1980 inextricabilibus
487 1916 685 1979 difficultatum
712 1917 824 1998 laqueis
852 1916 1049 2001 implicantur.
1095 1914 1157 1980 ium
1181 1937 1255 1982 vero

86 2015 240 2082 Hebraice
265 2020 305 2082 ita
327 2020 453 2104 iegitur:
484 2024 617 2093 Adonei,
650 2019 705 2082 boo
723 2029 769 2082 est
790 2024 943 2094 Dorninua,
971 2023 1096 2095 Conari,
1130 2020 1185 2084 boc
1209 2031 1258 2083 ert

87 2123 177 2182 Velut
186 2124 298 2202 pullum
316 2126 408 2184 edidit
419 2143 473 2197 me,
497 2122 545 2186 vei
561 2125 692 2183 Possedit
706 2144 766 2199 me,-
790 2123 880 2185 multo
896 2133 992 2185 nutem
1010 2122 1193 2187 commodius
1210 2133 1258 2186 est

85 2233 122 2286 nt
141 2223 239 2308 priore
260 2225 347 2287 modo
367 2224 525 2302 reddatur,
553 2229 695 2306 Tanquam
713 2227 825 2305 pullum
841 2227 933 2286 edidit
948 2247 1001 2286 me.
1048 2223 1160 2309 Ecquis
1182 2245 1255 2287 vero

86 2325 186 2412 puiius
210 2345 250 2390 ex
268 2323 332 2389 eius
351 2337 456 2390 natura
480 2347 538 2389 non
558 2325 754 2411 proficiscitur
777 2327 1001 2412 aqoo‘genitus
1017 2328 1083 2390 est?
1126 2325 1183 2389 Est
1204 2326 1256 2389 itta

86 2428 206 2514 quidem
225 2430 447 2492 formandorum
471 2445 627 2513 corporum
652 2429 727 2492 ratio
752 2440 783 2492 nt
807 2449 847 2492 ex
866 2427 1020 2512 utriusque
1045 2427 1254 2491 coniunctione

84 2549 183 2594 sexos
201 2533 298 2595 foetos
319 2551 422 2594 omnes
445 2531 595 2608 existant,
626 2531 713 2616 idque
731 2531 825 2618 ipsum
847 2542 906 2594 tom
928 2529 958 2593 in
978 2530 1096 2593 bomine
1113 2551 1200 2614 quam
1223 2529 1255 2594 iu

85 2633 267 2719 pecudibus,
301 2632 488 2713 volueribus,
522 2653 557 2696 ae
586 2635 694 2698 ceteris
724 2633 922 2697 animantibus
950 2633 1096 2695 videmos.
1143 2627 1255 2715 Quam·

85 2735 193 2798 obrem
217 2733 386 2819 unigenitos
405 2736 451 2800 dei
468 2736 562 2815 diins,
591 2737 727 2820 idemque
752 2737 882 2821 perfecta
909 2735 1001 2819 patris
1020 2735 1165 2820 sapientia
1188 2752 1254 2798 eum

82 2839 127 2902 its
148 2839 290 2921 perdicere
306 2839 404 2901 omnia
423 2837 514 2902 rediet
532 2848 564 2901 ot
582 2837 618 2901 nd
635 2837 769 2901 homines
787 2837 983 2902 moderandos
1002 2855 1036 2900 nu
1059 2837 1253 2921 corrigendos

84 2941 241 3019 raderent,
267 2961 304 3004 ne
321 2942 386 3026 quis
401 2942 439 3004 de
457 2941 522 3026 ipso
539 2941 613 3004 feisa
632 2941 772 3025 quaedam
794 2939 1014 3024 suspicaretur,
1045 2951 1107 3002 eta
1127 2935 1253 3004 veritate

83 3043 259 3121 excideret,
291 3053 435 3107 naturam
452 3043 578 3107 bominis
601 3043 767 3129 suscipiens
791 3053 896 3126 atque,
930 3052 961 3104 nt
983 3052 1087 3106 natura
1108 3043 1184 3119 tert,
1217 3040 1253 3105 de
1359 3035 1363 3044 ’

81 3147 213 3211 muliere
230 3145 367 3230 genitus,
392 3157 512 3230 totoque
528 3145 730 3230 parturitionis
750 3157 881 3231 tempore
908 3145 937 3208 io
955 3144 1080 3228 virginis
1102 3155 1188 3207 utero
1205 3163 1254 3206 re·

80 3249 208 3327 sidens,
234 3269 417 3334 nequaquam
437 3258 539 3312 estex
557 3246 635 3312 virili
655 3247 768 3312 semine
789 3249 925 3332 genitus,
950 3246 1126 3332 aequorei
1146 3246 1174 3308 in
1199 3245 1254 3309 bac

81 3371 232 3436 corporea
249 3350 443 3435 generatione
460 3370 585 3414 sexuum
603 3350 707 3434 coperia
722 3360 803 3414 esset
818 3371 852 3413 ao
868 3349 1053 3412 coniunctim
1072 3367 1175 3413 rernm
1190 3349 1253 3412 soie

80 3475 126 3518 ex
152 3463 245 3517 matre
264 3474 383 3517 caruem
401 3453 533 3538 accepit,
565 3453 785 3538 perfectamque
804 3452 833 3515 in
858 3473 926 3516 sese
952 3451 1079 3515 bominis
1103 3461 1251 3530 naturam,

79 3575 186 3640 neque
202 3577 334 3620 mancam
356 3567 407 3620 aut
424 3557 580 3635 deiectam,
600 3555 651 3618 sed
667 3575 768 3619 veram
786 3575 822 3618 ac
841 3565 1074 3618 consummatam
1090 3552 1250 3639 expressit.

78 3655 168 3722 Nam
189 3658 304 3722 tametsi
324 3659 443 3722 minime
468 3679 508 3723 ex
526 3658 582 3722 viri
606 3667 673 3721 satu
691 3655 850 3742 prodierit,
875 3655 946 3720 nibil
964 3656 991 3718 ei
1010 3666 1108 3720 tamen
1125 3656 1159 3718 ad
1178 3653 1254 3717 inte-

79 3760 225 3846 gritatem
252 3761 362 3841 deicit,
396 3762 528 3846 adeoque
553 3760 617 3824 suis
645 3759 779 3823 omnibns
806 3758 938 3844 partibus
962 3757 1113 3822 absolutus
1140 3756 1251 3835 extitit,

80 3882 197 3941 mene,
221 3863 339 3942 nervis,
365 3863 468 3942 venis,
493 3883 528 3926 ao
544 3861 665 3946 reliquis
684 3861 840 3940 eiusmodi,
865 3861 962 3924 anima
979 3869 1145 3945 praeterea,
1166 3879 1252 3943 qnam

79 3987 147 4030 non
167 3965 387 4050 specietenus,
411 3965 463 4028 sed
481 3965 578 4050 reipsa
597 3963 743 4048 suscepit,
768 3962 904 4028 similiter
922 3973 952 4026 et
968 3973 1113 4041 mentem,
1136 3959 1252 4044 aliaque

79 4065 203 4147 omnia,
236 4065 484 4151 quibosbominis
506 4077 611 4132 natura
629 4075 764 4146 constat,
796 4078 915 4151 praeter
936 4073 1105 4151 peccatum,
1138 4082 1252 4147 proco

78 4191 121 4235 ac
138 4169 362 4254 scriptumest,
390 4175 526 4232 Tenentur
539 4191 595 4250 per
614 4173 708 4231 omnio
729 4171 834 4250 absque
853 4179 980 4249 peceato.
1028 4163 1069 4231 Ut
1093 4187 1159 4229 oum
1184 4165 1247 4228 sole
1261 4179 1360 4239 usust,
1373 4181 1406 4230 tt

79 4293 126 4336 ex
144 4281 239 4334 matre
259 4274 406 4357 perfecte,
430 4283 461 4336 ct
479 4271 589 4357 absque
606 4270 656 4334 iiio
675 4271 791 4334 deiectu
807 4271 967 4334 secundum
989 4289 1107 4333 carnem
1131 4268 1177 4331 bic
1199 4289 1252 4354 gc·

80 4375 168 4437 nitus
185 4372 240 4452 sit,
268 4375 323 4438 boc
343 4374 437 4460 ipsum
458 4374 503 4438 bis
521 4374 658 4438 ostendat
677 4374 725 4458 qui
744 4373 899 4437 veritatem
916 4371 1044 4452 intueri,
1069 4393 1125 4436 neo
1143 4391 1253 4436 excae·

85 4489 158 4542 cata
176 4487 276 4542 mente
292 4497 360 4543 esse
378 4477 544 4557 voluerint,
568 4495 635 4541 oum
652 4477 685 4541 iu
704 4475 789 4541 coelo
805 4475 936 4562 perfecte
959 4475 1024 4540 sine
1040 4475 1101 4540 olio
1119 4485 1253 4568 tempore
