3116 4934
364 266 500 320 russam
516 268 581 319 ure.
595 267 627 319 rr.
645 267 727 320 ron.
739 268 759 317 t.
775 265 876 318 susa.
895 265 963 318 tux.
979 239 984 248 '
1186 251 1245 316 trs

90 387 261 472 implerent,
286 391 371 449 Sabus
385 409 454 468 ego,
480 386 582 451 derium
601 387 694 472 potuit
712 396 743 450 ut
760 397 900 452 exsectus
917 385 1076 470 quispiam,
1100 385 1159 449 nisi
1177 407 1247 448 eou-

90 489 240 552 tinentiam
259 509 382 553 servare
397 502 514 574 posset,
540 509 663 554 uxorem
680 489 822 554 duceret?
865 485 938 552 illud
955 508 1044 566 uero,
1072 491 1180 550 tr'rores
1195 491 1247 548 du-

90 604 161 666 rent,
184 603 216 653 et
228 613 286 653 non
303 604 436 666 mutus,
458 611 557 654 nonne
572 593 607 654 ud
624 591 834 655 continentium
853 591 1013 675 pertinere,
1034 609 1092 652 uon
1106 590 1141 654 ud
1156 610 1247 653 mem·

90 693 206 756 brorum
225 693 437 758 mutilationem
454 693 685 757 animadvertis?
730 690 844 776 Quodsi
867 703 986 778 propter
1003 713 1125 776 regnum
1149 694 1248 755 coelo·

90 817 148 858 mm
169 797 349 880 semetipsos
369 805 517 860 castrasse
540 817 573 859 se
596 796 743 874 dixerint,
768 796 815 880 qui
835 796 950 859 tandem
973 795 1008 856 ab
1029 795 1078 858 illa
1101 793 1248 858 sententia

90 918 248 962 secernere
266 919 334 962 sese
354 908 494 982 possunt,
519 918 593 982 quae
610 899 766 962 nonnullos
782 917 849 962 osse
867 897 953 975 dicit,
976 897 1075 978 qur‘ab
1090 898 1248 958 lumibibus

89 1004 214 1064 munem·
229 1003 407 1082 foetiscat.
456 997 532 1064 Cum
558 999 636 1063 enim
660 1019 728 1063 sese
751 997 855 1083 aliquis
876 1000 937 1064 suis
955 999 1088 1063 manibus
1111 1008 1246 1077 exsecat,

90 1103 174 1166 bomo
193 1102 295 1186 utiquc
312 1115 373 1180 est,
398 1101 520 1186 eiusque
542 1101 676 1165 manibus
694 1103 851 1166 scelestum
867 1102 936 1164 illud
954 1102 1068 1164 lacinus
1089 1101 1247 1164 admissum

89 1215 141 1269 est.
189 1203 247 1270 Siu
269 1204 318 1268 ille
341 1205 457 1286 cladem¹
475 1205 560 1268 istam
578 1225 632 1268 sua
654 1203 709 1268 sibi
733 1225 821 1268 mauu
846 1204 1033 1269 consciscere
1055 1225 1114 1266 non
1136 1214 1246 1288 potest,

90 1308 136 1370 sed
151 1307 189 1370 ab
205 1307 272 1371 aliis
288 1317 434 1371 castratus
451 1306 557 1382 luerit,
582 1327 641 1370 raon
657 1306 714 1370 ium
731 1305 800 1370 illud
817 1304 954 1370 coelestis
971 1306 1053 1390 regni
1073 1326 1177 1370 caussa
1198 1327 1249 1390 pa-

90 1409 192 1487 tietur,
218 1430 255 1472 eo
277 1411 353 1494 quod
373 1410 438 1473 sivo
455 1429 508 1494 per
522 1430 574 1488 sc,
598 1410 663 1473 sive
681 1408 805 1472 aliorum
830 1428 919 1492 opera
936 1407 992 1470 sibi
1010 1409 1086 1472 istud
1104 1407 1247 1487 intulerit,

89 1512 121 1576 ab
148 1511 317 1576 bominibus
345 1512 496 1576 eorrucbus
526 1520 572 1574 est
600 1513 704 1575 lactus.
752 1507 952 1592 Quamobrem
977 1531 1106 1574 coronae
1134 1531 1187 1594 spo
1213 1531 1248 1573 eu

91 1614 209 1699 praemii
229 1617 287 1679 iste
303 1633 424 1698 prorsus
439 1614 568 1691 excidet,
593 1635 658 1676 cum
677 1612 785 1676 nullam
804 1611 927 1697 amplius
944 1613 1068 1694 gratiam
1087 1623 1247 1691 mereatur,

90 1719 160 1800 quod
180 1717 220 1780 ab
237 1715 380 1780 eiusmodi
399 1715 556 1799 voluptatis
573 1737 629 1778 usu
645 1725 799 1800 temperet,
824 1715 877 1778 sed
894 1714 961 1778 ideo
979 1715 1049 1779 illud
1068 1735 1125 1778 uon
1144 1715 1247 1800 possit,

91 1820 162 1903 quod
189 1819 369 1882 necessariis
389 1819 425 1882 sd
449 1839 514 1882 eam
535 1817 714 1881 lunationem
734 1816 872 1880 membris
894 1817 933 1880 sit
953 1816 1121 1882 destitutus.
1166 1815 1249 1901 Quo·

90 1920 165 1984 cirea
186 1943 241 2006 par
255 1921 391 2006 idemque
413 1921 449 1983 du
470 1941 507 1984 eo
523 1919 661 1984 iudicium
678 1931 723 1983 est
740 1941 775 1984 ao
792 1921 828 1986 de
845 1919 896 1983 illo
912 1919 960 2003 qui
979 1919 1095 2005 aliquod
1114 1919 1247 2004 corporis

91 2023 251 2086 membrum
273 2023 409 2102 violarit,
434 2031 485 2088 aut
503 2022 629 2086 alienam
648 2023 737 2086 vitem
760 2021 929 2086 succiderit.
976 2021 1082 2108 Neque
1106 2023 1182 2086 enim
1207 2022 1251 2087 di·

91 2125 186 2190 riuam
204 2127 240 2190 ad
261 2125 441 2189 voluntatem
461 2125 579 2189 vivendi
602 2125 745 2189 rationem
770 2125 913 2203 instituit,
937 2125 989 2188 scd
1008 2124 1103 2211 opifici
1120 2145 1175 2188 suo
1197 2124 1249 2188 do·

92 2227 227 2312 miroque
254 2228 309 2291 deo
333 2227 460 2312 maligne
479 2226 664 2313 repugnavit.
711 2222 880 2309 Quinetiam
902 2226 1115 2292 uehementiori
1140 2227 1250 2312 copidi-

94 2341 149 2394 tatc
172 2330 319 2414 flagrabit.
367 2327 485 2393 Etenim
512 2331 602 2415 spado
627 2351 686 2394 uon
709 2351 727 2391 a
751 2351 805 2394 sua
830 2329 987 2415 cupiditate
1006 2328 1171 2408 abstinere,
1196 2331 1249 2394 sed

94 2451 152 2494 eam
169 2433 312 2517 perlicere
333 2453 517 2517 pomposae,
542 2455 558 2495 u
578 2429 720 2517 Sapieute
745 2432 866 2496 dicitur:
898 2436 1127 2512 Concupiscentia
1146 2437 1248 2513 spado·
1261 2448 1306 2494 sn.
1320 2451 1355 2506 ao,
1369 2454 1388 2499 ι.

94 2540 148 2608 aas,
173 2535 286 2618 inquit,
310 2536 500 2615 deoirgairobr't
514 2538 699 2598 rimenculum.
745 2531 932 2618 Proindeque
948 2555 966 2596 o
983 2533 1133 2596 stultitiam
1151 2535 1249 2600 incre·

96 2635 224 2714 dibilem,
249 2637 333 2700 varie
355 2636 385 2700 in
409 2637 464 2700 boc
486 2636 557 2699 orbe
581 2648 725 2700 terrarum
748 2635 965 2722 excogitatam!

173 2738 275 2822 Atque
302 2739 374 2802 baec
399 2749 467 2802 suunt
489 2759 562 2823 quae
585 2740 622 2802 de
641 2739 696 2803 boo
720 2739 935 2803 baereticorum
958 2759 1069 2824 genere
1092 2738 1248 2824 explorare

98 2841 247 2922 potuimus.
301 2839 347 2906 De
374 2840 479 2925 quibus
509 2863 574 2904 cum
605 2841 737 2907 breviter
765 2842 944 2921 dixerimus,
979 2842 1155 2924 cosdemque
1183 2863 1250 2906 esse

98 2943 275 3027 suspicemur
299 2965 373 3028 quos
392 2955 479 3008 antea
501 2943 814 3023 oomntcmoravimus‚
844 2944 954 3008 relictis
977 2964 1013 3008 ac
1036 2965 1102 3008 cum
1126 2944 1249 3009 ludibrio

98 3043 210 3108 reiectis
225 3045 346 3129 illisqui
363 3045 528 3130 scorpionis
544 3047 638 3110 instar
653 3046 740 3111 bifido
757 3046 859 3110 aculeo
874 3049 978 3110 armati
993 3047 1169 3131 prodigiosis
1183 3048 1249 3112 bra·

99 3146 223 3212 cbiorum
243 3147 402 3232 torcipibus
420 3149 478 3211 iam
496 3158 555 3214 tum
573 3148 714 3212 institutis
732 3149 894 3234 apatribus
913 3149 990 3212 vitae
1013 3149 1175 3214 rationibus
1198 3149 1249 3213 ad-

76 3234 81 3246 ’
100 3251 202 3312 uersati
220 3261 307 3328 suut,
331 3258 362 3314 et
377 3251 521 3314 adversus
541 3261 662 3316 sauctae
679 3251 726 3316 dei
745 3251 889 3316 ecclesiae
907 3253 1030 3316 lormom
1048 3275 1083 3318 ac
1103 3252 1250 3338 praescri·

99 3362 171 3434 ptum
192 3351 319 3416 infestos
342 3353 463 3416 aculeos
488 3353 622 3438 erigunt,
645 3353 701 3432 iis,
725 3355 861 3440 iuquam,
886 3355 1009 3420 tirmiter
1023 3357 1167 3439 impresso
1189 3355 1249 3418 cal·

99 3465 261 3532 ceameuto,
286 3452 340 3520 boc
360 3464 407 3518 cst
424 3455 604 3520 sacrosancti
622 3457 787 3540 evangelii,
812 3466 844 3521 ut
858 3456 999 3534 solemus,
1025 3477 1098 3522 roos
1117 3456 1247 3542 protritis

100 3567 125 3617 ct
137 3557 217 3622 elisis
235 3557 271 3620 ad
289 3556 417 3640 reliquas
434 3556 573 3621 baereses
593 3559 733 3625 translata
751 3559 890 3649 'oratione
909 3559 955 3624 bic
978 3560 1013 3624 de
1031 3559 1146 3624 illorum
1163 3556 1247 3621 stoli-

100 3657 183 3723 ditate
204 3659 371 3743 disputandi
394 3660 480 3724 linem
503 3659 655 3725 faciamus.

268 3837 270 3842 ’
387 3897 612 3976 conans
639 3899 958 3993 cnrasmos

369 4021 516 4095 haeresis
551 4019 736 4113 xxm„
777 4021 848 4096 sire
884 4019 978 4096 th.

177 4171 310 4239 Proximi
336 4172 372 4236 eb
395 4171 453 4236 illis
475 4169 598 4238 Catbari
624 4172 742 4256 quidam
767 4171 864 4234 exorti
890 4183 974 4251 suut,
1006 4166 1185 4252 aNorato,
1215 4183 1246 4236 ut
1264 4187 1316 4256 cup
1342 4191 1361 4240 t.

104 4273 172 4338 lama
187 4273 364 4362 percrebuit.
398 4271 537 4340 Nouatus
556 4293 644 4360 porro
659 4271 774 4338 Romae
793 4273 1006 4358 persecutionis
1022 4271 1100 4338 illius
1117 4285 1248 4359 tempore

133 4430 155 4478 tt.
174 4429 260 4494 culpam
276 4429 432 4480 emendarunt
449 4431 595 4492 comorius,
617 4433 658 4492 pus
689 4431 718 4482 B.
729 4429 853 4479 Gotclerr'us
863 4430 975 4479 Ecettlm
985 4430 1088 4482 stonum
1101 4429 1144 4491 111,
1157 4425 1248 4490 post.

102 4498 306 4556 „extremitatibus
324 4515 354 4548 ao
376 4495 470 4547 chelis“
494 4501 576 4560 uertit,
601 4503 622 4548 tl
636 4499 656 4550 l.
690 4499 756 4550 tttri
771 4498 855 4548 tabent
871 4495 959 4564 τέρασι
973 4500 1050 4562 uulpo.
