<?xml version="1.0" encoding="UTF-8"?>
<!DOCTYPE html PUBLIC "-//W3C//DTD XHTML 1.0 Transitional//EN"
    "http://www.w3.org/TR/xhtml1/DTD/xhtml1-transitional.dtd">
<html xmlns="http://www.w3.org/1999/xhtml" xml:lang="en" lang="en">
 <head>
  <title>
</title>
<meta http-equiv="Content-Type" content="text/html;charset=utf-8" />
  <meta name='ocr-system' content='tesseract 3.04.00' />
  <meta name='ocr-capabilities' content='ocr_page ocr_carea ocr_par ocr_line ocrx_word'/>
</head>
<body>
  <div class='ocr_page' id='page_1' title='image "./corporishaerese02oehlgoog_0154.png"; bbox 0 0 3128 4930; ppageno 0'>
   <div class='ocr_carea' id='block_1_1' title="bbox 506 132 524 171">
    <p class='ocr_par' dir='ltr' id='par_1_1' title="bbox 506 132 524 171">
     <span class='ocr_line' id='line_1_1' title="bbox 506 132 524 171; baseline 0 0"><span class='ocrx_word' id='word_1_1' title='bbox 506 132 524 171; x_wconf 67' lang='lat' dir='ltr'><strong>“a</strong></span> 
     </span>
    </p>
   </div>
   <div class='ocr_carea' id='block_1_2' title="bbox 325 269 1193 336">
    <p class='ocr_par' dir='ltr' id='par_1_2' title="bbox 325 269 1193 336">
     <span class='ocr_line' id='line_1_2' title="bbox 325 269 1193 336; baseline -0.006 0"><span class='ocrx_word' id='word_1_2' title='bbox 325 280 462 336; x_wconf 77' lang='lat' dir='ltr'><strong>raanan</strong></span> <span class='ocrx_word' id='word_1_3' title='bbox 479 279 586 336; x_wconf 77' lang='lat' dir='ltr'><strong>cunm</strong></span> <span class='ocrx_word' id='word_1_4' title='bbox 603 278 685 333; x_wconf 82' lang='lat' dir='ltr'><strong>rouo.</strong></span> <span class='ocrx_word' id='word_1_5' title='bbox 700 281 719 332; x_wconf 87' lang='lat'><strong>1.</strong></span> <span class='ocrx_word' id='word_1_6' title='bbox 736 279 835 331; x_wconf 80' lang='lat' dir='ltr'><strong>naon.</strong></span> <span class='ocrx_word' id='word_1_7' title='bbox 849 277 902 330; x_wconf 81' lang='lat' dir='ltr'><strong>cr.</strong></span> <span class='ocrx_word' id='word_1_8' title='bbox 1133 269 1193 332; x_wconf 75' lang='lat'><strong>138</strong></span> 
     </span>
    </p>
   </div>
   <div class='ocr_carea' id='block_1_3' title="bbox 48 384 1346 1096">
    <p class='ocr_par' dir='ltr' id='par_1_3' title="bbox 48 384 1346 1096">
     <span class='ocr_line' id='line_1_3' title="bbox 51 384 1194 482; baseline -0.003 -18"><span class='ocrx_word' id='word_1_9' title='bbox 51 421 113 464; x_wconf 89' lang='lat' dir='ltr'><strong>nunc</strong></span> <span class='ocrx_word' id='word_1_10' title='bbox 132 397 307 480; x_wconf 84' lang='lat' dir='ltr'><strong>ierusalem,</strong></span> <span class='ocrx_word' id='word_1_11' title='bbox 332 399 400 463; x_wconf 91' lang='lat' dir='ltr'><strong>olim</strong></span> <span class='ocrx_word' id='word_1_12' title='bbox 417 396 504 463; x_wconf 90' lang='lat' dir='ltr'><strong>lebus</strong></span> <span class='ocrx_word' id='word_1_13' title='bbox 520 399 690 462; x_wconf 88' lang='lat' dir='ltr'><strong>vocabatur.</strong></span> <span class='ocrx_word' id='word_1_14' title='bbox 739 397 797 462; x_wconf 77' lang='lat' dir='ltr'><strong>atii</strong></span> <span class='ocrx_word' id='word_1_15' title='bbox 816 395 914 462; x_wconf 88' lang='lat' dir='ltr'><strong>Salem</strong></span> <span class='ocrx_word' id='word_1_16' title='bbox 933 384 1055 462; x_wconf 85' lang='lat' dir='ltr'><strong>alteram</strong></span> <span class='ocrx_word' id='word_1_17' title='bbox 1072 399 1101 462; x_wconf 93' lang='lat' dir='ltr'><strong>in</strong></span> <span class='ocrx_word' id='word_1_18' title='bbox 1121 421 1194 482; x_wconf 83' lang='lat' dir='ltr'><strong>agro</strong></span> 
     </span>
     <span class='ocr_line' id='line_1_4' title="bbox 51 499 1195 588; baseline 0.001 -23"><span class='ocrx_word' id='word_1_19' title='bbox 51 501 199 567; x_wconf 87' lang='lat' dir='ltr'><strong>Sicimitico</strong></span> <span class='ocrx_word' id='word_1_20' title='bbox 221 523 289 566; x_wconf 86' lang='lat' dir='ltr'><strong>esse</strong></span> <span class='ocrx_word' id='word_1_21' title='bbox 315 512 433 588; x_wconf 87' lang='lat' dir='ltr'><strong>putant,</strong></span> <span class='ocrx_word' id='word_1_22' title='bbox 465 521 538 588; x_wconf 88' lang='lat' dir='ltr'><strong>quae</strong></span> <span class='ocrx_word' id='word_1_23' title='bbox 559 499 714 585; x_wconf 76' lang='lat' dir='ltr'><strong>Neapolim</strong></span> <span class='ocrx_word' id='word_1_24' title='bbox 740 521 779 564; x_wconf 86' lang='lat' dir='ltr'><strong>ex</strong></span> <span class='ocrx_word' id='word_1_25' title='bbox 805 501 931 564; x_wconf 88' lang='lat' dir='ltr'><strong>adverso</strong></span> <span class='ocrx_word' id='word_1_26' title='bbox 957 503 1088 588; x_wconf 73' lang='lat' dir='ltr'><strong>respicit.</strong></span> <span class='ocrx_word' id='word_1_27' title='bbox 1134 500 1195 566; x_wconf 86' lang='lat' dir='ltr'><strong>Sed</strong></span> 
     </span>
     <span class='ocr_line' id='line_1_5' title="bbox 50 603 1195 684; baseline 0.001 -17"><span class='ocrx_word' id='word_1_28' title='bbox 50 605 100 668; x_wconf 86' lang='lat' dir='ltr'><strong>sire</strong></span> <span class='ocrx_word' id='word_1_29' title='bbox 114 605 199 682; x_wconf 91' lang='lat' dir='ltr'><strong>binc,</strong></span> <span class='ocrx_word' id='word_1_30' title='bbox 225 605 289 668; x_wconf 83' lang='lat' dir='ltr'><strong>eive</strong></span> <span class='ocrx_word' id='word_1_31' title='bbox 305 604 386 668; x_wconf 90' lang='lat' dir='ltr'><strong>illinc</strong></span> <span class='ocrx_word' id='word_1_32' title='bbox 402 603 521 666; x_wconf 83' lang='lat' dir='ltr'><strong>venisse</strong></span> <span class='ocrx_word' id='word_1_33' title='bbox 538 603 668 680; x_wconf 59' lang='lat' dir='ltr'><strong>dicatum</strong></span> <span class='ocrx_word' id='word_1_34' title='bbox 694 623 750 666; x_wconf 93' lang='lat' dir='ltr'><strong>non</strong></span> <span class='ocrx_word' id='word_1_35' title='bbox 776 603 863 684; x_wconf 89' lang='lat' dir='ltr'><strong>longe</strong></span> <span class='ocrx_word' id='word_1_36' title='bbox 887 604 971 666; x_wconf 90' lang='lat' dir='ltr'><strong>ambo</strong></span> <span class='ocrx_word' id='word_1_37' title='bbox 995 605 1067 668; x_wconf 90' lang='lat' dir='ltr'><strong>baec</strong></span> <span class='ocrx_word' id='word_1_38' title='bbox 1089 604 1154 667; x_wconf 89' lang='lat' dir='ltr'><strong>loca</strong></span> <span class='ocrx_word' id='word_1_39' title='bbox 1177 625 1195 668; x_wconf 89' lang='lat' dir='ltr'><strong>a</strong></span> 
     </span>
     <span class='ocr_line' id='line_1_6' title="bbox 51 704 1194 790; baseline -0.001 -22"><span class='ocrx_word' id='word_1_40' title='bbox 51 708 214 770; x_wconf 76' lang='lat' dir='ltr'><strong>seinvicem</strong></span> <span class='ocrx_word' id='word_1_41' title='bbox 232 707 352 770; x_wconf 84' lang='lat' dir='ltr'><strong>distant.</strong></span> <span class='ocrx_word' id='word_1_42' title='bbox 398 704 444 769; x_wconf 82' lang='lat' dir='ltr'><strong>Ac</strong></span> <span class='ocrx_word' id='word_1_43' title='bbox 464 705 653 768; x_wconf 82' lang='lat' dir='ltr'><strong>nihilominus</strong></span> <span class='ocrx_word' id='word_1_44' title='bbox 674 705 739 788; x_wconf 91' lang='lat' dir='ltr'><strong>quid</strong></span> <span class='ocrx_word' id='word_1_45' title='bbox 759 705 794 767; x_wconf 88' lang='lat' dir='ltr'><strong>ab</strong></span> <span class='ocrx_word' id='word_1_46' title='bbox 814 725 850 767; x_wconf 89' lang='lat' dir='ltr'><strong>eo</strong></span> <span class='ocrx_word' id='word_1_47' title='bbox 866 715 980 789; x_wconf 82' lang='lat' dir='ltr'><strong>gestum</strong></span> <span class='ocrx_word' id='word_1_48' title='bbox 1004 705 1044 768; x_wconf 86' lang='lat' dir='ltr'><strong>sit</strong></span> <span class='ocrx_word' id='word_1_49' title='bbox 1065 706 1128 790; x_wconf 88' lang='lat' dir='ltr'><strong>ipsa</strong></span> <span class='ocrx_word' id='word_1_50' title='bbox 1151 705 1194 768; x_wconf 91' lang='lat' dir='ltr'><strong>bi-</strong></span> 
     </span>
     <span class='ocr_line' id='line_1_7' title="bbox 49 807 1346 894; baseline -0.001 -23"><span class='ocrx_word' id='word_1_51' title='bbox 49 809 144 871; x_wconf 78' lang='lat' dir='ltr'><strong>ctoriae</strong></span> <span class='ocrx_word' id='word_1_52' title='bbox 169 809 318 894; x_wconf 78' lang='lat' dir='ltr'><strong>expositio</strong></span> <span class='ocrx_word' id='word_1_53' title='bbox 338 809 479 872; x_wconf 89' lang='lat' dir='ltr'><strong>declarat.</strong></span> <span class='ocrx_word' id='word_1_54' title='bbox 525 811 649 870; x_wconf 77' lang='lat' dir='ltr'><strong>Protulit</strong></span> <span class='ocrx_word' id='word_1_55' title='bbox 668 807 762 884; x_wconf 90' lang='lat' dir='ltr'><strong>enim,</strong></span> <span class='ocrx_word' id='word_1_56' title='bbox 788 807 898 892; x_wconf 88' lang='lat' dir='ltr'><strong>iuquit,</strong></span> <span class='ocrx_word' id='word_1_57' title='bbox 921 811 1086 870; x_wconf 84' lang='lat' dir='ltr'><strong>Abrodumo</strong></span> <span class='ocrx_word' id='word_1_58' title='bbox 1104 829 1194 890; x_wconf 84' lang='lat' dir='ltr'><strong>panes</strong></span> <span class='ocrx_word' id='word_1_59' title='bbox 1207 827 1346 880; x_wconf 71' lang='lat' dir='ltr'><strong>uenturo.</strong></span> 
     </span>
     <span class='ocr_line' id='line_1_8' title="bbox 50 907 1195 994; baseline 0.002 -24"><span class='ocrx_word' id='word_1_60' title='bbox 50 923 71 971; x_wconf 82' lang='lat' dir='ltr'><strong>et</strong></span> <span class='ocrx_word' id='word_1_61' title='bbox 90 919 198 974; x_wconf 76' lang='lat' dir='ltr'><strong>mirum:</strong></span> <span class='ocrx_word' id='word_1_62' title='bbox 233 915 274 973; x_wconf 80' lang='lat' dir='ltr'><strong>Et</strong></span> <span class='ocrx_word' id='word_1_63' title='bbox 295 914 510 973; x_wconf 79' lang='lat' dir='ltr'><strong>crutsocerdor</strong></span> <span class='ocrx_word' id='word_1_64' title='bbox 532 913 666 971; x_wconf 70' lang='lat' dir='ltr'><strong>citissimi</strong></span> <span class='ocrx_word' id='word_1_65' title='bbox 682 931 736 990; x_wconf 84' lang='lat' dir='ltr'><strong>per</strong></span> <span class='ocrx_word' id='word_1_66' title='bbox 757 913 831 971; x_wconf 76' lang='lat' dir='ltr'><strong>allud</strong></span> <span class='ocrx_word' id='word_1_67' title='bbox 856 922 971 992; x_wconf 82' lang='lat' dir='ltr'><strong>tempus.</strong></span> <span class='ocrx_word' id='word_1_68' title='bbox 1019 907 1078 994; x_wconf 82' lang='lat' dir='ltr'><strong>Qui</strong></span> <span class='ocrx_word' id='word_1_69' title='bbox 1097 910 1195 974; x_wconf 81' lang='lat' dir='ltr'><strong>Abra-</strong></span> 
     </span>
     <span class='ocr_line' id='line_1_9' title="bbox 48 1009 1188 1096; baseline -0.001 -22"><span class='ocrx_word' id='word_1_70' title='bbox 48 1013 115 1076; x_wconf 92' lang='lat' dir='ltr'><strong>bamo</strong></span> <span class='ocrx_word' id='word_1_71' title='bbox 136 1013 301 1091; x_wconf 79' lang='lat' dir='ltr'><strong>benedixit,</strong></span> <span class='ocrx_word' id='word_1_72' title='bbox 325 1025 355 1078; x_wconf 91' lang='lat' dir='ltr'><strong>et</strong></span> <span class='ocrx_word' id='word_1_73' title='bbox 370 1013 407 1075; x_wconf 93' lang='lat' dir='ltr'><strong>ab</strong></span> <span class='ocrx_word' id='word_1_74' title='bbox 423 1033 459 1076; x_wconf 90' lang='lat' dir='ltr'><strong>eo</strong></span> <span class='ocrx_word' id='word_1_75' title='bbox 476 1013 626 1074; x_wconf 79' lang='lat' dir='ltr'><strong>decumam</strong></span> <span class='ocrx_word' id='word_1_76' title='bbox 645 1011 769 1096; x_wconf 89' lang='lat' dir='ltr'><strong>accepit.</strong></span> <span class='ocrx_word' id='word_1_77' title='bbox 818 1009 860 1074; x_wconf 87' lang='lat' dir='ltr'><strong>lta</strong></span> <span class='ocrx_word' id='word_1_78' title='bbox 879 1014 955 1074; x_wconf 88' lang='lat' dir='ltr'><strong>cuim</strong></span> <span class='ocrx_word' id='word_1_79' title='bbox 973 1013 1034 1075; x_wconf 91' lang='lat' dir='ltr'><strong>lieri</strong></span> <span class='ocrx_word' id='word_1_80' title='bbox 1054 1013 1188 1090; x_wconf 79' lang='lat' dir='ltr'><strong>decebat,</strong></span> 
     </span>
    </p>
   </div>
   <div class='ocr_carea' id='block_1_4' title="bbox 34 1114 1333 4262">
    <p class='ocr_par' dir='ltr' id='par_1_4' title="bbox 38 1114 1333 2912">
     <span class='ocr_line' id='line_1_10' title="bbox 49 1114 1194 1200; baseline 0.003 -25"><span class='ocrx_word' id='word_1_81' title='bbox 49 1126 72 1176; x_wconf 88' lang='lat' dir='ltr'><strong>ut</strong></span> <span class='ocrx_word' id='word_1_82' title='bbox 87 1137 100 1178; x_wconf 87' lang='lat' dir='ltr'><strong>a</strong></span> <span class='ocrx_word' id='word_1_83' title='bbox 114 1116 162 1178; x_wconf 91' lang='lat' dir='ltr'><strong>dei</strong></span> <span class='ocrx_word' id='word_1_84' title='bbox 181 1115 289 1178; x_wconf 82' lang='lat' dir='ltr'><strong>famulo</strong></span> <span class='ocrx_word' id='word_1_85' title='bbox 304 1115 437 1178; x_wconf 90' lang='lat' dir='ltr'><strong>altissimi</strong></span> <span class='ocrx_word' id='word_1_86' title='bbox 457 1115 597 1178; x_wconf 76' lang='lat' dir='ltr'><strong>sacerdos</strong></span> <span class='ocrx_word' id='word_1_87' title='bbox 614 1114 821 1192; x_wconf 88' lang='lat' dir='ltr'><strong>honoraretur,</strong></span> <span class='ocrx_word' id='word_1_88' title='bbox 846 1125 934 1199; x_wconf 90' lang='lat' dir='ltr'><strong>utque</strong></span> <span class='ocrx_word' id='word_1_89' title='bbox 949 1115 1059 1200; x_wconf 89' lang='lat' dir='ltr'><strong>primus</strong></span> <span class='ocrx_word' id='word_1_90' title='bbox 1079 1114 1194 1178; x_wconf 79' lang='lat' dir='ltr'><strong>Abrae·</strong></span> 
     </span>
     <span class='ocr_line' id='line_1_11' title="bbox 48 1215 1193 1302; baseline 0.001 -24"><span class='ocrx_word' id='word_1_91' title='bbox 48 1239 98 1279; x_wconf 86' lang='lat' dir='ltr'><strong>oros</strong></span> <span class='ocrx_word' id='word_1_92' title='bbox 122 1218 309 1302; x_wconf 88' lang='lat' dir='ltr'><strong>praeputiato</strong></span> <span class='ocrx_word' id='word_1_93' title='bbox 331 1215 476 1281; x_wconf 86' lang='lat' dir='ltr'><strong>sacerdoti</strong></span> <span class='ocrx_word' id='word_1_94' title='bbox 497 1237 579 1278; x_wconf 89' lang='lat' dir='ltr'><strong>sacra</strong></span> <span class='ocrx_word' id='word_1_95' title='bbox 599 1216 758 1279; x_wconf 77' lang='lat' dir='ltr'><strong>celebranti</strong></span> <span class='ocrx_word' id='word_1_96' title='bbox 778 1237 883 1280; x_wconf 90' lang='lat' dir='ltr'><strong>muuus</strong></span> <span class='ocrx_word' id='word_1_97' title='bbox 902 1217 1039 1297; x_wconf 82' lang='lat' dir='ltr'><strong>offerret,</strong></span> <span class='ocrx_word' id='word_1_98' title='bbox 1062 1217 1193 1301; x_wconf 88' lang='lat' dir='ltr'><strong>quando-</strong></span> 
     </span>
     <span class='ocr_line' id='line_1_12' title="bbox 48 1318 1193 1404; baseline 0.002 -24"><span class='ocrx_word' id='word_1_99' title='bbox 48 1320 148 1400; x_wconf 85' lang='lat' dir='ltr'><strong>poidem</strong></span> <span class='ocrx_word' id='word_1_100' title='bbox 170 1321 298 1382; x_wconf 85' lang='lat' dir='ltr'><strong>lotorum</strong></span> <span class='ocrx_word' id='word_1_101' title='bbox 321 1330 384 1382; x_wconf 88' lang='lat' dir='ltr'><strong>erat</strong></span> <span class='ocrx_word' id='word_1_102' title='bbox 400 1318 556 1402; x_wconf 90' lang='lat' dir='ltr'><strong>aliquando</strong></span> <span class='ocrx_word' id='word_1_103' title='bbox 580 1329 611 1382; x_wconf 89' lang='lat' dir='ltr'><strong>ut</strong></span> <span class='ocrx_word' id='word_1_104' title='bbox 634 1319 866 1382; x_wconf 88' lang='lat' dir='ltr'><strong>circumcisionis</strong></span> <span class='ocrx_word' id='word_1_105' title='bbox 890 1320 1036 1404; x_wconf 83' lang='lat' dir='ltr'><strong>proprium</strong></span> <span class='ocrx_word' id='word_1_106' title='bbox 1055 1319 1193 1383; x_wconf 88' lang='lat' dir='ltr'><strong>secerdo-</strong></span> 
     </span>
     <span class='ocr_line' id='line_1_13' title="bbox 46 1419 1193 1505; baseline 0.002 -24"><span class='ocrx_word' id='word_1_107' title='bbox 46 1421 103 1482; x_wconf 87' lang='lat' dir='ltr'><strong>tium</strong></span> <span class='ocrx_word' id='word_1_108' title='bbox 127 1420 272 1505; x_wconf 81' lang='lat' dir='ltr'><strong>originem</strong></span> <span class='ocrx_word' id='word_1_109' title='bbox 297 1419 332 1484; x_wconf 87' lang='lat' dir='ltr'><strong>ab</strong></span> <span class='ocrx_word' id='word_1_110' title='bbox 356 1421 492 1504; x_wconf 84' lang='lat' dir='ltr'><strong>illoipso</strong></span> <span class='ocrx_word' id='word_1_111' title='bbox 509 1421 646 1497; x_wconf 88' lang='lat' dir='ltr'><strong>duceret,</strong></span> <span class='ocrx_word' id='word_1_112' title='bbox 671 1441 727 1504; x_wconf 85' lang='lat' dir='ltr'><strong>quo</strong></span> <span class='ocrx_word' id='word_1_113' title='bbox 746 1420 907 1484; x_wconf 90' lang='lat' dir='ltr'><strong>sublimitas</strong></span> <span class='ocrx_word' id='word_1_114' title='bbox 931 1421 1026 1502; x_wconf 82' lang='lat' dir='ltr'><strong>oannis</strong></span> <span class='ocrx_word' id='word_1_115' title='bbox 1050 1422 1193 1486; x_wconf 87' lang='lat' dir='ltr'><strong>adversus</strong></span> 
     </span>
     <span class='ocr_line' id='line_1_14' title="bbox 47 1522 1193 1608; baseline 0.002 -24"><span class='ocrx_word' id='word_1_116' title='bbox 47 1523 82 1585; x_wconf 92' lang='lat' dir='ltr'><strong>dei</strong></span> <span class='ocrx_word' id='word_1_117' title='bbox 94 1522 294 1606; x_wconf 81' lang='lat' dir='ltr'><strong>cognitionem</strong></span> <span class='ocrx_word' id='word_1_118' title='bbox 308 1523 383 1584; x_wconf 89' lang='lat' dir='ltr'><strong>elata</strong></span> <span class='ocrx_word' id='word_1_119' title='bbox 403 1522 571 1606; x_wconf 82' lang='lat' dir='ltr'><strong>cognitione</strong></span> <span class='ocrx_word' id='word_1_120' title='bbox 586 1523 811 1606; x_wconf 89' lang='lat' dir='ltr'><strong>deprimeretur,</strong></span> <span class='ocrx_word' id='word_1_121' title='bbox 831 1543 864 1586; x_wconf 92' lang='lat' dir='ltr'><strong>ac</strong></span> <span class='ocrx_word' id='word_1_122' title='bbox 880 1543 917 1586; x_wconf 88' lang='lat' dir='ltr'><strong>ne</strong></span> <span class='ocrx_word' id='word_1_123' title='bbox 933 1524 1118 1586; x_wconf 84' lang='lat' dir='ltr'><strong>circumcisio</strong></span> <span class='ocrx_word' id='word_1_124' title='bbox 1130 1523 1193 1608; x_wconf 88' lang='lat' dir='ltr'><strong>glo-</strong></span> 
     </span>
     <span class='ocr_line' id='line_1_15' title="bbox 45 1623 1192 1709; baseline 0.004 -25"><span class='ocrx_word' id='word_1_125' title='bbox 45 1625 140 1689; x_wconf 84' lang='lat' dir='ltr'><strong>riosius</strong></span> <span class='ocrx_word' id='word_1_126' title='bbox 156 1646 226 1688; x_wconf 88' lang='lat' dir='ltr'><strong>sese</strong></span> <span class='ocrx_word' id='word_1_127' title='bbox 243 1625 379 1687; x_wconf 86' lang='lat' dir='ltr'><strong>iactitans</strong></span> <span class='ocrx_word' id='word_1_128' title='bbox 398 1625 434 1687; x_wconf 89' lang='lat' dir='ltr'><strong>dc</strong></span> <span class='ocrx_word' id='word_1_129' title='bbox 454 1623 621 1688; x_wconf 88' lang='lat' dir='ltr'><strong>sacerdotio</strong></span> <span class='ocrx_word' id='word_1_130' title='bbox 638 1635 737 1709; x_wconf 86' lang='lat' dir='ltr'><strong>posset</strong></span> <span class='ocrx_word' id='word_1_131' title='bbox 755 1639 819 1686; x_wconf 91' lang='lat' dir='ltr'><strong>cum</strong></span> <span class='ocrx_word' id='word_1_132' title='bbox 840 1626 985 1688; x_wconf 88' lang='lat' dir='ltr'><strong>ecclesiae</strong></span> <span class='ocrx_word' id='word_1_133' title='bbox 1003 1636 1123 1688; x_wconf 86' lang='lat' dir='ltr'><strong>sunctae</strong></span> <span class='ocrx_word' id='word_1_134' title='bbox 1146 1645 1192 1689; x_wconf 86' lang='lat' dir='ltr'><strong>se·</strong></span> 
     </span>
     <span class='ocr_line' id='line_1_16' title="bbox 44 1722 1191 1790; baseline 0.003 -3"><span class='ocrx_word' id='word_1_135' title='bbox 44 1729 163 1790; x_wconf 85' lang='lat' dir='ltr'><strong>cerdotio</strong></span> <span class='ocrx_word' id='word_1_136' title='bbox 181 1727 373 1789; x_wconf 85' lang='lat' dir='ltr'><strong>contendere.</strong></span> <span class='ocrx_word' id='word_1_137' title='bbox 412 1722 486 1790; x_wconf 86' lang='lat' dir='ltr'><strong>Cum</strong></span> <span class='ocrx_word' id='word_1_138' title='bbox 504 1727 581 1788; x_wconf 90' lang='lat' dir='ltr'><strong>enim</strong></span> <span class='ocrx_word' id='word_1_139' title='bbox 599 1725 785 1788; x_wconf 76' lang='lat' dir='ltr'><strong>Alurabamus</strong></span> <span class='ocrx_word' id='word_1_140' title='bbox 805 1723 1024 1790; x_wconf 85' lang='lat' dir='ltr'><strong>Melchisedeco</strong></span> <span class='ocrx_word' id='word_1_141' title='bbox 1041 1728 1191 1790; x_wconf 89' lang='lat' dir='ltr'><strong>decumam</strong></span> 
     </span>
     <span class='ocr_line' id='line_1_17' title="bbox 44 1817 1191 1913; baseline 0.003 -25"><span class='ocrx_word' id='word_1_142' title='bbox 44 1829 183 1907; x_wconf 89' lang='lat' dir='ltr'><strong>obtulerit,</strong></span> <span class='ocrx_word' id='word_1_143' title='bbox 207 1829 343 1912; x_wconf 80' lang='lat' dir='ltr'><strong>illincque</strong></span> <span class='ocrx_word' id='word_1_144' title='bbox 362 1829 472 1912; x_wconf 88' lang='lat' dir='ltr'><strong>posteri</strong></span> <span class='ocrx_word' id='word_1_145' title='bbox 490 1826 565 1892; x_wconf 86' lang='lat' dir='ltr'><strong>Levi</strong></span> <span class='ocrx_word' id='word_1_146' title='bbox 584 1838 614 1891; x_wconf 87' lang='lat' dir='ltr'><strong>ct</strong></span> <span class='ocrx_word' id='word_1_147' title='bbox 632 1825 747 1890; x_wconf 78' lang='lat' dir='ltr'><strong>Aaroni</strong></span> <span class='ocrx_word' id='word_1_148' title='bbox 763 1829 902 1913; x_wconf 89' lang='lat' dir='ltr'><strong>deinceps</strong></span> <span class='ocrx_word' id='word_1_149' title='bbox 921 1817 1074 1910; x_wconf 77' lang='lat' dir='ltr'><strong>olierbent,</strong></span> <span class='ocrx_word' id='word_1_150' title='bbox 1097 1851 1132 1893; x_wconf 89' lang='lat' dir='ltr'><strong>ac</strong></span> <span class='ocrx_word' id='word_1_151' title='bbox 1147 1829 1191 1892; x_wconf 92' lang='lat' dir='ltr'><strong>ni-</strong></span> 
     </span>
     <span class='ocr_line' id='line_1_18' title="bbox 42 1929 1191 2015; baseline 0.005 -25"><span class='ocrx_word' id='word_1_152' title='bbox 42 1929 187 1994; x_wconf 88' lang='lat' dir='ltr'><strong>bilominus</strong></span> <span class='ocrx_word' id='word_1_153' title='bbox 211 1942 331 2015; x_wconf 84' lang='lat' dir='ltr'><strong>postea,</strong></span> <span class='ocrx_word' id='word_1_154' title='bbox 361 1951 425 1993; x_wconf 91' lang='lat' dir='ltr'><strong>cum</strong></span> <span class='ocrx_word' id='word_1_155' title='bbox 448 1931 618 1994; x_wconf 90' lang='lat' dir='ltr'><strong>attributum</strong></span> <span class='ocrx_word' id='word_1_156' title='bbox 642 1930 858 1994; x_wconf 89' lang='lat' dir='ltr'><strong>circumcisioni</strong></span> <span class='ocrx_word' id='word_1_157' title='bbox 878 1933 1074 1996; x_wconf 89' lang='lat' dir='ltr'><strong>sacerdotium</strong></span> <span class='ocrx_word' id='word_1_158' title='bbox 1098 1933 1191 1996; x_wconf 91' lang='lat' dir='ltr'><strong>adbuc</strong></span> 
     </span>
     <span class='ocr_line' id='line_1_19' title="bbox 42 2031 1333 2119; baseline 0.004 -27"><span class='ocrx_word' id='word_1_159' title='bbox 42 2053 119 2114; x_wconf 91' lang='lat' dir='ltr'><strong>penes</strong></span> <span class='ocrx_word' id='word_1_160' title='bbox 135 2035 288 2096; x_wconf 77' lang='lat' dir='ltr'><strong>Aaronem</strong></span> <span class='ocrx_word' id='word_1_161' title='bbox 307 2032 427 2117; x_wconf 89' lang='lat' dir='ltr'><strong>eiusque</strong></span> <span class='ocrx_word' id='word_1_162' title='bbox 448 2034 568 2118; x_wconf 89' lang='lat' dir='ltr'><strong>stirpem</strong></span> <span class='ocrx_word' id='word_1_163' title='bbox 588 2043 740 2108; x_wconf 86' lang='lat' dir='ltr'><strong>moueret,</strong></span> <span class='ocrx_word' id='word_1_164' title='bbox 765 2031 862 2096; x_wconf 83' lang='lat' dir='ltr'><strong>divina</strong></span> <span class='ocrx_word' id='word_1_165' title='bbox 884 2056 936 2119; x_wconf 88' lang='lat' dir='ltr'><strong>per</strong></span> <span class='ocrx_word' id='word_1_166' title='bbox 950 2033 1094 2098; x_wconf 89' lang='lat' dir='ltr'><strong>Davidem</strong></span> <span class='ocrx_word' id='word_1_167' title='bbox 1117 2033 1333 2115; x_wconf 74' lang='lat' dir='ltr'><strong>scri-1³.,1oa‚4,</strong></span> 
     </span>
     <span class='ocr_line' id='line_1_20' title="bbox 41 2133 1192 2218; baseline 0.005 -23"><span class='ocrx_word' id='word_1_168' title='bbox 41 2143 130 2216; x_wconf 87' lang='lat' dir='ltr'><strong>ptura,</strong></span> <span class='ocrx_word' id='word_1_169' title='bbox 157 2135 311 2198; x_wconf 90' lang='lat' dir='ltr'><strong>duodecim</strong></span> <span class='ocrx_word' id='word_1_170' title='bbox 328 2135 364 2196; x_wconf 90' lang='lat' dir='ltr'><strong>ab</strong></span> <span class='ocrx_word' id='word_1_171' title='bbox 382 2135 495 2218; x_wconf 82' lang='lat' dir='ltr'><strong>origine</strong></span> <span class='ocrx_word' id='word_1_172' title='bbox 512 2133 589 2198; x_wconf 80' lang='lat' dir='ltr'><strong>Leni</strong></span> <span class='ocrx_word' id='word_1_173' title='bbox 611 2133 851 2218; x_wconf 77' lang='lat' dir='ltr'><strong>generationibus</strong></span> <span class='ocrx_word' id='word_1_174' title='bbox 870 2137 1014 2216; x_wconf 84' lang='lat' dir='ltr'><strong>evolutis,</strong></span> <span class='ocrx_word' id='word_1_175' title='bbox 1039 2138 1075 2200; x_wconf 89' lang='lat' dir='ltr'><strong>ab</strong></span> <span class='ocrx_word' id='word_1_176' title='bbox 1093 2137 1192 2201; x_wconf 80' lang='lat' dir='ltr'><strong>Aaro-</strong></span> 
     </span>
     <span class='ocr_line' id='line_1_21' title="bbox 41 2237 1191 2322; baseline 0.006 -27"><span class='ocrx_word' id='word_1_177' title='bbox 41 2237 79 2296; x_wconf 86' lang='lat' dir='ltr'><strong>nis</strong></span> <span class='ocrx_word' id='word_1_178' title='bbox 93 2257 166 2298; x_wconf 85' lang='lat' dir='ltr'><strong>vero</strong></span> <span class='ocrx_word' id='word_1_179' title='bbox 184 2237 375 2301; x_wconf 88' lang='lat' dir='ltr'><strong>successione</strong></span> <span class='ocrx_word' id='word_1_180' title='bbox 395 2249 526 2322; x_wconf 86' lang='lat' dir='ltr'><strong>septem,</strong></span> <span class='ocrx_word' id='word_1_181' title='bbox 550 2237 701 2300; x_wconf 87' lang='lat' dir='ltr'><strong>oraculum</strong></span> <span class='ocrx_word' id='word_1_182' title='bbox 717 2237 786 2300; x_wconf 90' lang='lat' dir='ltr'><strong>illud</strong></span> <span class='ocrx_word' id='word_1_183' title='bbox 805 2238 940 2317; x_wconf 88' lang='lat' dir='ltr'><strong>ediderit,</strong></span> <span class='ocrx_word' id='word_1_184' title='bbox 964 2250 1137 2322; x_wconf 86' lang='lat' dir='ltr'><strong>argumento</strong></span> <span class='ocrx_word' id='word_1_185' title='bbox 1154 2239 1191 2302; x_wconf 93' lang='lat' dir='ltr'><strong>il·</strong></span> 
     </span>
     <span class='ocr_line' id='line_1_22' title="bbox 41 2337 1189 2425; baseline 0.004 -27"><span class='ocrx_word' id='word_1_186' title='bbox 41 2337 78 2400; x_wconf 91' lang='lat' dir='ltr'><strong>lnd</strong></span> <span class='ocrx_word' id='word_1_187' title='bbox 95 2341 149 2402; x_wconf 88' lang='lat' dir='ltr'><strong>leit</strong></span> <span class='ocrx_word' id='word_1_188' title='bbox 165 2340 322 2403; x_wconf 88' lang='lat' dir='ltr'><strong>sacerdotii</strong></span> <span class='ocrx_word' id='word_1_189' title='bbox 339 2340 509 2424; x_wconf 89' lang='lat' dir='ltr'><strong>dignitatem</strong></span> <span class='ocrx_word' id='word_1_190' title='bbox 529 2339 558 2401; x_wconf 95' lang='lat' dir='ltr'><strong>in</strong></span> <span class='ocrx_word' id='word_1_191' title='bbox 575 2349 751 2402; x_wconf 85' lang='lat' dir='ltr'><strong>testamento</strong></span> <span class='ocrx_word' id='word_1_192' title='bbox 770 2350 872 2402; x_wconf 88' lang='lat' dir='ltr'><strong>vetere</strong></span> <span class='ocrx_word' id='word_1_193' title='bbox 889 2351 1029 2425; x_wconf 89' lang='lat' dir='ltr'><strong>perpetuo</strong></span> <span class='ocrx_word' id='word_1_194' title='bbox 1046 2363 1104 2404; x_wconf 92' lang='lat' dir='ltr'><strong>uon</strong></span> <span class='ocrx_word' id='word_1_195' title='bbox 1122 2362 1189 2405; x_wconf 90' lang='lat' dir='ltr'><strong>esse</strong></span> 
     </span>
     <span class='ocr_line' id='line_1_23' title="bbox 40 2440 1190 2524; baseline 0.006 -25"><span class='ocrx_word' id='word_1_196' title='bbox 40 2461 217 2519; x_wconf 86' lang='lat' dir='ltr'><strong>mansuram,</strong></span> <span class='ocrx_word' id='word_1_197' title='bbox 249 2443 302 2504; x_wconf 89' lang='lat' dir='ltr'><strong>sed</strong></span> <span class='ocrx_word' id='word_1_198' title='bbox 329 2441 358 2502; x_wconf 94' lang='lat' dir='ltr'><strong>in</strong></span> <span class='ocrx_word' id='word_1_199' title='bbox 382 2461 448 2506; x_wconf 88' lang='lat' dir='ltr'><strong>eum</strong></span> <span class='ocrx_word' id='word_1_200' title='bbox 475 2440 605 2503; x_wconf 87' lang='lat' dir='ltr'><strong>ordinem</strong></span> <span class='ocrx_word' id='word_1_201' title='bbox 639 2461 706 2504; x_wconf 88' lang='lat' dir='ltr'><strong>esse</strong></span> <span class='ocrx_word' id='word_1_202' title='bbox 729 2443 964 2505; x_wconf 87' lang='lat' dir='ltr'><strong>translerendnm</strong></span> <span class='ocrx_word' id='word_1_203' title='bbox 989 2443 1037 2524; x_wconf 90' lang='lat' dir='ltr'><strong>qui</strong></span> <span class='ocrx_word' id='word_1_204' title='bbox 1060 2440 1137 2506; x_wconf 86' lang='lat' dir='ltr'><strong>Levi</strong></span> <span class='ocrx_word' id='word_1_205' title='bbox 1160 2454 1190 2506; x_wconf 88' lang='lat' dir='ltr'><strong>ct</strong></span> 
     </span>
     <span class='ocr_line' id='line_1_24' title="bbox 40 2539 1189 2628; baseline 0.005 -26"><span class='ocrx_word' id='word_1_206' title='bbox 40 2545 183 2607; x_wconf 78' lang='lat' dir='ltr'><strong>derooem</strong></span> <span class='ocrx_word' id='word_1_207' title='bbox 207 2541 379 2606; x_wconf 86' lang='lat' dir='ltr'><strong>antecessit.</strong></span> <span class='ocrx_word' id='word_1_208' title='bbox 426 2539 512 2625; x_wconf 83' lang='lat' dir='ltr'><strong>Quod</strong></span> <span class='ocrx_word' id='word_1_209' title='bbox 536 2542 629 2628; x_wconf 88' lang='lat' dir='ltr'><strong>ipsum</strong></span> <span class='ocrx_word' id='word_1_210' title='bbox 656 2563 672 2606; x_wconf 91' lang='lat' dir='ltr'><strong>a</strong></span> <span class='ocrx_word' id='word_1_211' title='bbox 698 2540 819 2607; x_wconf 83' lang='lat' dir='ltr'><strong>Christo</strong></span> <span class='ocrx_word' id='word_1_212' title='bbox 842 2545 876 2605; x_wconf 91' lang='lat' dir='ltr'><strong>ad</strong></span> <span class='ocrx_word' id='word_1_213' title='bbox 903 2544 1074 2606; x_wconf 85' lang='lat' dir='ltr'><strong>hodiernum</strong></span> <span class='ocrx_word' id='word_1_214' title='bbox 1097 2565 1189 2628; x_wconf 86' lang='lat' dir='ltr'><strong>usque</strong></span> 
     </span>
     <span class='ocr_line' id='line_1_25' title="bbox 40 2643 1189 2722; baseline 0.006 -19"><span class='ocrx_word' id='word_1_215' title='bbox 40 2643 105 2707; x_wconf 91' lang='lat' dir='ltr'><strong>diem</strong></span> <span class='ocrx_word' id='word_1_216' title='bbox 126 2647 158 2708; x_wconf 91' lang='lat' dir='ltr'><strong>in</strong></span> <span class='ocrx_word' id='word_1_217' title='bbox 177 2645 302 2708; x_wconf 89' lang='lat' dir='ltr'><strong>ecclesia</strong></span> <span class='ocrx_word' id='word_1_218' title='bbox 319 2647 427 2707; x_wconf 85' lang='lat' dir='ltr'><strong>iactum</strong></span> <span class='ocrx_word' id='word_1_219' title='bbox 449 2655 478 2706; x_wconf 92' lang='lat' dir='ltr'><strong>ct</strong></span> <span class='ocrx_word' id='word_1_220' title='bbox 493 2645 725 2708; x_wconf 87' lang='lat' dir='ltr'><strong>administratum</strong></span> <span class='ocrx_word' id='word_1_221' title='bbox 743 2643 910 2722; x_wconf 86' lang='lat' dir='ltr'><strong>cernimus,</strong></span> <span class='ocrx_word' id='word_1_222' title='bbox 934 2645 982 2708; x_wconf 89' lang='lat' dir='ltr'><strong>obi</strong></span> <span class='ocrx_word' id='word_1_223' title='bbox 999 2647 1189 2710; x_wconf 87' lang='lat' dir='ltr'><strong>sacerdotalis</strong></span> 
     </span>
     <span class='ocr_line' id='line_1_26' title="bbox 38 2745 1188 2832; baseline 0.004 -25"><span class='ocrx_word' id='word_1_224' title='bbox 38 2749 147 2827; x_wconf 84' lang='lat' dir='ltr'><strong>generis</strong></span> <span class='ocrx_word' id='word_1_225' title='bbox 166 2767 226 2809; x_wconf 91' lang='lat' dir='ltr'><strong>non</strong></span> <span class='ocrx_word' id='word_1_226' title='bbox 242 2768 282 2810; x_wconf 87' lang='lat' dir='ltr'><strong>cx</strong></span> <span class='ocrx_word' id='word_1_227' title='bbox 299 2747 362 2832; x_wconf 88' lang='lat' dir='ltr'><strong>ipsa</strong></span> <span class='ocrx_word' id='word_1_228' title='bbox 378 2745 480 2830; x_wconf 86' lang='lat' dir='ltr'><strong>stirpe,</strong></span> <span class='ocrx_word' id='word_1_229' title='bbox 504 2747 557 2810; x_wconf 87' lang='lat' dir='ltr'><strong>sed</strong></span> <span class='ocrx_word' id='word_1_230' title='bbox 572 2767 612 2810; x_wconf 80' lang='lat' dir='ltr'><strong>ex</strong></span> <span class='ocrx_word' id='word_1_231' title='bbox 625 2747 741 2809; x_wconf 91' lang='lat' dir='ltr'><strong>virtutis</strong></span> <span class='ocrx_word' id='word_1_232' title='bbox 760 2748 852 2810; x_wconf 87' lang='lat' dir='ltr'><strong>lorma</strong></span> <span class='ocrx_word' id='word_1_233' title='bbox 873 2767 907 2809; x_wconf 90' lang='lat' dir='ltr'><strong>ac</strong></span> <span class='ocrx_word' id='word_1_234' title='bbox 927 2748 1040 2812; x_wconf 89' lang='lat' dir='ltr'><strong>ratione</strong></span> <span class='ocrx_word' id='word_1_235' title='bbox 1057 2749 1188 2812; x_wconf 90' lang='lat' dir='ltr'><strong>delectus</strong></span> 
     </span>
     <span class='ocr_line' id='line_1_27' title="bbox 39 2847 205 2912; baseline 0.03 -6"><span class='ocrx_word' id='word_1_236' title='bbox 39 2847 205 2912; x_wconf 88' lang='lat' dir='ltr'><strong>instituitur.</strong></span> 
     </span>
    </p>

    <p class='ocr_par' dir='ltr' id='par_1_5' title="bbox 34 2951 1332 4262">
     <span class='ocr_line' id='line_1_28' title="bbox 113 2951 1324 3038; baseline 0.002 -22"><span class='ocrx_word' id='word_1_237' title='bbox 113 2951 236 3016; x_wconf 85' lang='lat' dir='ltr'><strong>Etenim</strong></span> <span class='ocrx_word' id='word_1_238' title='bbox 252 2951 374 3035; x_wconf 86' lang='lat' dir='ltr'><strong>primum</strong></span> <span class='ocrx_word' id='word_1_239' title='bbox 390 2951 419 3013; x_wconf 91' lang='lat' dir='ltr'><strong>in</strong></span> <span class='ocrx_word' id='word_1_240' title='bbox 436 2953 587 3037; x_wconf 90' lang='lat' dir='ltr'><strong>praeputio</strong></span> <span class='ocrx_word' id='word_1_241' title='bbox 602 2951 796 3014; x_wconf 90' lang='lat' dir='ltr'><strong>sacerdotium</strong></span> <span class='ocrx_word' id='word_1_242' title='bbox 813 2971 865 3036; x_wconf 88' lang='lat' dir='ltr'><strong>per</strong></span> <span class='ocrx_word' id='word_1_243' title='bbox 884 2952 1009 3016; x_wconf 79' lang='lat' dir='ltr'><strong>Abelem</strong></span> <span class='ocrx_word' id='word_1_244' title='bbox 1025 2955 1186 3038; x_wconf 83' lang='lat' dir='ltr'><strong>perlectum</strong></span> <span class='ocrx_word' id='word_1_245' title='bbox 1208 2970 1267 3037; x_wconf 81' lang='lat' dir='ltr'><strong>Gap.</strong></span> <span class='ocrx_word' id='word_1_246' title='bbox 1283 2971 1324 3020; x_wconf 83' lang='lat' dir='ltr'><strong>tlt.</strong></span> 
     </span>
     <span class='ocr_line' id='line_1_29' title="bbox 40 3051 1189 3138; baseline 0.003 -24"><span class='ocrx_word' id='word_1_247' title='bbox 40 3065 92 3130; x_wconf 89' lang='lat' dir='ltr'><strong>est,</strong></span> <span class='ocrx_word' id='word_1_248' title='bbox 116 3057 187 3118; x_wconf 89' lang='lat' dir='ltr'><strong>inde</strong></span> <span class='ocrx_word' id='word_1_249' title='bbox 204 3074 258 3138; x_wconf 85' lang='lat' dir='ltr'><strong>per</strong></span> <span class='ocrx_word' id='word_1_250' title='bbox 272 3051 438 3131; x_wconf 90' lang='lat' dir='ltr'><strong>No&#39;e&#39;mum,</strong></span> <span class='ocrx_word' id='word_1_251' title='bbox 462 3075 496 3116; x_wconf 87' lang='lat' dir='ltr'><strong>ac</strong></span> <span class='ocrx_word' id='word_1_252' title='bbox 514 3055 601 3116; x_wconf 88' lang='lat' dir='ltr'><strong>tertio</strong></span> <span class='ocrx_word' id='word_1_253' title='bbox 622 3056 736 3118; x_wconf 90' lang='lat' dir='ltr'><strong>demum</strong></span> <span class='ocrx_word' id='word_1_254' title='bbox 754 3073 806 3138; x_wconf 88' lang='lat' dir='ltr'><strong>per</strong></span> <span class='ocrx_word' id='word_1_255' title='bbox 821 3051 1069 3120; x_wconf 84' lang='lat' dir='ltr'><strong>Melchisedecum</strong></span> <span class='ocrx_word' id='word_1_256' title='bbox 1094 3058 1117 3137; x_wconf 89' lang='lat'><strong>[‚</strong></span> <span class='ocrx_word' id='word_1_257' title='bbox 1141 3056 1189 3118; x_wconf 89' lang='lat' dir='ltr'><strong>dei</strong></span> 
     </span>
     <span class='ocr_line' id='line_1_30' title="bbox 38 3155 1188 3242; baseline 0.005 -28"><span class='ocrx_word' id='word_1_258' title='bbox 38 3159 226 3233; x_wconf 81' lang='lat' dir='ltr'><strong>sacerdotem,</strong></span> <span class='ocrx_word' id='word_1_259' title='bbox 246 3177 304 3218; x_wconf 94' lang='lat' dir='ltr'><strong>non</strong></span> <span class='ocrx_word' id='word_1_260' title='bbox 322 3155 603 3234; x_wconf 73' lang='lat' dir='ltr'><strong>incircumcisionis,</strong></span> <span class='ocrx_word' id='word_1_261' title='bbox 629 3157 679 3219; x_wconf 90' lang='lat' dir='ltr'><strong>sed</strong></span> <span class='ocrx_word' id='word_1_262' title='bbox 698 3177 869 3240; x_wconf 85' lang='lat' dir='ltr'><strong>quamquam</strong></span> <span class='ocrx_word' id='word_1_263' title='bbox 888 3156 916 3218; x_wconf 92' lang='lat' dir='ltr'><strong>in</strong></span> <span class='ocrx_word' id='word_1_264' title='bbox 933 3157 1055 3234; x_wconf 89' lang='lat' dir='ltr'><strong>iustitio,</strong></span> <span class='ocrx_word' id='word_1_265' title='bbox 1075 3159 1104 3220; x_wconf 91' lang='lat' dir='ltr'><strong>in</strong></span> <span class='ocrx_word' id='word_1_266' title='bbox 1122 3179 1188 3242; x_wconf 90' lang='lat' dir='ltr'><strong>per-</strong></span> 
     </span>
     <span class='ocr_line' id='line_1_31' title="bbox 39 3251 1188 3344; baseline 0.008 -31"><span class='ocrx_word' id='word_1_267' title='bbox 39 3259 156 3322; x_wconf 87' lang='lat' dir='ltr'><strong>lectione</strong></span> <span class='ocrx_word' id='word_1_268' title='bbox 172 3251 262 3342; x_wconf 75' lang='lat' dir='ltr'><strong>atquc</strong></span> <span class='ocrx_word' id='word_1_269' title='bbox 276 3258 401 3337; x_wconf 87' lang='lat' dir='ltr'><strong>virtute,</strong></span> <span class='ocrx_word' id='word_1_270' title='bbox 428 3269 523 3320; x_wconf 90' lang='lat' dir='ltr'><strong>tamen</strong></span> <span class='ocrx_word' id='word_1_271' title='bbox 542 3259 570 3322; x_wconf 94' lang='lat' dir='ltr'><strong>in</strong></span> <span class='ocrx_word' id='word_1_272' title='bbox 588 3259 763 3344; x_wconf 87' lang='lat' dir='ltr'><strong>praeputio].</strong></span> <span class='ocrx_word' id='word_1_273' title='bbox 810 3255 896 3340; x_wconf 79' lang='lat' dir='ltr'><strong>Quod</strong></span> <span class='ocrx_word' id='word_1_274' title='bbox 915 3269 1010 3321; x_wconf 89' lang='lat' dir='ltr'><strong>antem</strong></span> <span class='ocrx_word' id='word_1_275' title='bbox 1027 3256 1188 3322; x_wconf 84' lang='lat' dir='ltr'><strong>Melchise-</strong></span> 
     </span>
     <span class='ocr_line' id='line_1_32' title="bbox 38 3360 1187 3445; baseline 0.005 -27"><span class='ocrx_word' id='word_1_276' title='bbox 38 3361 82 3421; x_wconf 90' lang='lat' dir='ltr'><strong>dec</strong></span> <span class='ocrx_word' id='word_1_277' title='bbox 105 3361 196 3424; x_wconf 90' lang='lat' dir='ltr'><strong>bomo</strong></span> <span class='ocrx_word' id='word_1_278' title='bbox 222 3361 325 3436; x_wconf 87' lang='lat' dir='ltr'><strong>luerit,</strong></span> <span class='ocrx_word' id='word_1_279' title='bbox 356 3371 477 3422; x_wconf 88' lang='lat' dir='ltr'><strong>sanctus</strong></span> <span class='ocrx_word' id='word_1_280' title='bbox 495 3361 644 3445; x_wconf 88' lang='lat' dir='ltr'><strong>apostolus</strong></span> <span class='ocrx_word' id='word_1_281' title='bbox 661 3363 690 3422; x_wconf 92' lang='lat' dir='ltr'><strong>io</strong></span> <span class='ocrx_word' id='word_1_282' title='bbox 714 3361 817 3424; x_wconf 51' lang='lat' dir='ltr'><strong>cadem¹</strong></span> <span class='ocrx_word' id='word_1_283' title='bbox 839 3361 962 3444; x_wconf 87' lang='lat' dir='ltr'><strong>epistola</strong></span> <span class='ocrx_word' id='word_1_284' title='bbox 989 3361 1120 3424; x_wconf 87' lang='lat' dir='ltr'><strong>declarat</strong></span> <span class='ocrx_word' id='word_1_285' title='bbox 1144 3360 1187 3424; x_wconf 91' lang='lat' dir='ltr'><strong>bis</strong></span> 
     </span>
     <span class='ocr_line' id='line_1_33' title="bbox 38 3461 1332 3544; baseline 0.008 -26"><span class='ocrx_word' id='word_1_286' title='bbox 38 3461 144 3525; x_wconf 76' lang='lat' dir='ltr'><strong>uerbis:</strong></span> <span class='ocrx_word' id='word_1_287' title='bbox 180 3466 269 3523; x_wconf 75' lang='lat' dir='ltr'><strong>Curias</strong></span> <span class='ocrx_word' id='word_1_288' title='bbox 291 3484 357 3522; x_wconf 68' lang='lat' dir='ltr'><strong>cmo</strong></span> <span class='ocrx_word' id='word_1_289' title='bbox 375 3463 545 3542; x_wconf 83' lang='lat' dir='ltr'><strong>genealogia</strong></span> <span class='ocrx_word' id='word_1_290' title='bbox 570 3475 708 3524; x_wconf 76' lang='lat' dir='ltr'><strong>narratur</strong></span> <span class='ocrx_word' id='word_1_291' title='bbox 731 3485 768 3524; x_wconf 75' lang='lat' dir='ltr'><strong>ee</strong></span> <span class='ocrx_word' id='word_1_292' title='bbox 791 3466 867 3536; x_wconf 81' lang='lat' dir='ltr'><strong>iliis,</strong></span> <span class='ocrx_word' id='word_1_293' title='bbox 892 3467 1040 3524; x_wconf 71' lang='lat' dir='ltr'><strong>decimauit</strong></span> <span class='ocrx_word' id='word_1_294' title='bbox 1059 3469 1186 3544; x_wconf 81' lang='lat' dir='ltr'><strong>patrior-</strong></span> <span class='ocrx_word' id='word_1_295' title='bbox 1199 3482 1332 3538; x_wconf 68' lang='lat' dir='ltr'><strong>flaccus.</strong></span> 
     </span>
     <span class='ocr_line' id='line_1_34' title="bbox 37 3563 1186 3650; baseline 0.003 -30"><span class='ocrx_word' id='word_1_296' title='bbox 37 3567 117 3625; x_wconf 73' lang='lat' dir='ltr'><strong>emm.</strong></span> <span class='ocrx_word' id='word_1_297' title='bbox 154 3564 289 3650; x_wconf 78' lang='lat' dir='ltr'><strong>Apparet</strong></span> <span class='ocrx_word' id='word_1_298' title='bbox 307 3564 404 3648; x_wconf 84' lang='lat' dir='ltr'><strong>itaque</strong></span> <span class='ocrx_word' id='word_1_299' title='bbox 421 3563 640 3647; x_wconf 80' lang='lat' dir='ltr'><strong>generationem</strong></span> <span class='ocrx_word' id='word_1_300' title='bbox 658 3565 721 3628; x_wconf 91' lang='lat' dir='ltr'><strong>eius</strong></span> <span class='ocrx_word' id='word_1_301' title='bbox 737 3586 795 3627; x_wconf 95' lang='lat' dir='ltr'><strong>non</strong></span> <span class='ocrx_word' id='word_1_302' title='bbox 807 3565 866 3626; x_wconf 90' lang='lat' dir='ltr'><strong>illis</strong></span> <span class='ocrx_word' id='word_1_303' title='bbox 883 3563 1067 3628; x_wconf 89' lang='lat' dir='ltr'><strong>adnumerari</strong></span> <span class='ocrx_word' id='word_1_304' title='bbox 1091 3569 1113 3644; x_wconf 89' lang='lat'><strong>[,</strong></span> <span class='ocrx_word' id='word_1_305' title='bbox 1135 3565 1186 3626; x_wconf 89' lang='lat' dir='ltr'><strong>sed</strong></span> 
     </span>
     <span class='ocr_line' id='line_1_35' title="bbox 34 3663 1186 3751; baseline 0.003 -27"><span class='ocrx_word' id='word_1_306' title='bbox 34 3664 113 3746; x_wconf 85' lang='lat' dir='ltr'><strong>aliis].</strong></span> <span class='ocrx_word' id='word_1_307' title='bbox 163 3663 276 3728; x_wconf 90' lang='lat' dir='ltr'><strong>Verum</strong></span> <span class='ocrx_word' id='word_1_308' title='bbox 304 3687 389 3748; x_wconf 90' lang='lat' dir='ltr'><strong>quam</strong></span> <span class='ocrx_word' id='word_1_309' title='bbox 414 3666 494 3728; x_wconf 89' lang='lat' dir='ltr'><strong>multi</strong></span> <span class='ocrx_word' id='word_1_310' title='bbox 521 3678 588 3729; x_wconf 81' lang='lat' dir='ltr'><strong>sonat</strong></span> <span class='ocrx_word' id='word_1_311' title='bbox 612 3688 733 3751; x_wconf 88' lang='lat' dir='ltr'><strong>qnorum</strong></span> <span class='ocrx_word' id='word_1_312' title='bbox 761 3667 891 3750; x_wconf 85' lang='lat' dir='ltr'><strong>origines</strong></span> <span class='ocrx_word' id='word_1_313' title='bbox 916 3679 1016 3751; x_wconf 88' lang='lat' dir='ltr'><strong>aperte</strong></span> <span class='ocrx_word' id='word_1_314' title='bbox 1039 3689 1097 3730; x_wconf 84' lang='lat' dir='ltr'><strong>naon</strong></span> <span class='ocrx_word' id='word_1_315' title='bbox 1121 3687 1186 3750; x_wconf 93' lang='lat' dir='ltr'><strong>pro-</strong></span> 
     </span>
     <span class='ocr_line' id='line_1_36' title="bbox 36 3764 1184 3852; baseline 0.003 -26"><span class='ocrx_word' id='word_1_316' title='bbox 36 3767 152 3846; x_wconf 85' lang='lat' dir='ltr'><strong>ductor,</strong></span> <span class='ocrx_word' id='word_1_317' title='bbox 184 3778 255 3852; x_wconf 86' lang='lat' dir='ltr'><strong>pota</strong></span> <span class='ocrx_word' id='word_1_318' title='bbox 272 3764 397 3842; x_wconf 86' lang='lat' dir='ltr'><strong>Daniel,</strong></span> <span class='ocrx_word' id='word_1_319' title='bbox 422 3764 545 3845; x_wconf 87' lang='lat' dir='ltr'><strong>Sidruo,</strong></span> <span class='ocrx_word' id='word_1_320' title='bbox 568 3767 682 3847; x_wconf 86' lang='lat' dir='ltr'><strong>Misac,</strong></span> <span class='ocrx_word' id='word_1_321' title='bbox 705 3768 887 3852; x_wconf 78' lang='lat' dir='ltr'><strong>Abdeuogo,</strong></span> <span class='ocrx_word' id='word_1_322' title='bbox 914 3767 994 3832; x_wconf 85' lang='lat' dir='ltr'><strong>Elius</strong></span> <span class='ocrx_word' id='word_1_323' title='bbox 1012 3767 1184 3843; x_wconf 80' lang='lat' dir='ltr'><strong>Tiresbites,</strong></span> 
     </span>
     <span class='ocr_line' id='line_1_37' title="bbox 35 3869 1184 3956; baseline 0 -26"><span class='ocrx_word' id='word_1_324' title='bbox 35 3890 150 3950; x_wconf 86' lang='lat' dir='ltr'><strong>quornm</strong></span> <span class='ocrx_word' id='word_1_325' title='bbox 170 3869 220 3954; x_wconf 89' lang='lat' dir='ltr'><strong>qui</strong></span> <span class='ocrx_word' id='word_1_326' title='bbox 240 3880 378 3954; x_wconf 85' lang='lat' dir='ltr'><strong>parentes</strong></span> <span class='ocrx_word' id='word_1_327' title='bbox 397 3870 522 3949; x_wconf 83' lang='lat' dir='ltr'><strong>luerint,</strong></span> <span class='ocrx_word' id='word_1_328' title='bbox 548 3891 689 3954; x_wconf 88' lang='lat' dir='ltr'><strong>nusquam</strong></span> <span class='ocrx_word' id='word_1_329' title='bbox 707 3871 737 3934; x_wconf 92' lang='lat' dir='ltr'><strong>iu</strong></span> <span class='ocrx_word' id='word_1_330' title='bbox 755 3872 908 3956; x_wconf 88' lang='lat' dir='ltr'><strong>scripturis</strong></span> <span class='ocrx_word' id='word_1_331' title='bbox 926 3879 1184 3936; x_wconf 88' lang='lat' dir='ltr'><strong>commemoratum</strong></span> 
     </span>
     <span class='ocr_line' id='line_1_38' title="bbox 35 3969 1185 4057; baseline 0.004 -28"><span class='ocrx_word' id='word_1_332' title='bbox 35 3970 165 4052; x_wconf 79' lang='lat' dir='ltr'><strong>legimns.</strong></span> <span class='ocrx_word' id='word_1_333' title='bbox 212 3969 272 4036; x_wconf 86' lang='lat' dir='ltr'><strong>Sed</strong></span> <span class='ocrx_word' id='word_1_334' title='bbox 293 3993 330 4034; x_wconf 89' lang='lat' dir='ltr'><strong>ne</strong></span> <span class='ocrx_word' id='word_1_335' title='bbox 345 3973 477 4056; x_wconf 85' lang='lat' dir='ltr'><strong>cuiquam</strong></span> <span class='ocrx_word' id='word_1_336' title='bbox 495 3973 605 4036; x_wconf 86' lang='lat' dir='ltr'><strong>erroris</strong></span> <span class='ocrx_word' id='word_1_337' title='bbox 623 3993 664 4037; x_wconf 81' lang='lat' dir='ltr'><strong>ex</strong></span> <span class='ocrx_word' id='word_1_338' title='bbox 681 3993 714 4035; x_wconf 92' lang='lat' dir='ltr'><strong>ea</strong></span> <span class='ocrx_word' id='word_1_339' title='bbox 732 3993 764 4036; x_wconf 93' lang='lat' dir='ltr'><strong>re</strong></span> <span class='ocrx_word' id='word_1_340' title='bbox 781 3973 898 4035; x_wconf 88' lang='lat' dir='ltr'><strong>occasio</strong></span> <span class='ocrx_word' id='word_1_341' title='bbox 916 3971 1102 4057; x_wconf 88' lang='lat' dir='ltr'><strong>praebeatur,</strong></span> <span class='ocrx_word' id='word_1_342' title='bbox 1126 3993 1185 4034; x_wconf 94' lang='lat' dir='ltr'><strong>non</strong></span> 
     </span>
     <span class='ocr_line' id='line_1_39' title="bbox 34 4072 1185 4161; baseline 0.001 -26"><span class='ocrx_word' id='word_1_343' title='bbox 34 4075 176 4153; x_wconf 76' lang='lat' dir='ltr'><strong>gravabor</strong></span> <span class='ocrx_word' id='word_1_344' title='bbox 198 4095 234 4138; x_wconf 88' lang='lat' dir='ltr'><strong>ea</strong></span> <span class='ocrx_word' id='word_1_345' title='bbox 256 4075 312 4136; x_wconf 91' lang='lat' dir='ltr'><strong>boc</strong></span> <span class='ocrx_word' id='word_1_346' title='bbox 337 4073 403 4139; x_wconf 90' lang='lat' dir='ltr'><strong>loco</strong></span> <span class='ocrx_word' id='word_1_347' title='bbox 425 4077 555 4152; x_wconf 89' lang='lat' dir='ltr'><strong>relerre,</strong></span> <span class='ocrx_word' id='word_1_348' title='bbox 586 4096 660 4161; x_wconf 90' lang='lat' dir='ltr'><strong>quae</strong></span> <span class='ocrx_word' id='word_1_349' title='bbox 684 4075 887 4138; x_wconf 91' lang='lat' dir='ltr'><strong>nonnullorum</strong></span> <span class='ocrx_word' id='word_1_350' title='bbox 910 4072 1065 4137; x_wconf 87' lang='lat' dir='ltr'><strong>traditione</strong></span> <span class='ocrx_word' id='word_1_351' title='bbox 1084 4073 1185 4136; x_wconf 85' lang='lat' dir='ltr'><strong>didici·</strong></span> 
     </span>
     <span class='ocr_line' id='line_1_40' title="bbox 34 4174 1182 4262; baseline 0.003 -26"><span class='ocrx_word' id='word_1_352' title='bbox 34 4195 103 4240; x_wconf 86' lang='lat' dir='ltr'><strong>mos.</strong></span> <span class='ocrx_word' id='word_1_353' title='bbox 153 4174 248 4260; x_wconf 84' lang='lat' dir='ltr'><strong>igitur</strong></span> <span class='ocrx_word' id='word_1_354' title='bbox 274 4174 407 4241; x_wconf 86' lang='lat' dir='ltr'><strong>Danielis</strong></span> <span class='ocrx_word' id='word_1_355' title='bbox 431 4187 542 4261; x_wconf 88' lang='lat' dir='ltr'><strong>patrem</strong></span> <span class='ocrx_word' id='word_1_356' title='bbox 567 4175 694 4243; x_wconf 89' lang='lat' dir='ltr'><strong>Sabaam</strong></span> <span class='ocrx_word' id='word_1_357' title='bbox 723 4176 813 4239; x_wconf 84' lang='lat' dir='ltr'><strong>luisse</strong></span> <span class='ocrx_word' id='word_1_358' title='bbox 839 4177 981 4259; x_wconf 83' lang='lat' dir='ltr'><strong>qnondam</strong></span> <span class='ocrx_word' id='word_1_359' title='bbox 1004 4176 1182 4262; x_wconf 89' lang='lat' dir='ltr'><strong>accepimus.</strong></span> 
     </span>
    </p>
   </div>
   <div class='ocr_carea' id='block_1_5' title="bbox 31 4306 1185 4640">
    <p class='ocr_par' dir='ltr' id='par_1_6' title="bbox 32 4306 1185 4380">
     <span class='ocr_line' id='line_1_41' title="bbox 32 4306 1185 4380; baseline 0.003 -20"><span class='ocrx_word' id='word_1_360' title='bbox 32 4319 96 4362; x_wconf 71' lang='lat' dir='ltr'><strong>merc</strong></span> <span class='ocrx_word' id='word_1_361' title='bbox 121 4313 176 4364; x_wconf 83' lang='lat' dir='ltr'><strong>cod.</strong></span> <span class='ocrx_word' id='word_1_362' title='bbox 194 4316 270 4363; x_wconf 75' lang='lat' dir='ltr'><strong>Vocet.</strong></span> <span class='ocrx_word' id='word_1_363' title='bbox 306 4317 379 4376; x_wconf 69' lang='lat' dir='ltr'><strong>Volgo</strong></span> <span class='ocrx_word' id='word_1_364' title='bbox 403 4319 466 4364; x_wconf 77' lang='lat' dir='ltr'><strong>eolct</strong></span> <span class='ocrx_word' id='word_1_365' title='bbox 487 4309 501 4369; x_wconf 81' lang='lat' dir='ltr'><strong>o‘</strong></span> <span class='ocrx_word' id='word_1_366' title='bbox 522 4307 593 4380; x_wconf 76' lang='grc' dir='ltr'>ἅγιος</span> <span class='ocrx_word' id='word_1_367' title='bbox 660 4313 684 4364; x_wconf 85' lang='grc'><strong>6.</strong></span> <span class='ocrx_word' id='word_1_368' title='bbox 709 4317 755 4364; x_wconf 84' lang='lat' dir='ltr'><strong>Pro</strong></span> <span class='ocrx_word' id='word_1_369' title='bbox 772 4311 800 4376; x_wconf 76' lang='grc' dir='ltr'><strong>ἐξ</strong></span> <span class='ocrx_word' id='word_1_370' title='bbox 818 4306 901 4366; x_wconf 67' lang='grc' dir='ltr'><strong><em>αὐτῶν</em></strong></span> <span class='ocrx_word' id='word_1_371' title='bbox 917 4307 947 4365; x_wconf 81' lang='lat' dir='ltr'><strong>coi</strong></span> <span class='ocrx_word' id='word_1_372' title='bbox 963 4317 1075 4365; x_wconf 80' lang='lat' dir='ltr'><strong>Petcuius</strong></span> <span class='ocrx_word' id='word_1_373' title='bbox 1094 4317 1185 4366; x_wconf 83' lang='lat' dir='ltr'><strong>uolebat</strong></span> 
     </span>
    </p>

    <p class='ocr_par' dir='ltr' id='par_1_7' title="bbox 33 4375 776 4450">
     <span class='ocr_line' id='line_1_42' title="bbox 33 4375 776 4450; baseline -0.001 -19"><span class='ocrx_word' id='word_1_374' title='bbox 33 4375 211 4440; x_wconf 64' lang='grc' dir='ltr'><strong>ἀπέσταλκέν</strong></span> <span class='ocrx_word' id='word_1_375' title='bbox 228 4384 261 4448; x_wconf 78' lang='grc' dir='ltr'><strong>τῇ</strong></span> <span class='ocrx_word' id='word_1_376' title='bbox 278 4376 419 4450; x_wconf 71' lang='grc' dir='ltr'>Ἐπιστολῇ</span> <span class='ocrx_word' id='word_1_377' title='bbox 437 4379 532 4450; x_wconf 81' lang='grc' dir='ltr'>φάσκει</span> <span class='ocrx_word' id='word_1_378' title='bbox 549 4377 592 4435; x_wconf 75' lang='lat' dir='ltr'><strong>oti-</strong></span> <span class='ocrx_word' id='word_1_379' title='bbox 627 4381 655 4446; x_wconf 75' lang='grc' dir='ltr'><strong>ἐξ</strong></span> <span class='ocrx_word' id='word_1_380' title='bbox 677 4381 776 4446; x_wconf 70' lang='grc' dir='ltr'><strong>ἐτέρων.</strong></span> 
     </span>
    </p>

    <p class='ocr_par' dir='ltr' id='par_1_8' title="bbox 31 4443 1183 4640">
     <span class='ocr_line' id='line_1_43' title="bbox 31 4443 1183 4518; baseline 0.001 -19"><span class='ocrx_word' id='word_1_381' title='bbox 31 4463 81 4508; x_wconf 79' lang='grc' dir='ltr'><strong>τως,</strong></span> <span class='ocrx_word' id='word_1_382' title='bbox 660 4451 683 4502; x_wconf 82' lang='lat' dir='ltr'><strong>t.</strong></span> <span class='ocrx_word' id='word_1_383' title='bbox 703 4455 777 4502; x_wconf 74' lang='lat' dir='ltr'><strong>Verbo</strong></span> <span class='ocrx_word' id='word_1_384' title='bbox 794 4448 821 4512; x_wconf 71' lang='grc' dir='ltr'><strong>ἐξ</strong></span> <span class='ocrx_word' id='word_1_385' title='bbox 837 4443 918 4502; x_wconf 74' lang='grc' dir='ltr'>ἄλλων</span> <span class='ocrx_word' id='word_1_386' title='bbox 932 4455 1114 4518; x_wconf 71' lang='grc' dir='ltr'><strong>γενεαλογεῖται</strong></span> <span class='ocrx_word' id='word_1_387' title='bbox 1130 4455 1183 4500; x_wconf 87' lang='lat' dir='ltr'><strong>unt·</strong></span> 
     </span>
     <span class='ocr_line' id='line_1_44' title="bbox 59 4516 1183 4600; baseline 0.001 -34"><span class='ocrx_word' id='word_1_388' title='bbox 59 4525 81 4566; x_wconf 76' lang='lat'><strong>⁴.</strong></span> <span class='ocrx_word' id='word_1_389' title='bbox 100 4516 141 4600; x_wconf 71' lang='lat' dir='ltr'><strong>popl</strong></span> <span class='ocrx_word' id='word_1_390' title='bbox 165 4518 310 4567; x_wconf 74' lang='lat' dir='ltr'><strong>domomum</strong></span> <span class='ocrx_word' id='word_1_391' title='bbox 327 4521 353 4568; x_wconf 87' lang='lat' dir='ltr'><strong>iu</strong></span> <span class='ocrx_word' id='word_1_392' title='bbox 369 4521 446 4568; x_wconf 81' lang='lat' dir='ltr'><strong>editis.</strong></span> <span class='ocrx_word' id='word_1_393' title='bbox 625 4535 654 4582; x_wconf 74' lang='lat' dir='ltr'><strong>po</strong></span> <span class='ocrx_word' id='word_1_394' title='bbox 668 4535 714 4570; x_wconf 86' lang='lat' dir='ltr'><strong>non</strong></span> <span class='ocrx_word' id='word_1_395' title='bbox 730 4524 817 4569; x_wconf 72' lang='lat' dir='ltr'><strong>extent.</strong></span> <span class='ocrx_word' id='word_1_396' title='bbox 851 4521 949 4572; x_wconf 78' lang='lat' dir='ltr'><strong>destitui</strong></span> <span class='ocrx_word' id='word_1_397' title='bbox 963 4535 991 4571; x_wconf 84' lang='lat' dir='ltr'><strong>re</strong></span> <span class='ocrx_word' id='word_1_398' title='bbox 1004 4535 1034 4571; x_wconf 77' lang='lat' dir='ltr'><strong>co</strong></span> <span class='ocrx_word' id='word_1_399' title='bbox 1048 4521 1183 4570; x_wconf 77' lang='lat' dir='ltr'><strong>accerume</strong></span> 
     </span>
     <span class='ocr_line' id='line_1_45' title="bbox 61 4579 778 4640; baseline 0.007 -6"><span class='ocrx_word' id='word_1_400' title='bbox 61 4585 83 4634; x_wconf 80' lang='lat' dir='ltr'><strong>b.</strong></span> <span class='ocrx_word' id='word_1_401' title='bbox 101 4601 148 4638; x_wconf 80' lang='lat' dir='ltr'><strong>coa</strong></span> <span class='ocrx_word' id='word_1_402' title='bbox 168 4579 206 4638; x_wconf 73' lang='grc' dir='ltr'><strong>ὅτι</strong></span> <span class='ocrx_word' id='word_1_403' title='bbox 228 4587 376 4636; x_wconf 80' lang='lat' dir='ltr'><strong>desiderator</strong></span> <span class='ocrx_word' id='word_1_404' title='bbox 391 4589 417 4636; x_wconf 87' lang='lat' dir='ltr'><strong>in</strong></span> <span class='ocrx_word' id='word_1_405' title='bbox 433 4587 484 4638; x_wconf 85' lang='lat' dir='ltr'><strong>cod.</strong></span> <span class='ocrx_word' id='word_1_406' title='bbox 501 4590 591 4639; x_wconf 78' lang='lat' dir='ltr'><strong>Veneto.</strong></span> <span class='ocrx_word' id='word_1_407' title='bbox 625 4589 675 4640; x_wconf 87' lang='lat' dir='ltr'><strong>cod.</strong></span> <span class='ocrx_word' id='word_1_408' title='bbox 695 4590 778 4640; x_wconf 81' lang='lat' dir='ltr'><strong>Veneti.</strong></span> 
     </span>
    </p>
   </div>
   <div class='ocr_carea' id='block_1_6' title="bbox 0 0 1568 4930">
    <p class='ocr_par' dir='ltr' id='par_1_9' title="bbox 0 0 1568 4930">
     <span class='ocr_line' id='line_1_46' title="bbox 0 0 1568 4930; baseline 0 6"><span class='ocrx_word' id='word_1_409' title='bbox 0 0 1568 4930; x_wconf 95' lang='lat' dir='ltr'><strong> </strong></span> 
     </span>
    </p>
   </div>
  </div>
 </body>
</html>
