3168 4926
632 187 827 240 cesarano.
1276 207 1316 256 χ,

146 320 308 406 κηαμένω
325 316 535 405 Ἀμαυροτοῦ,
557 323 652 390 rubro
674 323 779 391 colore
800 323 960 408 appicta),
980 343 1063 408 quae
1084 325 1198 392 eadem
1219 325 1316 392 etiam

147 435 182 502 in
203 433 295 500 codd
312 451 392 499 mss.
407 433 653 500 Vratislaviensi
681 441 714 502 et
740 434 903 516 Parisino,
936 436 1110 518 eodemque
1137 435 1248 502 ordine
1269 437 1317 503 iu·

148 547 235 612 sorta
251 544 419 626 leguntur.
462 544 526 610 Sex
542 545 671 612 ultimas
686 545 823 628 paginas
840 545 978 628 complet
989 544 1161 628 Nicephori
1175 547 1318 630 episcopi

149 654 501 737 Constantinopolitani
522 655 797 739 chronographia,
820 656 861 722 ab
882 657 996 723 eadem
1017 673 1128 738 mauu,
1159 656 1207 722 nti
1228 657 1316 723 vide-

147 771 213 846 tur,
234 784 435 849 quamquam
456 771 634 832 atramento
656 767 751 832 hodie
772 766 869 850 paulo
891 767 995 849 magis
1013 765 1221 849 flavescente,
1242 787 1316 834 eon·

149 876 272 958 scripta
291 895 376 958 quae
399 877 543 943 exaravit
563 878 703 960 reliquas
726 877 844 944 codicis
865 883 985 960 partes.
1028 877 1140 959 Neque
1163 879 1237 962 ipsa
1250 899 1316 946 ma·

148 1006 209 1054 nus
231 989 409 1054 correctrix
430 988 464 1053 in
487 989 614 1071 scriptis
636 988 808 1071 Epiphanii
837 987 959 1070 passim
988 987 1084 1054 obde
1105 1006 1125 1054 a
1146 989 1249 1072 prima
1269 990 1316 1056 vi·

148 1098 244 1164 detur
259 1096 366 1164 anese
384 1099 520 1165 diversa.
555 1097 703 1164 Ceterum
724 1100 863 1182 priorem
881 1099 999 1166 codicis
1012 1098 1159 1165 lenensis
1181 1105 1315 1183 partem,

149 1227 214 1292 qua
242 1228 319 1274 eum
347 1227 431 1276 nunc
458 1211 681 1276 detruncatum
707 1227 782 1276 esse
811 1209 973 1290 dolemus,
1003 1209 1036 1276 in
1065 1209 1197 1294 regione
1225 1211 1317 1278 Basi-

146 1319 234 1386 leam
261 1320 507 1386 circumiaoeute
532 1319 671 1388 fortasse
701 1320 806 1387 adbuc
833 1320 935 1386 latere
962 1321 1090 1387 memini
1121 1340 1172 1386 me
1202 1321 1318 1390 alicubi

149 1431 353 1513 adscriptum
368 1430 498 1514 legisse.

235 1543 362 1609 Eadem
383 1543 480 1626 plane
501 1560 583 1626 quae
605 1544 705 1609 codex
726 1543 886 1623 lenensis,
909 1543 1086 1628 eodemque
1101 1544 1222 1626 ordine,
1243 1562 1317 1612 con·

150 1656 234 1721 tinet
262 1654 361 1720 etiam
390 1653 490 1719 codex
517 1653 796 1735 Vratislaviansis,
826 1653 1036 1722 bibliothecae
1064 1655 1317 1738 Rbedigeranae,

151 1766 208 1850 qui
226 1766 355 1848 integer
376 1768 525 1830 servatus
547 1770 604 1830 est
648 1764 793 1847 Scriptus
822 1766 934 1830 estin
962 1767 1213 1852 membranaceis
1235 1763 1320 1832 foliis

152 1877 336 1959 purissimis
359 1875 480 1942 formae
502 1875 658 1941 maximae
673 1895 770 1941 manu
789 1876 929 1958 eleganti
947 1882 980 1942 et
995 1877 1135 1958 erudita,
1158 1877 1320 1943 characte-

154 1987 244 2052 ribus
266 1987 441 2052 admodum
463 1985 609 2066 miuutis,
631 1987 754 2068 seculo,
776 1987 823 2052 uti
846 1987 981 2068 conicio,
1003 1988 1126 2053 decimo
1149 1988 1258 2071 quinto
1273 1989 1320 2054 in·
1393 2073 1397 2078 .

156 2103 260 2163 eunte.
305 2097 400 2162 Hunc
426 2096 568 2164 codicem
595 2097 715 2164 indicia
740 2099 898 2181 quaedam
917 2097 1013 2164 fidem
1035 2097 1157 2164 faciunt
1179 2117 1218 2164 ex
1239 2099 1320 2166 libro
1356 2128 1360 2136 ·

154 2207 287 2274 lenensi
316 2207 512 2290 descriptum
542 2227 630 2288 esse,
660 2209 797 2290 primurn
820 2209 906 2292 quod
927 2209 1115 2292 plerumque
1136 2227 1208 2274 curn
1229 2214 1284 2276 ret
1307 2245 1320 2257 ·

155 2317 248 2384 stiori
269 2318 327 2384 illo
349 2319 527 2401 conspirat,
549 2336 683 2400 cumque
703 2319 824 2384 librarii
846 2319 929 2385 oculi
949 2337 988 2386 ac
1009 2337 1123 2386 manus
1140 2319 1227 2388 haud
1246 2339 1321 2385 raro

156 2429 258 2512 (locos
281 2429 337 2494 ubi
358 2429 392 2495 id
413 2428 533 2495 lactum
561 2431 605 2496 sit
626 2447 736 2495 omnes
765 2429 953 2512 singillatim
975 2434 1088 2495 notare
1110 2447 1227 2511 operae
1248 2449 1321 2512 pre·

155 2539 237 2605 tium
256 2559 323 2605 non
345 2558 419 2606 esse
439 2541 542 2606 nsum
565 2543 629 2626 est)
651 2539 854 2625 peccaverint
875 2539 907 2605 in
925 2539 1110 2605 omittendis
1128 2539 1205 2606 totis
1223 2559 1322 2606 enun-

154 2651 246 2716 tiatis
268 2669 353 2734 quae
380 2651 532 2733 leguntur
557 2651 591 2717 iu
612 2653 692 2719 libro
722 2651 865 2732 lenensi,
895 2667 1053 2732 nusquam
1082 2655 1190 2716 mmen
1218 2651 1321 2733 ipsius

155 2779 216 2843 ope
239 2779 353 2826 earum
375 2760 561 2827 lacunarum
590 2761 657 2828 ulla
683 2761 790 2844 potuit
816 2759 936 2844 expleri
958 2760 1073 2842 quibus
1103 2761 1158 2826 ille
1186 2760 1321 2844 laborat,

157 2871 276 2939 deinde
298 2871 384 2954 quod
405 2871 512 2936 omnia
533 2872 629 2956 plane
657 2873 770 2938 eadem
798 2872 909 2936 insunt
930 2888 1012 2952 quae
1040 2871 1073 2934 in
1095 2870 1237 2952 lenensi,
1269 2889 1322 2937 eo·

156 2983 296 3066 demque
318 2982 444 3062 ordine,
472 2989 505 3048 et
525 2983 611 3065 quod
633 2982 760 3065 utrique
781 2981 879 3048 etism
900 2981 1022 3064 pariter
1044 2981 1226 3064 subscripta
1247 2999 1321 3048 con·

155 3094 295 3180 spicitur
314 3092 395 3159 haec
416 3093 573 3160 clausula:
612 3092 701 3166 Τέλος
720 3097 773 3173 τῆς
796 3082 854 3155 ὦδε
875 3093 988 3172 βίβλου.
1034 3088 1116 3166 Δόξα
1138 3111 1185 3155 σοι
1207 3087 1225 3155 ά
1246 3088 1321 3165 θεάς

155 3201 244 3286 ἡμῶν
266 3195 340 3278 δόξα
362 3221 425 3278 σοι,
452 3203 605 3286 denique,
625 3201 660 3271 id
681 3202 766 3287 quod
788 3203 1012 3285 grauissimum
1034 3207 1100 3283 est,
1122 3204 1207 3287 quod
1229 3221 1322 3270 voca·

154 3315 233 3384 bula
254 3313 544 3397 vocabulorumque
565 3313 743 3396 porticudae
764 3312 836 3380 libri
859 3314 900 3378 de
921 3312 1119 3379 Ponderibus
1143 3319 1176 3380 et
1193 3313 1322 3380 Mensu-

156 3427 200 3492 ris
223 3444 310 3509 quae
330 3425 364 3492 iu
386 3425 495 3491 codice
515 3425 644 3491 lenensi
665 3425 731 3491 situ
753 3429 849 3507 atque
876 3423 972 3490 tineis
999 3443 1096 3490 exesa
1124 3424 1322 3504 interierunt,

157 3537 273 3602 eadem
292 3536 367 3618 ipsa
395 3536 525 3618 inquam
553 3535 710 3602 vocabula
737 3540 770 3600 et
798 3533 942 3618 syllabae
969 3534 1010 3600 ab
1036 3553 1074 3600 eo
1102 3537 1156 3619 qui
1181 3534 1323 3601 codicem

155 3645 443 3712 vratislavieusem
465 3647 595 3730 scripsit
621 3665 684 3712 non
707 3651 783 3712 sunt
805 3663 966 3728 expressa
1010 3643 1067 3710 Oui
1087 3652 1197 3712 tamen
1218 3644 1324 3728 suspi-

157 3757 242 3824 cioni
263 3775 307 3822 ue
321 3756 448 3829 incaute
464 3776 524 3824 nos
541 3757 757 3840 mancipemus
776 3757 907 3824 obstant
922 3756 985 3822 loci
1001 3773 1133 3822 numero
1148 3773 1213 3822 non
1229 3756 1324 3840 pauci

157 3871 274 3954 quibus
297 3867 513 3949 Rbedigerani
542 3873 575 3934 et
604 3868 750 3934 lenensis
780 3869 958 3951 scripturae
990 3864 1190 3946 discordant,
1225 3867 1324 3935 veluti

157 3999 231 4064 pag.
249 3979 323 4045 621.
344 3977 393 4042 ed.
413 3977 538 4058 Petita,
560 3978 615 4043 ubi
630 3979 696 4044 len.
718 3974 863 4056 πλάσματι
878 3979 949 4056 τῆς,
972 3974 1105 4058 Rbedig.
1123 3971 1244 4059 πλάσμα
1260 3983 1324 4058 τῆς,

158 4109 231 4174 pag.
250 4089 341 4169 622,
371 4086 425 4152 nbi
444 4087 510 4155 len.
529 4086 736 4168 βοσκήματος,
765 4085 899 4168 Rbedig.
921 4079 1127 4165 κοσμήματος,
1149 4107 1223 4172 pag.
1240 4091 1323 4171 623,

159 4201 212 4267 ubi
232 4200 301 4267 Ien.
316 4193 399 4280 παρὰ
416 4202 489 4274 τοῦ,
517 4199 651 4282 Rbedig.
673 4193 723 4261 διὰ
744 4202 814 4275 τοῦ,
844 4216 918 4281 pag.
936 4195 1023 4278 651,
1052 4197 1106 4264 ubi
1126 4199 1192 4265 Ien.
1214 4193 1325 4276 φάσκει

160 4309 266 4392 λάμιαν,
303 4309 438 4396 Rbedig.
461 4304 588 4390 φάσκων
612 4305 702 4392 λέγει,
735 4329 809 4393 pag.
835 4309 923 4390 680„
951 4308 1006 4375 ubi
1032 4309 1097 4378 lell-
1120 4305 1323 4388 δεσμεύουσιν,

161 4419 295 4505 Rbedig.
310 4419 484 4502 σεομοῦσιν,
506 4439 580 4509 pag.
597 4421 685 4506 699,
706 4421 761 4490 nbi
783 4421 849 4490 Ien.
872 4413 932 4486 άαὸ
947 4424 1000 4504 τῆς
1015 4415 1165 4504 κατάρας,
1187 4419 1322 4511 Rhedg.
