3168 4942
372 215 511 268 ananan
527 217 590 268 ura.
604 219 636 268 ιι.
653 217 736 270 ron.
752 217 783 270 ιι.
800 215 1010 267 nnannxtx.
1214 201 1276 265 697

110 337 278 424 boumque
299 347 399 402 mente
421 337 625 416 celebremus,
660 357 714 402 nec
736 337 765 401 in
790 357 826 400 ec
849 355 982 400 mancum
1005 334 1113 419 aliquid
1136 354 1205 398 ease
1226 353 1277 398 su·

112 443 273 528 opinemur.
318 438 398 504 Nam
421 440 446 503 si
469 440 513 518 is,
546 439 594 523 qui
618 439 653 503 ad
683 438 964 525 repraesentandum
995 436 1126 502 omniurn
1152 437 1276 502 salutem

1 602 2 606 ,
113 544 253 623 advenit,
277 543 325 606 vel
347 543 496 606 minimum
518 544 548 606 in
572 563 605 607 se
629 543 774 607 delectum
799 541 903 621 habet,
927 541 1046 626 quinam
1069 562 1085 604 a
1109 541 1171 606 suis
1194 541 1276 604 dele·

1 891 2 901 1
111 851 199 916 nibus
220 850 323 914 imbuti
345 861 430 930 sont,
456 871 511 914 neo
532 851 568 914 ab
590 849 648 914 illis
664 862 868 936 praeterquam
886 849 1081 936 appellatione
1097 848 1273 930 dissidenth

112 645 210 712 atibus
234 645 376 710 vindicari
400 654 535 710 creatura
558 645 684 730 poterit?

198 747 260 813 Sed
282 747 395 814 instant
416 748 655 813 adversariorum
677 745 760 812 mor’e
783 749 866 828 (narn
888 767 997 811 revere
1011 743 1138 810 ludaicis
1161 745 1274 831 opinio·
1309 744 1404 866 qu·

1 1013 2 1018 ,
112 953 203 1033 novi,
226 954 361 1038 inquam,
385 953 434 1017 isti
458 950 556 1016 ludaei
580 964 683 1017 contra
706 953 867 1017 catholicos
890 953 1098 1036 insurgentes,
1123 963 1152 1014 et
1168 951 1273 1015 adrer-

112 1077 168 1120 sos
189 1056 367 1120 salvatorem
391 1057 543 1140 quaedam
556 1055 647 1119 verba
667 1055 859 1134 meditantes,
884 1060 1020 1136 elapsam
1034 1076 1193 1117 sermonum
1209 1075 1275 1116 ειιο-
1291 1051 1387 1160 lssfllq

1 1206 2 1234 ι
111 1179 177 1220 rain
199 1162 309 1242 loqueris
329 1163 479 1232 mount,
504 1169 536 1222 ut
557 1159 587 1221 in
605 1158 761 1243 euangelio
776 1160 916 1242 scriptum
934 1167 998 1237 est,
1020 1158 1090 1222 illud
1109 1159 1204 1242 ipsum
1221 1177 1275 1219 no·

1 1335 2 1338 q
112 1261 162 1324 his
184 1260 344 1326 obiiciuntc
367 1259 453 1324 Dixit
472 1261 603 1345 pendens
623 1261 654 1324 in
677 1281 766 1324 cruce
783 1257 938 1340 Christus,
962 1263 1086 1335 tilieti,
1112 1263 1210 1322 ἱειιυιια
1227 1279 1275 1320 sa-

0 1429 1 1436 ,
112 1365 263 1438 mertui,
296 1361 352 1426 hoc
375 1373 438 1444 est,
469 1367 547 1426 Deae
568 1385 660 1438 meus,
686 1368 755 1427 deus
776 1386 868 1438 meru,
901 1385 991 1445 pacare
1011 1385 1054 1425 rae
1074 1365 1274 1444 dered'qairtr‘?
1288 1359 1373 1406 Mt·

1300 1413 1336 1469 ιι,
1349 1412 1381 1454 ιι.

0 1537 1 1542 1
113 1463 242 1545 Vides,
262 1464 416 1550 inquiunt,
452 1477 485 1530 ut
512 1466 720 1530 miserabiliter
746 1465 883 1550 imploret
910 1487 946 1529 ac
974 1466 1091 1550 lugeat,
1125 1476 1156 1528 et
1184 1463 1274 1543 dicat,

113 1573 210 1648 Quare
232 1591 276 1630 are
296 1573 498 1651 dereliquisti?
540 1567 647 1653 Neque
670 1569 725 1632 ltoc
748 1569 846 1634 animo
869 1567 1052 1653 percipiunt,
1076 1567 1210 1632 homines
1233 1567 1277 1630 ri-

112 1671 230 1734 rnlenta
254 1670 308 1734 ltac
331 1671 398 1735 Arii
421 1671 554 1749 insania,
585 1672 668 1736 velut
690 1671 813 1756 quadam
836 1671 972 1756 crapula,
1002 1670 1135 1755 gravati,
1170 1691 1205 1733 ac
1227 1669 1274 1732 dei

1 1858 3 1866 Ι
112 1771 293 1856 arguitionis
316 1785 475 1857 expertes,
510 1774 653 1838 humanos
682 1793 786 1838 omnes
813 1775 937 1840 allectus
959 1774 989 1836 in
1013 1769 1135 1838 Christo
1157 1771 1276 1836 domino

111 1877 319 1960 agnoscendos
346 1875 376 1940 in
399 1896 471 1940 vera
499 1876 578 1941 illius
606 1875 810 1940 incarnatione
834 1897 868 1938 ae
890 1876 1072 1940 confitendus
1095 1895 1174 1940 esse.
1220 1874 1277 1937 At-

113 1997 172 2062 que
193 1978 328 2064 inprimis
351 1979 387 2042 ab
403 1999 462 2042 uno
480 1979 510 2042 in
526 1979 603 2043 aliud
627 1979 789 2044 desultorio
812 1999 895 2042 more
918 1989 1123 2055 transeuntes,
1149 1976 1216 2062 quid
1239 1977 1276 2040 de

5 2147 8 2156 ,
115 2101 154 2144 eo
176 2081 361 2145 sentiendum
386 2081 575 2146 decreverint
596 2082 829 2161 obliviscuntur,
865 2102 921 2144 neo
943 2081 973 2145 in
997 2102 1055 2145 ooo
1078 2091 1157 2145 statu
1178 2077 1278 2143 consi·

112 2193 208 2247 stunt.
244 2183 353 2268 Neque
377 2185 453 2248 enirn
477 2185 564 2248 aliter
587 2187 684 2248 lacere
700 2194 824 2270 possunt
840 2182 888 2268 qui
907 2195 1004 2248 mente
1024 2183 1182 2269 desipiunt.
1219 2179 1277 2266 tgi-

113 2296 163 2350 tcr
186 2307 393 2371 nonnunquam
417 2287 597 2351 salvatorem
620 2287 697 2351 hunc
720 2297 876 2367 asserunt,
900 2297 930 2350 et
947 2285 1114 2365 dominum,
1138 2307 1172 2348 ac
1188 2281 1277 2349 Chri-

112 2399 209 2468 stum,
233 2389 427 2474 annilrusque
446 2389 628 2475 superiorem
648 2389 775 2468 seculis,
800 2399 830 2452 et
846 2389 1019 2473 angelorum
1039 2399 1132 2473 atque
1150 2388 1277 2451 archan·

112 2491 248 2577 gelortmn
265 2492 430 2571 dominum,
456 2513 509 2578 per
524 2511 609 2578 mem
628 2493 726 2556 omitia
747 2492 864 2557 condita
883 2502 968 2571 sunt,
1000 2491 1179 2577 principatus
1197 2489 1278 2554 scili·

1 2673 2 2681 ¹
113 2591 414 2674 eetetPotestates,
447 2596 544 2680 angeli
562 2604 592 2658 et
610 2595 798 2680 archangeli,
831 2595 924 2674 coeli,
958 2605 1079 2678 atquae
1102 2591 1278 2657 iniissent

1 2697 2 2704 ’
112 2697 271 2776 universa,
297 2717 412 2760 necnon
430 2707 460 2760 et
477 2707 573 2775 terra,
599 2719 664 2762 eum
682 2699 817 2761 omnibus
837 2696 1136 2781 hominihus,iisque
1154 2715 1228 2782 qaae
1246 2695 1275 2758 in

114 2811 194 2864 terra
212 2813 297 2878 sunt,
321 2819 356 2863 ac
373 2799 499 2885 denique
515 2821 615 2880 mare,
640 2813 671 2864 et
692 2821 767 2884 quae
792 2799 864 2863 mari
881 2799 1083 2864 continentur.
1131 2795 1158 2864 0
1178 2798 1276 2862 inere·-
1296 2829 1299 2834 ·

112 2902 231 2966 dibilem
249 2923 352 2966 eorum
370 2903 539 2966 stultitiarnl
565 2904 695 2988 quicum
716 2902 1031 2980 interlucentem,
1056 2903 1085 2965 in
1106 2902 1201 2966 altero
1217 2921 1276 2965 non

1 3072 2 3076 ,
111 3003 217 3068 vident
233 3005 295 3068 deri
314 3025 371 3068 nun
388 3025 477 3091 posse
493 3006 589 3091 utqui
607 3005 760 3071 divinitate
785 3025 838 3068 soa
862 3006 963 3069 secula
985 3005 1142 3070 antecedat
1164 3005 1274 3085 omnia,

1 3092 2 3119 ³
111 3105 162 3193 qui
177 3106 309 3187 eoelum,
334 3118 502 3192 terramque
520 3108 686 3187 fabricarit,
712 3119 742 3172 et
763 3107 887 3192 angelos
903 3117 991 3193 atque
1006 3107 1220 3191 archangelos,
1246 3116 1277 3170 et

1 3208 2 3225 ¹
111 3218 146 3274 ut
169 3231 226 3274 uno
244 3209 336 3274 verbo
357 3211 471 3290 dicam,
501 3211 600 3276 omnia
618 3221 675 3276 tarn
693 3232 768 3296 quae
787 3210 975 3296 aspectabilis
998 3220 1067 3274 suttt
1091 3230 1177 3294 quam
1201 3229 1276 3294 qnae

1 3302 2 3329 ³
112 3322 265 3396 aspectum
282 3313 415 3398 fugiunt,
439 3313 465 3376 is
483 3323 532 3393 ut,
556 3313 691 3397 inquam,
716 3313 860 3378 eiusmodi
875 3333 979 3377 vocem
997 3333 1037 3376 ex
1054 3333 1180 3397 persona
1203 3333 1276 3376 suae

112 3414 276 3479 divinitatis
293 3416 434 3496 ediderit,
465 3419 543 3480 Deus
564 3438 656 3490 meus,
682 3419 751 3477 ἀειιι
765 3437 859 3491 merca,
883 3429 916 3478 at
929 3419 999 3499 qaid
1014 3419 1194 3497 dereliquisti
1211 3421 1277 3477 nte?

112 3515 311 3601 Quandonaor
336 3517 414 3582 enim
438 3527 557 3604 apatre
574 3518 732 3582 derelictos
756 3529 803 3582 est
819 3518 915 3582 liliusl
947 3529 999 3583 cot
1023 3519 1139 3602 quanda
1164 3539 1221 3580 non
1245 3516 1276 3580 in

1 3630 2 3638 ’
112 3629 198 3706 patre
215 3619 290 3684 lilius
309 3619 427 3700 extitit,
451 3631 482 3684 et
497 3631 582 3706 pater
599 3621 628 3684 in
645 3621 726 3684 tttot
769 3619 887 3684 Etenim
904 3641 970 3684 curn
991 3620 1040 3684 ille
1062 3621 1124 3706 ipse
1147 3620 1222 3684 filius
1240 3641 1275 3682 ac

112 3723 189 3786 deus
204 3722 326 3786 verbum
341 3723 370 3786 in
389 3733 467 3788 terre
485 3723 678 3802 consisteret,
704 3723 818 3788 coelum
838 3722 956 3786 interim
972 3723 1152 3806 attingebat,
1177 3732 1207 3786 et
1221 3722 1277 3786 ini·

111 3824 207 3888 micus
225 3845 329 3891 omnes
351 3827 463 3912 gloriae
481 3847 554 3890 suae
576 3826 733 3912 splendore
752 3825 930 3911 complebat.
978 3823 1016 3888 Et
1035 3825 1064 3888 in
1082 3823 1198 3889 Mariae
1214 3827 1277 3910 qui-

111 3927 179 3990 dam
195 3937 279 3990 utero
296 3929 453 3994 conclusus
470 3940 551 4007 erat,
575 3949 611 3993 ae
629 3940 763 3992 naturarn
781 3928 907 3992 hominis
921 3927 1071 4004 induebat,
1097 3929 1148 3992 sed
1166 3928 1276 3992 virtute

1 4029 2 4036 ’
111 4051 166 4094 sua
184 4030 314 4116 replebat
335 4031 486 4096 urrirersa.
532 4028 671 4096 Potuitne
689 4031 757 4095 talis
779 4052 814 4094 ac
837 4041 935 4096 tantus
957 4030 1029 4094 haec
1055 4052 1093 4094 ex
1115 4029 1276 4094 divinitatis

1 4131 2 4136 ’
112 4153 240 4220 persona
259 4143 316 4196 tom
336 4133 603 4218 lugubriadicerel
631 4137 697 4208 Eli,
722 4139 776 4210 eli,
800 4135 1083 4196 leminorcdcctdnni.
1132 4131 1198 4196 Hoc
1216 4145 1273 4212 est,

110 4242 191 4300 Deus
207 4258 301 4311 meas,
326 4242 395 4300 deus
412 4259 489 4300 meus
498 4283 506 4313 ,
532 4259 621 4320 quare
635 4241 815 4319 derelr‘qortti
833 4244 898 4298 me?
941 4233 1121 4300 Praesertim
1141 4257 1206 4302 conr
1229 4237 1278 4300 ille
1292 4233 1388 4336 iffi

110 4340 176 4424 ipse
194 4339 338 4418 dixisset,
364 4345 470 4402 Iterum
488 4345 574 4414 ordo,
600 4352 628 4402 ei
643 4363 699 4402 non
720 4343 879 4422 rolrirqaam
901 4362 949 4402 uos
971 4343 1130 4421 orphanos,
1155 4344 1207 4402 sed
1226 4363 1273 4402 ve·
1286 4337 1380 4432 Ἧῑῑξῑ.

110 4447 160 4508 nro
183 4445 222 4504 nd
243 4465 300 4506 uos.
349 4441 428 4512 Tum
448 4441 505 4510 alio
521 4443 599 4523 loco,
623 4449 715 4508 Arnen
738 4448 801 4507 dico
816 4445 910 4518 eodm,
935 4465 1093 4507 anemone
1111 4447 1275 4508 secerdotum
1291 4421 1407 4550 ⁸33⁰&
