3128 4930
374 227 508 280 rnsnun
526 227 590 279 uuo.
606 228 636 278 ιι.
651 227 732 278 nou.
747 228 767 278 1.
784 227 883 278 naso.
899 225 942 278 on
1174 215 1233 278 105

79 350 128 414 lex
145 345 343 434 praescribite
373 349 543 410 Numeradie
564 349 619 410 ta'dr'
631 351 687 410 Vll
705 347 906 420 hebdomades,
929 337 1042 428 emptio
1063 349 1387 428 meaepulamuevnaats

80 453 232 525 ollula-ie,
256 453 294 512 ad
309 472 343 513 eo
356 455 402 512 ds'e
416 471 472 532 paen
478 453 588 532 sulcem
605 455 633 512 ie
652 461 772 530 segetem
789 453 914 510 mherr's:
936 461 965 510 et
981 451 1135 511 celebrabis
1150 454 1236 530 septi·

82 577 149 618 aaa
172 555 371 616 monades
393 555 586 636 inresectum
607 557 718 616 macho
733 556 786 614 dec
805 563 869 626 tue‚·
893 549 996 634 quibos
1012 550 1111 614 verbis
1128 547 1236 614 Pente-
1271 557 1274 570 '

81 668 180 722 costen
199 656 322 720 iudicat.
367 653 485 718 Etenim
503 666 569 740 post
587 653 764 718 immolatum
784 651 898 718 Pascha
920 653 997 716 iutra
1022 654 1137 716 tertium
1159 653 1235 717 diem

82 760 177 824 ademi
199 757 377 841 manipulum
403 756 538 836 inhehatp
568 767 601 820 nt
620 756 766 820 benedicti
790 755 867 819 illius
892 753 1029 838 manipuli
1052 754 1238 820 adumbraret

82 863 237 945 imaginem
254 860 302 944 qni
320 881 335 921 a
353 859 475 922 mortuis
499 859 647 922 excitatns
667 869 698 922 ct
719 879 736 920 a
756 867 836 920 terra
854 858 1065 942 quodammodo
1084 859 1130 920 die
1152 859 1237 921 tertia

81 975 124 1027 est
139 961 278 1040 chiatus,
304 960 380 1024 unde
397 981 462 1024 enm
481 960 510 1024 in
528 961 577 1024 ille
595 962 631 1023 de
648 960 783 1046 sepulcro
800 960 1018 1024 resurreetione
1039 961 1235 1044 recuperavit.

81 1063 150 1130 lude
167 1061 233 1128 XL
252 1064 356 1128 diebus
373 1083 438 1126 oum
463 1061 612 1147 discipulis
635 1073 766 1126 moratos
785 1071 933 1147 postremo
953 1061 1007 1126 snb
1026 1063 1112 1125 linem
1129 1059 1238 1126 Pente·

82 1179 178 1232 costes
198 1167 325 1230 eundem
344 1164 418 1251 patri
435 1165 613 1230 coelestibus
631 1153 661 1226 io
679 1164 833 1228 domiciliis
852 1163 971 1242 obtulit3
996 1163 1043 1247 qni
1063 1175 1110 1226 est
1130 1164 1238 1250 primo-

82 1270 199 1354 genitus
226 1289 243 1332 o
269 1268 488 1354 primogenitis,
513 1267 658 1353 primitiae
679 1275 819 1344 sauctae,
848 1265 1012 1351 manipulus
1034 1263 1166 1330 eMaria
1186 1269 1238 1330 de·

83 1377 187 1451 lectus,
214 1371 307 1434 lascis
320 1371 349 1433 iu
365 1371 419 1432 deo
435 1369 677 1455 comprehensos,
700 1370 812 1432 fructus
826 1367 951 1447 ventris,
973 1389 1062 1432 areae
1079 1369 1235 1453 primitiae.

82 1473 186 1559 Neque
212 1473 291 1536 enim
319 1483 384 1556 post
405 1469 606 1536 Pentecosten,
628 1471 783 1556 deputatae
807 1471 881 1536 lalce
910 1471 1054 1556 primitiae
1077 1471 1240 1536 offeruntur

84 1577 219 1662 amplius.
265 1572 368 1658 Quare
385 1594 481 1657 aeque
504 1577 636 1636 Christus
654 1579 708 1636 eom
729 1578 860 1649 moritur,
882 1593 960 1636 mors
975 1579 1005 1636 ei
1020 1577 1096 1638 ulmo
1111 1597 1167 1637 aaa
1188 1579 1238 1638 do·
1251 1591 1383 1648 aaa.t‚a

83 1681 256 1752 emolitur,
295 1687 327 1739 ut
349 1677 489 1761 seriptum
517 1687 574 1738 est.
628 1671 728 1739 domne
754 1675 837 1738 vides
861 1687 931 1760 quot
953 1676 982 1740 iu
1011 1676 1075 1760 lege
1099 1678 1240 1763 mysteria

84 1781 246 1864 significata
267 1778 344 1857 sint,
368 1778 398 1842 in
417 1778 575 1860 cvangelio
596 1779 747 1862 periectal
790 1774 908 1860 Quanta
927 1799 1013 1863 porro
1034 1779 1069 1841 ad
1089 1799 1153 1842 eam
1176 1801 1238 1844 rem

85 1883 239 1968 perspicue
257 1879 458 1945 declarandam
479 1891 716 1964 argumentorum
739 1880 822 1965 copia
843 1881 990 1966 suppetit?
1035 1879 1094 1947 Sed
1118 1903 1154 1946 ne
1176 1883 1239 1946 lon-

84 1987 147 2068 gius
166 1993 312 2048 excurrat
332 1983 445 2060 oratio,
472 1983 507 2044 ad
525 1981 553 2045 id
573 1984 648 2067 qnod
669 1982 753 2046 initio
776 1984 955 2068 propositum
974 1995 1039 2048 erut
1059 1985 1238 2050 redeundum

84 2087 168 2150 nohis
185 2097 245 2150 est.
291 2083 382 2170 igitur
399 2093 536 2169 qnantum
553 2105 594 2148 ex
611 2083 701 2169 spicis
716 2085 775 2149 illis
790 2097 820 2149 et
838 2107 935 2150 messe
951 2108 986 2150 ac
1004 2087 1153 2174 discipulis
1169 2108 1239 2152 con·

84 2189 173 2252 iieere
193 2209 367 2274 possumus,
392 2199 514 2274 apparet
530 2188 606 2251 illum
624 2185 757 2267 loannis,
780 2185 882 2252 Lucae
898 2200 1121 2274 oeterorumque
1138 2211 1240 2255 narra

85 2289 192 2355 tionem
211 2292 248 2355 ad
266 2290 295 2354 id
312 2301 425 2376 tempos
441 2290 516 2375 qnod
535 2289 646 2354 dierum
663 2285 724 2352 XL
742 2291 932 2354 tentationem
950 2303 1081 2355 secutum
1105 2303 1151 2356 est
1172 2313 1240 2357 esse

85 2395 282 2458 referendam.
1244 2437 1262 2454 s
1282 2437 1341 2504 cap.

166 2495 290 2560 Ateuin
314 2495 399 2558 iidem
422 2494 463 2559 illi
488 2495 561 2558 eitra
588 2495 725 2580 pudorem
751 2494 830 2558 illum
856 2515 923 2558 sese
950 2495 1092 2560 adversus
1118 2492 1239 2561 loannis
1256 2505 1369 2558 xxxa.

86 2598 290 2662 audacitatem
308 2595 482 2681 accingunt,
506 2608 538 2660 et
553 2598 581 2661 id
599 2618 686 2660 nnnm
704 2597 851 2682 cogitant,
875 2607 907 2660 ut
924 2596 1019 2685 aliqua
1035 2619 1074 2662 ex
1092 2609 1191 2684 parte,
1214 2600 1239 2662 si

89 2701 213 2786 possint,
236 2701 390 2764 veritatem
409 2710 562 2778 evertant3
587 2721 643 2762 nee
657 2699 822 2783 intelligunt
834 2711 936 2763 contra
953 2701 1126 2786 semetipsos
1144 2702 1240 2787 potius

88 2824 169 2887 poam
192 2813 295 2866 contre
317 2803 462 2868 sinceram
484 2802 645 2866 doctrinam
669 2823 733 2864 eam
754 2821 787 2865 se
808 2804 1052 2887 oppugnationem
1076 2803 1239 2890 susscipere.

89 2899 199 2969 Contra
223 2905 423 2990 Apocalypsin
450 2904 547 2988 itaque
572 2923 607 2968 ea
631 2905 740 2968 iactare
763 2925 815 2988 per
840 2904 992 2968 ludibrium
1017 2905 1128 2968 solunte
1162 2903 1240 2989 Quid

90 3029 145 3086 me,
167 3005 315 3091 inquinat,
338 3004 457 3071 loannis
470 3007 668 3093 Apocalypsis
683 3008 776 3083 iuvat,
797 3027 860 3069 cum
877 3007 946 3070 mihi
965 3004 1021 3070 Vll
1040 3009 1174 3092 angelos,
1196 3021 1386 3082 torpeant

91 3110 235 3194 tidemqoe
250 3108 336 3172 tubas
349 3111 579 3174 commemorat?
612 3109 671 3175 Sed
689 3131 773 3194 quam
789 3109 861 3172 heco
877 3111 1044 3172 necessaria
1061 3111 1132 3189 sint,
1150 3132 1240 3195 quaa·

91 3223 204 3296 tumque
218 3211 255 3274 ed
273 3207 436 3276 Christiani
454 3212 598 3296 dogmatis
616 3213 815 3276 sinceritatem
833 3215 1004 3290 conterant,
1029 3213 1128 3276 miseri
1148 3214 1241 3278 homi-

91 3335 139 3378 ues
156 3315 307 3399 ignorant.
353 3311 431 3378 Nam
450 3335 648 3399 quaecumque
666 3314 695 3376 in
712 3315 776 3397 lege
794 3335 829 3378 ao
850 3313 998 3399 prophetis
1017 3316 1240 3380 erantohscnra

91 3417 133 3480 vel
158 3417 355 3502 aenigmatum
380 3415 541 3480 involucris
566 3416 710 3495 obducta,
744 3418 816 3482 haec
842 3418 877 3480 ad
901 3437 1084 3484 communem
1108 3429 1239 3482 nostrum

91 3519 215 3584 omniun
233 3520 357 3583 salntem
375 3520 448 3582 deus
463 3540 552 3584 servo
568 3539 623 3583 suo
637 3516 743 3583 loanni
761 3520 901 3604 singulari
920 3522 1040 3605 quadam
1059 3520 1241 3608 prouidentia

91 3621 226 3706 detegere
242 3621 352 3700 voluit,
376 3632 498 3706 atquae
518 3621 677 3684 tenebrosa
694 3621 754 3686 illic
773 3633 857 3686 eraut
875 3633 906 3686 ct
922 3622 1034 3700 abdita,
1061 3624 1106 3686 hio
1124 3623 1240 3705 spirita·

91 3723 142 3787 lem
162 3747 197 3790 ae
219 3723 375 3788 elatiorem
391 3725 419 3788 in
441 3724 559 3788 modam
582 3725 761 3788 eoolormata
786 3735 974 3810 proponeret.
1019 3723 1169 3809 Siquidem
1190 3742 1242 3786 ve·

92 3837 167 3890 teres
188 3828 256 3892 illae
276 3847 378 3890 omnes
401 3826 544 3910 imagines
563 3837 683 3910 propter
706 3848 761 3890 nos
782 3827 905 3912 spiritali
932 3827 1015 3910 plane
1037 3836 1106 3890 sunt
1128 3825 1241 3904 ratione

92 3927 258 4014 dispositae.
307 3926 396 3992 Velut
418 3930 494 4012 quod
516 3927 734 3994 tabernaculum
756 3951 796 3992 ex
816 3930 971 3994 rubricatis
994 3940 1024 3993 et
1046 3928 1241 4013 hyacinthinis
1255 3945 1394 4006 arcemn

94 4031 211 4111 pellibus
227 4042 462 4116 coagmentatum
480 4031 620 4112 legimns,
644 4051 679 4096 ao
697 4033 721 4094 si
738 4051 794 4115 qna
811 4043 877 4096 auant
896 4033 960 4096 eins
977 4031 1095 4114 generis
1112 4031 1180 4109 alia,
1205 4053 1242 4096 eo

94 4132 245 4216 pertinent,
264 4144 297 4198 et
309 4134 338 4196 in
355 4133 439 4198 huius
453 4132 672 4197 tabernaculum
686 4144 841 4196 ventorum
857 4154 924 4196 esse
939 4143 1126 4197 monstraret.
1150 4132 1241 4198 Pallia

94 4236 193 4320 quippe
217 4235 340 4300 mortuis
364 4235 537 4321 corporibus
554 4235 734 4315 detrahitur,
759 4257 793 4298 ac
811 4236 854 4299 sic
872 4245 1007 4320 unquam
1022 4237 1156 4301 vivorum
1179 4259 1240 4301 nm·

94 4334 144 4401 hra
160 4359 256 4409 eomes
273 4349 329 4404 est.
377 4337 409 4403 ln
426 4361 484 4424 qno
500 4361 624 4424 corpora
640 4351 740 4403 nostra
759 4339 805 4402 dei
825 4359 891 4404 csse
912 4337 1130 4404 tabernaculum
1146 4341 1241 4404 decla-
