3154 4930
341 234 402 298 ὅτι
754 249 1072 303 ειαοτιεειεειιιειι

206 390 274 460 Kw.
290 387 333 452 ξρ,
434 361 473 431 Τδ
494 363 602 447 όμεισν
616 365 649 431 δέ
665 363 754 432 πόλιν
771 363 996 450 έπιλαμβάνεεαι
1013 366 1032 432 6
1046 367 1136 444 αύτός
1151 367 1263 452 Μόνης
1284 367 1345 435 ἀπό
1368 375 1423 434 τοῦ
1440 365 1486 433 τδτ

344 475 464 553 σωτῆρα
489 469 650 550 εἰρηκέναι,
680 466 786 551 Ὁμοία
806 469 884 536 ἐστίν
908 467 929 553 ἦ
951 475 1081 554 βασιλεία
1102 477 1162 536 τόν
1185 470 1322 558 ούρανοῦν
1338 469 1486 558 ἀνθρτόπμ

346 569 558 660 οἰκοδεσπότη,
586 569 621 646 ῦς
635 572 751 658 έσπειρε
767 570 820 638 τόν
838 571 932 658 ἀγρόν
949 571 1042 640 αδεοῦ
1056 573 1147 640 καλόν
1161 577 1287 659 σπέρμα·
1318 578 1371 639 καὶ
1387 584 1487 639 καθευ-

343 672 456 740 δόντων
475 679 535 739 νῦν
552 670 724 759 ἀνθρώπων
746 673 855 760 έηθρός
875 674 1040 760 ἅνθρωπος
1056 669 1146 760 ἦλθε,
1168 681 1220 744 καί
1236 679 1352 760 ἔσπειρε
1371 674 1487 755 ζιζόναι·

343 772 405 842 εἶτα
418 777 552 860 λέγουσιν
568 775 650 865 αύτῷ
665 779 697 842 οί
716 781 817 844 δοῦλοι
830 777 942 857 αὐτοῦ,
975 776 1047 862 Ούχλ
1069 779 1160 846 καλόν
1175 781 1289 864 σπέρμα
1304 782 1445 864 ἔσπειρας
1464 779 1490 842 ἐν

344 886 385 968 τηῦ
399 875 495 967 ἀγρρῦς
525 875 543 943 6
560 879 592 943 δέ
609 881 682 961 έφη,
707 885 777 944 Ναί.
823 879 929 946 Πόθεν
947 874 1004 946 οὖν
1018 881 1055 947 τά
1070 883 1195 962 ζιζάνιας
1218 880 1283 949 όδέ
1298 879 1490 967 ἀποκρινόμε-

344 1007 397 1057 νος
412 978 508 1061 είτιεν,
532 980 663 1066 Ἐγθρός
680 981 842 1065 ἅνθρωπος
858 990 946 1049 τοῦτο
962 987 1111 1068 ἐποίησεν·
1139 989 1172 1051 οί
1185 987 1216 1052 δὲ
1230 989 1329 1052 δοῦλοι
1344 983 1425 1070 πρός
1445 982 1491 1048 αύ-

261 1115 262 1118 “
344 1083 397 1152 τόν
413 1081 507 1164 είπον,
533 1087 632 1160 Θέλεις
646 1077 702 1183 οὖν
716 1081 897 1162 ἀπελθόντες
917 1087 1132 1172 ῑέκριζοίσομεν
1145 1085 1181 1154 τά
1193 1087 1301 1167 ζιζάνια
1307 1117 1317 1166 ς
1338 1085 1360 1154 ό
1376 1088 1410 1152 δὲ
1421 1085 1493 1170 πρός

346 1186 455 1264 αύτούς
476 1190 551 1270 ἐφη,
585 1185 646 1267 Ού,
669 1185 775 1271 μήπως
795 1191 976 1274 ἐκριζοῦντες
992 1188 1028 1256 τό
1049 1189 1159 1270 ζιζοίνια
1180 1189 1349 1274 ἐκριζώσητε
1373 1192 1427 1254 καὶ
1446 1188 1493 1254 τόν

345 1301 440 1358 σῖτον·
463 1288 518 1354 ἀλλ’
544 1287 633 1371 ἀφετε
653 1291 709 1366 ῦοις
731 1297 838 1378 καιροῦ
859 1299 913 1358 τοῦ
934 1301 1095 1378 θερισμοῦ,
1117 1297 1168 1359 καί
1184 1296 1240 1379 ἐροῦ
1256 1303 1320 1370 τοῖς
1334 1299 1493 1379 θερισταῖς,

346 1395 505 1470 Συλλέξατε
527 1389 563 1457 τά
584 1391 709 1473 ζιζάνια,
737 1396 789 1460 καλ
810 1393 918 1478 δήσατε
939 1380 1089 1479 ἐδεσμάς,
1111 1395 1163 1463 τόν
1184 1397 1216 1462 δέ
1237 1405 1318 1462 σῖτον
1339 1394 1493 1461 ἀπόθεσθε

302 1489 306 1497 ’
347 1500 380 1563 έν
402 1503 438 1586 τῇ
461 1494 624 1584 ἀποθήκη,
652 1498 704 1562 καλ
726 1496 899 1580 ἑτοιμάσατε
913 1496 948 1562 τό
971 1497 1079 1578 ζιζάνια
1096 1502 1138 1577 είς
1160 1497 1193 1566 τό
1219 1507 1408 1582 κατακαῆναι
1427 1497 1493 1581 πνρλ

348 1599 487 1687 ἀσβέστη).
536 1605 602 1662 Τοῦν
623 1597 655 1662 δέ
678 1606 822 1682 μἀθητοῦν
843 1601 936 1666 αὐτοῦ
964 1603 1013 1667 ἐπί
1035 1609 1088 1685 τῆς
1108 1605 1205 1679 οίκίας
1228 1600 1393 1688 λεγόντοιν,
1424 1599 1494 1664 m

346 1700 419 1786 ἡμῖν
433 1701 486 1784 τὴν
499 1698 673 1785 παραβολὴν
689 1709 747 1768 τοῦν
761 1707 906 1785 ζιζανίων,
929 1701 947 1770 6
963 1703 996 1770 δέ
1015 1703 1126 1770 ἐπιλύει
1142 1707 1193 1770 καί
1218 1705 1373 1791 ’ἀκριβοί
1396 1707 1447 1770 ἵνα
1460 1699 1494 1784 μό

348 1802 521 1892 συγχωρήσῃ
536 1811 577 1892 τῷ
592 1802 740 1870 ἀπατεοῦνι
753 1803 828 1870 κατά
844 1813 896 1888 τῆς
911 1803 1053 1890 ἀληθείας
1066 1806 1160 1890 λαβὴν
1177 1810 1260 1891 ἔχειν.
1295 1805 1495 1890 Ἀποκρίνεται

346 1901 404 1975 ούν
423 1913 530 1988 σαφοῦς
551 1902 569 1971 ό
591 1904 694 1990 κύριος
714 1910 765 1972 καλ
782 1910 872 1994 λέγει,
901 1905 935 1973 ‘0
951 1909 984 1974 τό
1000 1907 1089 1976 καλόν
1107 1913 1220 1996 σπέρμα
1237 1915 1359 1994 σπείρας
1383 1911 1462 1976 ἐστίν
1480 1903 1496 1971 ό

349 2009 436 2086 θεός·
459 2007 477 2076 δ
494 2007 527 2074 δέ
541 2007 633 2093 ἀργός
650 2011 727 2074 έστιν
744 2007 763 2076 ό
777 2009 902 2093 κόσμος,
923 2009 960 2076 τά
976 2011 1087 2092 ζιζοίνιό
1101 2016 1174 2079 τίσιν
1190 2017 1221 2080 οἱ
1232 2015 1358 2098 πονηροί
1382 2009 1496 2093 ἀιθρω

350 2137 418 2193 ποι,
441 2111 459 2178 ό
476 2109 584 2195 ἐχθρός
600 2107 764 2196 ἅνθρωπός
778 2115 855 2178 ἐστιν
870 2110 888 2178 ό
905 2111 1059 2198 διάβολος,
1082 2119 1114 2182 σί
1131 2121 1266 2202 θερισταί
1280 2119 1353 2181 εέσιν
1370 2117 1406 2180 οἱ
1421 2113 1495 2200 6¹27:-

349 2225 412 2295 λοι,
434 2212 452 2281 6
468 2215 613 2300 θερισμός
627 2217 704 2280 έσττν
725 2212 747 2297 ἐρ’
767 2217 915 2282 συντέλεια
931 2225 986 2282 τοῦ
1000 2221 1123 2298 αέοῦνος,
1146 2217 1165 2284 ό
1179 2219 1260 2295 σῖτός
1276 2221 1354 2286 ἐστιν
1372 2221 1407 2283 οἷ
1420 2217 1496 2282 καλοί

223 2323 227 2331 ’
350 2315 524 2405 ἀνθρωττοι,
546 2316 594 2384 ότε
613 2319 801 2404 παραγγέλλει
820 2315 838 2384 6
853 2317 959 2405 κύριος
972 2319 1043 2398 τούς
1058 2319 1198 2408 ἀγγέλους
1213 2321 1307 2387 αύτοῦ
1313 2371 1323 2400 ,
1344 2319 1495 2387 παίσαντί·

350 2443 435 2510 γουσι
453 2419 523 2498 τούς
542 2417 732 2506 ἀμαρτωλοδς
755 2418 817 2487 ἀπό
842 2429 895 2504 τῆς
918 2420 1011 2489 αύτοῦ
1027 2424 1187 2506 βασιλείας,
1217 2425 1267 2490 καί
1284 2421 1497 2508 παραδιδόντα

352 2522 462 2601 αύτούς
476 2527 517 2600 είς
530 2523 567 2590 κδ
582 2531 699 2608 καῆναι.
745 2525 806 2588 Καὶ
824 2533 976 2608 θεωρεῖτε,
998 2528 1059 2592 υίολ
1074 2535 1127 2610 τῆς
1141 2525 1298 2610 ἀληθείας,
1321 2525 1369 2593 δτι
1391 2523 1496 2592 αύτάδ

353 2627 488 2710 βούλεται
505 2629 597 2714 λέγειν
617 2623 687 2692 καθ’
707 2627 815 2692 ἑαυτοῦ
830 2626 1022 2711 προβάλλεται
1044 2621 1132 2706 οὗτος
1154 2627 1172 2696 ό
1193 2630 1421 2706 ἀνακαινισθελς
1434 2625 1497 2711 ἡμῖν

353 2729 419 2796 ἀντὶ
440 2737 499 2796 τοῦν
522 2731 589 2815 περὶ
613 2726 728 2812 ’ίαννῆν
748 2731 799 2794 καί
815 2726 967 2814 ’ίαμβρῆω
1017 2730 1121 2809 Αὐτός
1143 2733 1196 2816 μὲν
1215 2729 1271 2818 γάρ
1295 2729 1433 2818 ἀρνεῖται
1452 2727 1496 2795 τόν

352 2831 465 2915 κόσμον
480 2839 534 2898 τοῦ
547 2837 623 2897 θεοῦ
636 2828 725 2898 είναι·
755 2823 813 2898 όδε
835 2831 868 2898 δέ
890 2829 909 2898 ό
931 2832 1028 2920 σωτὴρ
1052 2833 1104 2902 τόν
1127 2835 1241 2919 κόσμον
1263 2837 1324 2918 ἔφη
1350 2831 1429 2900 είναε
1452 2828 1497 2898 τόν

353 2934 455 3021 ἀγρόν,
467 2934 522 3000 τόν
537 2935 570 3000 δέ
588 2931 799 3018 οἰκοδεσπότην
812 2936 864 3000 καί
877 2933 983 3019 κύρτον
999 2945 1052 3004 τοῦ
1070 2936 1173 3024 ἀγροῦ,
1194 2938 1328 3004 τουτέστι
1343 2935 1397 3004 τόν
1413 2933 1497 3002 αι’πσῦ

354 3039 483 3124 πατέρα,
512 3039 564 3102 καὶ
581 3035 687 3103 ἑαυτόν
709 3039 886 3123 έσπαρκέναι
904 3037 938 3104 τδ
956 3037 1046 3106 καλόν
1066 3039 1160 3107 αύτοῦ
1182 3043 1306 3126 σπέρμα.
1354 3042 1418 3105 Καλ
1439 3034 1498 3104 οότι

354 3143 441 3207 διεῖλε
464 3138 564 3224 ψυχάς
587 3137 646 3205 ἀπό
672 3141 831 3222 σωμάτων,
861 3139 882 3225 ἢ
907 3139 1028 3224 στόματα
1052 3140 1112 3211 ἀπό
1135 3151 1254 3228 ψυχῶν,
1282 3139 1356 3208 ἀλλά
1378 3142 1434 3210 τόν
1453 3141 1498 3224 μίν

356 3241 465 3330 ἐχθρόν
481 3241 644 3329 ἀνθρωπον
659 3244 718 3324 ἐφη
735 3244 909 3330 ἐσπαριτίναι
930 3243 968 3309 τό
984 3243 1109 3326 ζιζάνια,
1131 3246 1151 3310 ἀ
1167 3249 1241 3312 τίσιν
1262 3249 1294 3312 οί
1307 3247 1439 3328 πονηροὶ
1456 3241 1496 3308 ἀν

232 3368 340 3430 μησεν.
359 3357 488 3432 θρωποι.
530 3343 726 3431 Ἀνθρεόττους
752 3346 785 3410 δέ
812 3343 850 3412 ου’
875 3349 948 3433 λέγει
976 3347 1096 3430 στόματα
1122 3348 1184 3416 κατ’
1206 3351 1302 3429 ίδίαν,
1334 3346 1408 3415 ἀλλά
1429 3344 1499 3428 &po-⁵

357 3447 421 3516 είπι
443 3447 591 3536 πονηρούς
616 3446 806 3533 ἀνθρώπους.
852 3449 948 3516 Πόλιν
968 3451 1001 3516 δέ
1018 3449 1156 3529 οίςαύτως
1178 3452 1212 3518 τό
1237 3449 1358 3538 ἀγαθόν
1378 3451 1498 3534 σπέρμα,

359 3549 438 3619 ⁴36
458 3547 669 3635 οἰκοδεσπότης
687 3553 821 3637 ἔσπειρεν
845 3553 876 3618 ἐν
900 3559 943 3642 τῷ
965 3555 1031 3637 ἰδίῳ
1051 3552 1147 3643 ἀγρῷ,
1176 3553 1245 3632 τοῦς
1269 3550 1411 3641 ἀγαθούς
1433 3569 1499 3634 φησι

359 3654 551 3740 ἀνθρώπους.
595 3657 657 3720 Καί
672 3651 728 3720 ούκ
746 3649 877 3732 εἶπε-τός
890 3654 1003 3722 τούτων
1016 3655 1124 3740 μυχός,
1147 3654 1206 3722 ἀλλ’
1222 3654 1358 3743 ἀγαθούς
1374 3653 1432 3721 σῦν
1449 3651 1497 3719 σό-

358 3783 428 3842 ματι
448 3761 499 3826 καί
514 3763 605 3847 ψυχῇ.
644 3749 723 3842 Ἀρτ-
738 3759 833 3842 ἐγοῦν
851 3756 900 3823 όιά
923 3765 977 3841 τῆς
996 3762 1184 3836 διδασκαλίας
1207 3758 1225 3826 ό
1241 3758 1314 3836 θεός
1337 3761 1450 3842 σπείρει
1468 3751 1497 3818 τό

359 3859 477 3947 ἀγαθόν
502 3863 533 3926 έν
555 3867 618 3936 τοῖς
643 3857 833 3944 ἀνθροίποις,
862 3861 913 3926 καί
938 3859 987 3926 διδ
1010 3869 1062 3945 τῆς
1083 3867 1300 3945 κακομηχανίας
1321 3857 1341 3928 ό
1364 3859 1499 3943 διάβσλσε

360 3963 531 4052 ύτιοσπείρει
549 3962 585 4029 τά
603 3959 719 4049 πονηροὶ
734 3964 805 4049 ἔργα
821 3965 853 4029 έν
867 3972 929 4040 τοῖς
944 3959 1128 4050 ἀνθρώποις.
1163 3963 1276 4032 Ἔνθεν
1291 3965 1323 4031 δέ
1344 3965 1397 4030 καλ
1418 3965 1499 4027 ἐνθεν

361 4063 398 4133 ού
412 4070 493 4152 ῥίζαν
508 4063 670 4152 εύρήσομεν
682 4069 797 4146 κακίας,
819 4063 875 4131 ἀλλ’
895 4069 966 4152 ἔργα
981 4064 1019 4132 δι’
1028 4065 1120 4151 ἡμῶν
1135 4066 1349 4150 ἐπιτελούμενα,
1370 4067 1423 4131 καλ
1436 4061 1500 4130 οίδδ

362 4167 437 4246 ὅλως
459 4167 477 4236 6
498 4169 638 4254 διάβολος
655 4167 749 4246 αίτιός
766 4171 826 4236 έστι
849 4175 907 4236 τοῦν
928 4169 1119 4256 ἐσπαρμένον
1140 4174 1279 4250 ζιζανίων.
1320 4165 1431 4244 Εύθδς
1448 4163 1497 4252 γδρ

363 4269 468 4358 φροίζει
486 4273 592 4359 λέγων,
617 4272 671 4336 Ἐν
695 4279 736 4360 τῷ
758 4271 918 4338 καθεύδειν
942 4270 1012 4350 τούς
1040 4270 1236 4358 ἀνθρώπους,
1265 4273 1316 4338 ταλ
1337 4269 1393 4338 οόκ
1415 4265 1497 4344 τίοιεν,

398 4411 456 4461 διε.
465 4411 559 4462 va1.
577 4440 609 4452 -
640 4401 849 4478 1.’ἐιιριζωόομεν
866 4413 917 4464 ωδ.
985 4413 1010 4464 2.
1030 4409 1239 4482 δεσμάςσισμδις
1254 4409 1297 4466 τόν
1311 4408 1341 4466 δέ
1357 4417 1424 4464 σι’ται
1438 4407 1497 4460 ειδί

362 4485 529 4542 materque,
547 4481 708 4542 πιόμενοι.
742 4477 918 4549 λκριζοίσωμτν
949 4495 1007 4538 ,τιτι
1024 4486 1046 4532 τι
1060 4483 1098 4532 ισ.
1110 4485 1186 4545 μήτε

362 4549 399 4598 εδ.
412 4548 493 4599 Petav-
984 4545 1007 4604 3·
1025 4543 1287 4620 α’κριβαίιροοοετιαλ
1320 4545 1498 4600 Ρειοσλτττιλι·
