3168 4942
341 270 480 324 rancun
497 271 561 324 nra
573 271 605 324 n.
622 271 747 325 romu.
764 271 865 324 uana.
879 271 976 324 cxix.
1177 248 1241 322 edd

84 387 131 473 qai
149 387 263 473 decepti
280 389 398 456 lucrant
412 411 540 476 nemone
555 392 716 478 prophetae
734 411 799 456 cum
817 391 986 474 loquuntur,
1011 389 1135 454 eandem
1153 411 1239 475 qnam
1260 414 1271 427 ··

85 491 180 556 resin
197 491 244 554 dci
262 490 324 558 lilio
346 513 449 558 rocem
468 493 675 558 adhibuerunt.
721 491 812 558 Velut
829 493 858 555 ia
876 494 930 556 hoe
950 493 1033 556 locor
1065 496 1165 556 Fuluus
1186 494 1397 558 clitumnus.

82 596 212 676 [κεναί
226 597 293 656 deor
303 607 404 676 patres
421 602 529 672 nostri,
554 602 701 660 mendaces
711 597 838 680 suerunt
853 599 949 658 reddes.
997 592 1149 659 Eiusmodi
1174 617 1242 681 pro·

84 695 150 760 iude
169 696 215 760 dei
240 695 351 760 liliosa
373 697 458 762 vobis
483 699 686 777 constituitur,
719 721 754 762 ae
772 709 830 762 tam
850 699 885 761 de
911 719 948 762 eu
972 698 1099 783 turpiter
1117 699 1166 781 qui
1188 719 1242 762 voa

84 797 217 876 redemit,
242 799 268 862 ai
286 809 383 863 umen
401 799 571 878 redemerit,
596 801 745 885 cogitatis.
779 798 929 884 Quocirca
948 800 1018 864 nihil
1037 802 1073 863 ud
1091 800 1155 862 eius
1173 820 1242 863 ccu-

85 901 137 964 hm
157 899 329 986 perduretis,
359 923 425 966 eom
452 923 508 966 roo
534 904 714 968 salvatorem
736 913 885 980 vestrum,
919 923 1019 986 aquo
1044 901 1132 986 empti
1155 901 1240 981 estis,

85 1002 247 1087 abnegetis.
295 1002 413 1068 Etenim
438 1004 464 1069 si
488 1026 578 1070 verus
602 1005 676 1070 deus
700 1027 758 1070 nou
781 1015 845 1083 est,
876 1025 972 1089 noque
991 1003 1159 1068 adorandus
1179 1015 1241 1067 eat:

86 1105 110 1170 si
123 1117 242 1170 creatus
259 1115 325 1184 eat,
350 1128 408 1170 mon
426 1118 473 1172 est
489 1109 581 1174 deuse
613 1109 689 1193 qnod
707 1108 733 1172 si
752 1108 870 1172 minime
892 1107 1059 1171 adorandus
1077 1117 1140 1186 est,
1171 1125 1244 1190 qno-

86 1210 171 1272 modo
189 1209 262 1272 dens
279 1229 346 1274 esse
362 1210 566 1293 praedicatur?
610 1209 747 1279 Desinite
762 1211 860 1294 itaque
880 1229 934 1274 vos
953 1210 1088 1286 taudem,
1119 1208 1168 1294 qui
1191 1228 1244 1270 uo-

87 1331 149 1374 rum
168 1310 214 1374 daie
232 1307 416 1396 Babylonem
433 1313 622 1392 instauratis,
647 1335 682 1378 ao
696 1311 1000 1377 Nabuchodonosoris
1016 1311 1139 1396 effigiem
1155 1320 1241 1394 utque
1255 1329 1339 1376 nus

87 1414 240 1498 imaginem
258 1413 390 1497 erigitis,
415 1416 462 1499 qui
482 1413 704 1484 celeberrimam
726 1415 801 1480 hane
820 1415 920 1480 tubam
940 1414 1081 1498 cogendis
1105 1413 1243 1478 militibus

86 1515 208 1593 ludatis,
232 1517 280 1601 qni
298 1515 429 1581 subdolis
448 1517 557 1581 vestris
575 1519 711 1598 vocibus,
736 1529 873 1602 tanquam
891 1515 1011 1580 musicis
1027 1515 1243 1595 instrumentis,

87 1619 226 1704 cymbalis
247 1629 278 1682 et
303 1617 450 1703 psalteriis
464 1617 596 1706 'populos
621 1620 650 1684 iu
677 1621 788 1706 lapsum
814 1639 1006 1703 erroremque
1029 1618 1243 1704 praecipitatis,

89 1741 157 1806 quos
175 1721 294 1806 imagini
311 1722 425 1786 servire
442 1722 638 1807 potiusquam
656 1723 711 1785 dre
729 1743 765 1784 se
782 1721 901 1786 veritati
919 1721 1037 1784 iubetis.
1074 1719 1150 1804 Quis
1167 1723 1244 1786 enim

87 1823 205 1907 perinde
224 1843 315 1888 verus
334 1835 382 1888 est
405 1825 481 1887 alter
502 1845 537 1888 ae
555 1824 601 1886 dei
620 1823 717 1888 utimr
759 1826 833 1888 Nom
855 1827 919 1905 quir
939 1825 1109 1904 ueqmdr'tur
1131 1829 1244 1888 domm
1257 1837 1366 1894 huam.

87 1928 115 1988 ris
126 1927 282 2006 filr'r‘sder',
315 1924 506 2010 atseriptura
525 1925 669 2009 loquitur,
701 1936 749 2004 et,
778 1929 1022 2006 Altereumr'pre
1036 1931 1149 1988 minume
1169 1947 1244 1988 coru·
1270 1923 1353 2033 {⁸3¹2

85 2031 243 2107 mmlsffitsr
292 2025 370 2110 Quid
390 2029 499 2113 porrol
484 2025 562 2092 lUt
579 2028 615 2091 de
633 2028 693 2091 lilio
714 2047 882 2093 sermonem
901 2047 968 2092 esse
988 2046 1169 2112 cognoscas,
1193 2029 1246 2092 de·

88 2129 186 2215 inceps
212 2130 269 2194 ista
292 2130 439 2194 subiecit·
471 2135 583 2194 ducear't
598 2151 705 2192 omnem
729 2135 802 2192 mum
819 2136 971 2205 scientiae,
1000 2143 1032 2193 et
1049 2135 1129 2194 dedit
1152 2127 1293 2194 r'llnru.B
1271 2181 1294 2236 ⁸

91 2229 304 2318 Tumpostea·
334 2237 368 2296 Iu
391 2237 569 2296 terruerim
589 2245 647 2307 est,
671 2243 701 2294 et
720 2255 784 2296 curn
805 2236 964 2296 domandus
984 2245 1168 2296 commeatur
1188 2246 1241 2296 est.

87 2330 195 2402 Nonne
222 2335 297 2400 haec
326 2355 399 2400 vere
428 2335 464 2399 de
492 2334 542 2398 illo
571 2335 647 2398 dicta
678 2337 766 2400 suntl
800 2337 847 2420 qui
870 2346 901 2398 et
923 2337 960 2398 de
981 2345 1162 2400 setestatus
1185 2345 1243 2415 est,

88 2438 149 2516 Ego
170 2459 232 2500 esur
254 2443 370 2500 emtus.
897 2475 899 2480 ·
1253 2451 1330 2497 numm
1339 2453 1372 2509 rr
1379 2453 1401 2497 e.

170 2539 291 2606 atenim
309 2540 407 2619 dices,
431 2535 496 2603 Cur
512 2539 558 2603 dei
575 2539 651 2606 filius
668 2561 759 2606 verua
774 2539 900 2605 densita
916 2539 1063 2624 loquitur·
1090 2544 1245 2620 Uteogue·
1292 2541 1354 2608 Cam

89 2655 167 2706 mut
188 2655 217 2706 te
230 2645 321 2706 solam
336 2664 432 2706 omrem
446 2647 550 2704 &aaut
592 2640 643 2706 Ne
658 2642 773 2706 scilicet
791 2644 911 2708 deorum
937 2643 1006 2728 fingi
1026 2641 1110 2707 turba
1133 2651 1244 2726 posset,
1255 2609 1401 2730 ffii',

90 2765 125 2809 ue
144 2745 244 2810 vitalis
267 2744 445 2829 cognitionis
471 2745 628 2810 divortium
655 2745 743 2810 ullum
769 2746 864 2808 deret.
910 2743 1038 2810 Nam
1013 2767 1038 2810 su
1060 2756 1143 2830 pater
1164 2743 1247 2808 solus

92 2867 177 2913 verus
192 2849 267 2913 deus
283 2858 347 2927 est,
379 2868 469 2914 verus
487 2859 535 2912 est
559 2848 648 2912 etiam
671 2867 712 2910 ex
734 2858 818 2933 patre
840 2846 934 2925 filius,
966 2847 1122 2910 abeodem
1141 2865 1248 2910 revera

91 2951 216 3032 genitus.
264 2947 341 3016 Cum
361 2950 439 3014 euim
463 2949 539 3035 patri
554 2951 667 3029 dalert,
692 2969 817 3034 cumque
834 2951 928 3014 solum
950 2969 1054 3014 verum
1072 2951 1156 3014 deum
1179 2967 1248 3014 esse

92 3052 235 3132 declaret,
266 3051 397 3138 seipsum
417 3073 533 3136 quoque
552 3073 656 3116 verum
682 3063 800 3137 aputoe
821 3053 953 3137 genitum
972 3071 1040 3118 esse
1058 3052 1245 3115 monstrarit.

92 3150 237 3234 Quocirca
255 3175 345 3220 veras
364 3166 447 3241 pater
465 3155 611 3234 deusest,
635 3175 725 3220 verua
741 3155 825 3234 deus,
844 3165 875 3218 et
891 3153 1060 3239 uuigemtm
1075 3153 1163 3218 filius.
1188 3152 1248 3216 Sed

92 3258 234 3322 muman
250 3257 436 3344 comprobari
460 3257 539 3322 istud
559 3259 675 3344 puteali
719 3253 753 3322 Si
776 3257 911 3321 nimirum
933 3276 1025 3324 voees
1041 3256 1120 3341 ipsae
1136 3263 1249 3318 attente

92 3359 292 3445 perspexeris.
337 3358 489 3445 Siquidem
511 3361 566 3424 boe
589 3361 656 3424 loco
679 3371 793 3445 patrem
817 3359 912 3424 solum
937 3380 1042 3423 verum
1070 3359 1155 3422 deum
1181 3375 1249 3422 esse

93 3459 201 3528 definit.
246 3462 289 3528 At
308 3461 476 3528 iuloanuis
493 3463 666 3546 evaugelio,
697 3467 788 3538 Erat,
813 3462 923 3546 iuquit,
948 3465 1001 3524 lua
1021 3483 1098 3526 omn·
1146 3457 1427 3543 Quae-temate,v

92 3581 155 3626 uam
174 3585 248 3630 uera
264 3564 315 3630 illa
329 3565 383 3630 lux
397 3577 460 3644 est,
484 3575 690 3650 praeterquam
708 3565 877 3649 unigenitus
892 3565 988 3629 ilicet
1032 3566 1158 3630 Accedit
1172 3564 1249 3649 qued

92 3683 192 3731 sacrae
210 3668 316 3732 literae
335 3667 411 3732 huuc
429 3667 458 3732 in
475 3667 592 3731 modum
608 3668 643 3731 de
662 3669 717 3730 deo
733 3666 910 3751 loquunturr
940 3672 1008 3729 ere
1023 3680 1068 3730 ees
1085 3671 1172 3741 deus,
1197 3686 1250 3732 ne·

93 3787 164 3848 que,
196 3773 288 3844 Vero,
313 3768 473 3848 adiiciunt,
498 3770 544 3833 dei
566 3789 637 3834 vere
659 3768 750 3832 lilium
769 3789 871 3832 verum
894 3789 961 3832 esse
983 3770 1076 3833 lucem
1098 3779 1248 3834 asserunt

1295 2141 1385 2225 did&

92 3868 130 3932 At
146 3871 182 3936 de
204 3882 307 3955 patre,
342 3877 432 3934 Verus
449 3875 534 3946 deus,
560 3893 618 3936 uou
637 3871 725 3949 item,
758 3875 827 3934 Luc
846 3875 1072 3946 cerudeusest,
1096 3870 1247 3936 dixerunt.
1263 3883 1282 3928 1.
1276 3883 1374 3994 ¹⁸i⁸²

94 3965 163 4036 Cara
178 3984 279 4040 sutem
298 3973 333 4038 de
352 3973 411 4038 lilio
429 3975 604 4059 loquuntur,
634 3972 678 4039 sic
696 3993 765 4037 ease
786 3975 871 4038 deum
889 3975 1051 4053 affirmant,
1076 3985 1108 4038 ut
1125 3975 1162 4037 sd
1183 3969 1310 4038 illss'

93 4091 197 4155 rores,
230 4081 309 4140 Deus
326 4088 371 4138 est
379 4079 484 4158 fileae,
517 4075 581 4140 veri
604 4075 777 4141 uocabulum
801 4097 860 4140 nou
878 4075 1053 4140 adiecerint
1099 4073 1156 4142 Ubi
1178 4097 1251 4140 vero

125 4225 173 4278 cm
174 4229 363 4280 ..uxxxll
384 4228 404 4280 1.
425 4233 478 4281 Vos.
491 4225 654 4288 dodrantem
686 4229 820 4296 semrom).

93 4296 168 4350 Pstosn
193 4299 397 4362 basod-Ma.
414 4293 655 4382 mmrdeddtds
722 4297 904 4352 'arotmt
927 4293 1002 4352 edat·
1020 4291 1149 4354 dssu‘
1135 4297 1253 4368 οτιφῶς

95 4363 157 4445 (lose
175 4381 249 4429 supa
265 4381 323 4417 rasu
308 4367 390 4452 urum)
416 4361 447 4420 eil
448 4361 575 4451 ηθινός
561 4382 614 4419 ou
600 4363 655 4427 uide
688 4381 765 4418 eme
752 4369 803 4417 e.od
820 4369 916 4432 ltdedtg.

95 4425 226 4499 dimone
248 4431 334 4501 murno
358 4429 373 4490 d
394 4383 487 4495 uiden*
472 4451 486 4490 e
510 4431 654 4516 morte.
720 4434 747 4487 Β.
767 4437 842 4487 rata
855 4384 989 4490 aetola·
1003 4432 1189 4502 -ecetetmo
1205 4450 1251 4488 erm

95 4499 474 4571 mtmhmlrsltsrsssoqss
491 4505 655 4566 mutem
687 4505 853 4568 mansu.
919 4543 922 4548 -
