3168 4942
328 209 390 272 710
754 221 1062 274 εινοτιεειειιιιιιι

327 343 493 419 νοηθῆναις
522 335 593 402 Ἐάν
615 339 648 404 δέ
669 341 792 404 είποοσιν
812 337 874 418 ὅτι,
906 337 1010 416 Οῦτοις
1030 337 1152 405 άπαιτεῖ
1172 338 1205 407 τό
1227 337 1372 426 φρόνημα
1396 337 1495 416 δξετά·

327 445 404 518 ζειν,
426 440 548 524 λέγομεν
569 442 620 505 καί
642 438 742 519 αῦτολ,
775 440 896 506 Οῦκοῦν
916 443 1010 526 λέγετε
1031 439 1117 524 ἡμῖν,
1148 434 1173 507 ό
1195 435 1293 521 οὗτοι,
1313 439 1352 507 τά
1373 443 1498 507 femin

328 545 493 626 λογίζεσθε,
515 539 536 623 ἢ
557 538 593 607 τά
614 549 669 607 τοῦ
689 549 784 618 θεοῦ;
813 538 876 606 εἶτά
898 564 990 622 φασιν
1011 539 1063 623 άςί
1084 545 1214 622 έαντῦν,
1237 541 1279 620 τίς
1297 545 1439 628 λογικοί,
1461 543 1498 608 τά

329 650 383 708 τοῦ
404 649 479 708 θεοῦ
500 642 688 728 λογιζόμεθα.
736 643 834 709 Οῦδέν
856 636 912 709 οὖν
933 643 1092 710 διαλλάττει
1114 643 1188 721 θεός
1208 653 1261 727 τῆς
1282 641 1367 726 όμόν
1392 647 1495 722 Q,

329 742 450 826 φῦσεοός
477 770 508 809 τε
534 747 587 811 καλ
614 743 732 823 οόσίας,·
767 747 847 825 Ναί,
877 751 976 826 φασίν.
1020 749 1064 811 Et
1087 751 1191 812 τοίννν
1216 745 1375 810 διαλλάττει
1401 746 1498 826 φάτις

329 853 407 911 θεοῦ
427 844 509 931 παρά
531 845 585 928 τήν
606 843 692 930 ῦμῦν
713 846 821 926 φύσιν,
844 855 948 932 πρῶτα
969 849 1023 929 μέν
1044 845 1082 914 οῦ
1104 848 1228 914 δῦναται
1248 846 1270 930 ἦ
1288 845 1376 930 όμαῑν
1398 848 1498 929 φάσις

329 949 398 1034 περί
419 956 495 1014 θεοῦ
515 949 752 1031 καταλαμβάνειν
779 947 814 1014 τά
837 947 1044 1031 άκατάληπτα,
1075 948 1214 1034 δεῦτερον
1234 951 1283 1030 δέ,
1312 949 1358 1015 ότι
1381 949 1496 1032 άσεβές

329 1051 392 1116 ἔστι
406 1047 483 1116 θεόν
504 1047 556 1132 εἶφ’
577 1047 663 1133 ῦμοῦν
682 1048 897 1129 άπεικάζεσθαι
917 1049 993 1116 κατά
1014 1050 1068 1134 τὴν
1089 1049 1174 1134 ῦμοῦν
1194 1049 1307 1116 οόσίαν.
1349 1050 1405 1116 Ἐν
1422 1051 1495 1134 ἡμῖν

329 1150 386 1236 γάρ
408 1149 441 1217 τό
465 1149 507 1234 μὴ
529 1150 565 1217 όν
586 1160 738 1237 γεννᾶται,
770 1152 872 1235 ἐπειδὴ
894 1151 981 1219 αῦτολ
1003 1151 1059 1218 οῦκ
1080 1147 1157 1236 ἦμέν
1177 1179 1264 1234 ποτε,
1286 1155 1495 1240 γεγεννήμεθα

207 1268 315 1325 ματη.
330 1254 363 1319 δέ
384 1249 444 1318 άπό
467 1260 527 1319 τῶν
553 1251 639 1337 ἡμῶν
660 1256 810 1338 πατέρων,
842 1262 901 1320 νῦν
921 1258 972 1320 καλ
999 1253 1099 1320 αότολν
1120 1280 1192 1320 ποτε
1220 1254 1261 1338 μή
1283 1254 1494 1340 ὑπαρχόντων,

328 1358 380 1421 καί
401 1358 432 1433 έξ
453 1353 590 1439 ὑπαρχῆς
612 1353 678 1440 όγρι
700 1363 753 1421 τοῦ
773 1354 866 1437 Ἀδάμ
888 1359 1073 1439 διαληπτέον.
1116 1357 1209 1440 ’Λδάμ
1232 1359 1264 1422 δέ
1285 1355 1347 1423 άπό
1363 1367 1425 1439 τῆς
1440 1367 1496 1446 γῆς

330 1458 460 1543 ἐγένετο,
483 1455 538 1522 οῦκ
561 1455 602 1522 όίν
624 1483 711 1534 ποτε,
733 1455 754 1540 ἡ
775 1459 809 1522 δέ
829 1465 867 1543 γῆ
889 1459 1002 1543 ἐγένετο
1024 1461 1055 1536 έξ
1076 1457 1133 1526 οόκ
1154 1457 1266 1537 ὄντων,
1296 1459 1342 1525 ότι
1368 1459 1433 1526 οὖα
1456 1453 1495 1542 ἦν

329 1559 392 1638 όιελ,
413 1557 488 1634 θεός
508 1557 542 1624 δέ
562 1557 659 1643 πατὴρ
680 1553 720 1642 ἦν
742 1557 804 1637 άελ,
826 1561 875 1624 καί
899 1557 1004 1636 όποῖος
1024 1553 1063 1643 ἦν
1078 1569 1115 1651 τῇ
1129 1560 1236 1641 φύσει,
1258 1569 1399 1628 τοιοῦτον
1416 1565 1496 1649 έτγότε

328 1680 400 1744 νησε
419 1657 471 1726 τόν
492 1661 568 1727 νλόν.
611 1660 763 1747 Ἰδγέινησε
786 1661 818 1727 δὲ
839 1659 931 1728 αὐτόν
951 1658 999 1728 αἐλ
1021 1661 1110 1742 όντα,
1140 1660 1177 1728 οῦ
1198 1662 1404 1744 σννάδιλφον,
1436 1663 1495 1728 ἄλλ’

329 1765 360 1840 έξ
382 1759 475 1829 αὐτοῦ
496 1765 722 1849 γεγεννημένον,
744 1762 852 1844 ὅμοιον
874 1761 955 1852 αότρῦ
974 1763 1049 1830 κατά
1068 1765 1175 1846 φύσιν,
1196 1767 1304 1850 κόριον
1318 1768 1353 1831 έτ
1370 1771 1495 1852 τυρίον,

329 1862 405 1930 θεόν
426 1867 459 1930 έκ
479 1873 572 1944 θεοῦ,
597 1863 672 1931 θεόν
694 1863 841 1946 ν’ληθινόν
861 1868 895 1932 έκ
916 1873 992 1932 θεοῦ
1015 1866 1173 1950 ἀληθινοῦ.
1218 1870 1279 1932 Καί
1300 1863 1396 1934 όποῖα
1418 1873 1492 1953 λαγί·

331 1971 407 2044 ζειαί
423 1989 469 2042 τις
483 1971 553 2052 περί
567 1965 696 2051 πατρός,
719 1966 797 2034 οῦτοι
818 1969 869 2034 καί
891 1971 960 2052 περί
980 1972 1050 2034 νίοῦ
1064 1969 1227 2055 λογιστέον·
1249 1967 1343 2034 όποῐα
1360 1969 1496 2034 πιστεύει

331 2069 400 2153 περί
420 2075 474 2133 τοῦ
495 2071 582 2149 νίοῦ,
604 2067 685 2134 οῦτοι
706 2071 756 2146 είς
770 2067 822 2136 τόν
843 2073 956 2154 πατέρα
976 2067 1109 2156 ἡγητέον.
1156 2071 1243 2137 Οῦτοο
1264 2069 1321 2156 γάρ
1345 2095 1443 2153 φησι,
1462 2069 1496 2136 Ὁ

331 2167 374 2252 μὴ
394 2168 544 2236 πιστεῦον
565 2173 607 2247 είς
627 2169 680 2237 τόν
701 2171 769 2237 οίόν
791 2170 832 2250 οἱς
853 2171 982 2238 πιστεόει
1003 2175 1045 2249 είς
1064 2171 1117 2238 τόν
1133 2176 1261 2258 πατέρα,
1283 2176 1334 2238 ταί
1354 2181 1431 2261 τιμᾷ
1444 2173 1496 2238 τόν

331 2270 399 2338 νίόν
420 2269 462 2348 οός
488 2277 561 2360 τιμᾷ
587 2270 639 2337 τόν
664 2276 793 2358 πατέρα,
827 2271 849 2357 ἡ
870 2271 945 2359 όργή
966 2283 1020 2340 τοῦ
1041 2283 1118 2340 θεοῦ
1140 2276 1221 2358 μένει
1243 2273 1289 2340 ἐπ’
1309 2272 1423 2342 αῦτόν·
1456 2273 1497 2350 τίς

331 2375 388 2456 ἔχει
408 2371 441 2439 τό
462 2381 549 2440 θεῖον
570 2372 746 2460 εῦαγγέλιον.
791 2378 851 2440 Καί
873 2377 988 2442 διέπεσε
1008 2375 1098 2442 πάλιν
1124 2375 1146 2459 ἦ
1167 2373 1267 2442 αῦτῦν
1287 2383 1495 2462 σολλογιστιιη

331 2474 458 2542 διάνοια.
504 2475 579 2552 Θεός
601 2475 657 2561 γάρ
680 2475 886 2560 άιιατάληπτος
908 2476 952 2543 οῦν
965 2476 1042 2543 θεόν
1058 2476 1264 2559 αἰιατάληπτον
1280 2480 1421 2564 ἐγέννησε
1436 2480 1495 2564 πρό

331 2575 452 2644 πάντων
472 2585 533 2644 τῶν
554 2577 688 2658 αίοίναν,
711 2580 761 2643 καί
783 2577 842 2662 πρό
864 2578 994 2665 χρόνον,
1019 2583 1070 2645 καί
1092 2577 1148 2645 οότ
1169 2583 1229 2646 ἔστι
1251 2579 1405 2664 διάστημα
1428 2581 1494 2646 ἄνα

331 2681 421 2761 μέσον
441 2683 511 2746 νίοῦ
533 2681 582 2746 καί
605 2677 733 2766 πατρός·
756 2678 817 2745 ἀλλ’
832 2679 893 2763 ἅμα
915 2691 992 2758 νοεῖς
1007 2684 1135 2767 πατέρα,
1158 2681 1220 2765 ἅμα
1234 2691 1316 2758 νοεῖς
1330 2681 1411 2762 utar,
1433 2681 1497 2764 άμι

331 2778 481 2863 ὀνομάζεις
509 2779 593 2862 νίόν,
626 2780 689 2866 ῦμα
711 2780 855 2859 δεικνύεις
875 2785 997 2869 πατέρα.
1037 2783 1114 2849 Ἀπδ
1138 2783 1192 2871 γάρ
1215 2791 1269 2850 τοῦ
1290 2783 1409 2869 πατρός
1431 2784 1496 2862 τλάς

330 2889 456 2961 νοεῖται,
484 2885 537 2949 καί
558 2880 620 2951 άπδ
645 2887 715 2950 οίοῦ
736 2882 833 2968 πατὴρ
857 2887 1036 2970 γινοίσιιεται.
1083 2884 1192 2952 Πόθεν
1212 2885 1269 2972 γάρ
1293 2885 1379 2966 νίδς,
1408 2891 1439 2952 εί
1456 2889 1495 2968 μὴ

331 2984 445 3069 πατέρα
465 2985 537 3066 ἔχεις
559 2989 610 3051 καί
633 2985 731 3052 πόθεν
747 2984 861 3070 πατὴρ,
884 2990 911 3052 εί
932 2987 973 3070 μή
996 2989 1131 3072 ἐγέννησε
1153 2987 1206 3054 τόν
1222 2997 1390 3074 μονογενῆς
1416 2989 1495 3055 Πότε

330 3083 387 3170 γάρ
412 3085 535 3152 δόναται
565 3086 607 3170 μὴ
632 3095 788 3153 καλεῖσθαι
816 3086 914 3175 πατὴρ
941 3090 1054 3174 πατὴρ,
1087 3089 1109 3172 ἢ
1135 3089 1203 3166 ολδς
1228 3089 1313 3169 νίός,
1345 3095 1402 3156 ίνιι
1422 3093 1495 3168 τινὲς

330 3185 461 3268 νοήσασα
481 3190 593 3274 πατέρα
615 3189 685 3255 όνεν
706 3193 791 3269 νλοῦ,
813 3191 863 3254 καί
885 3189 1010 3276 ῦστερον
1024 3189 1065 3267 τίς
1081 3195 1123 3268 είς
1140 3190 1302 3276 προκοπὴν
1317 3193 1492 3276 ἐληλυθότα,

330 3287 383 3352 καί
403 3287 597 3373 γεγεννηκότα
623 3290 675 3356 τόν
695 3289 778 3368 νίόν,
808 3294 859 3356 ἵνα
880 3290 953 3374 μετά
974 3291 1008 3358 τό
1031 3294 1162 3378 γέννημα
1183 3300 1283 3382 κληθῇ
1304 3294 1408 3378 πατὴρ
1428 3299 1494 3360 νίοῦ

332 3385 349 3454 ό
371 3389 483 3474 πατὴρ,
514 3391 694 3475 προκόπτων
715 3396 747 3459 έν
768 3419 803 3483 τη
825 3393 963 3478 θεότητι,
992 3392 1140 3473 διίλειος
1166 3399 1218 3462 καί
1240 3397 1317 3480 μηδέ
1338 3421 1413 3462 ποτε
1434 3399 1493 3462 ἐπι·

331 3486 470 3574 δεόμενος
490 3492 678 3572 τελειάσεας,·

84 4113 87 4118 ·
203 4107 271 4176 Κεφ.
284 4106 313 4162 α’.
417 4098 515 4167 Πόλιν
533 4102 566 4168 δέ
579 4108 824 4187 προφασίζονται,
846 4102 880 4171 τδ
902 4103 1016 4170 ίατικόν
1033 4111 1121 4172 τοῦτο
1137 4102 1303 4190 φάρμακον
1326 4110 1377 4174 καί
1401 4130 1487 4186 σοιν

331 4203 438 4282 ριοόδες
451 4199 604 4268 άντίδοτον
617 4202 670 4286 ἀφ’
685 4207 798 4288 έαντῦν
814 4205 1037 4291 ἀποβάλλεσθαι
1054 4206 1247 4291 βουλόμενοι,
1269 4208 1304 4274 τό
1324 4212 1487 4294 στερέμνιον

330 4306 383 4380 τῆς
399 4306 524 4379 πίστεως
539 4312 592 4387 τῆς
610 4303 695 4390 άγίας
710 4315 764 4372 τοῦ
778 4315 855 4374 θεοῦ
876 4311 1045 4391 ἐκκλησίας,
1072 4311 1219 4394 λέγοντες,
1252 4309 1365 4376 Πόθεν
1385 4309 1420 4378 τό
1438 4317 1485 4390 τῆς
