3176 4930
395 249 531 302 rausuu
548 250 611 302 mu
627 251 658 304 u.
675 248 758 302 uon.
772 252 792 302 1.
809 249 910 302 naeu.
925 250 1017 300 cxlv.
1222 235 1283 300 ιιι

125 391 195 432 cern
214 375 341 452 corporis
361 371 512 434 rinbem'tlo.
559 370 604 434 Ad
623 373 710 434 haee:
736 375 803 434 Scio
817 374 954 434 hommem
974 375 1003 432 t'n
1021 372 1133 432 Chre'eto
1151 381 1218 432 cute
1233 391 1285 432 on·
1296 381 1409 436 accola,
1416 383 1436 426 ι.

125 495 180 534 nor
201 477 428 554 quatuordecem,
451 478 511 536 eice
535 477 564 534 in
588 495 706 554 corpore
728 479 838 548 nescio,
862 479 921 535 aine
947 484 1032 534 estre
1052 493 1155 554 corpas
1175 476 1280 536 necere.

127 569 221 639 Item:
261 579 312 638 Sic
336 578 437 638 debent
455 581 513 638 mhi
533 579 653 656 diligere
675 599 780 640 macres
803 597 886 650 suaa,
917 587 1048 656 tunquam
1074 597 1126 638 cuo
1148 595 1277 656 empore.
1296 587 1354 645 Eub·
1369 589 1390 648 ι,
1404 589 1437 632 ²⁸·

126 673 306 740 Praeterea:
336 683 402 759 Ipse
421 691 513 740 ortem
532 683 601 740 deus
618 684 701 762 poca'a
721 681 880 760 euaehfleet
902 699 951 740 aes
970 682 1100 759 pentem,
1124 690 1153 740 et
1173 683 1284 759 integer
1298 673 1411 770 ¹·5'f}{⁵⁸·

126 791 221 842 cester
234 785 370 862 opimitate,
395 792 425 844 et
437 786 531 844 omina
547 793 575 842 et
591 803 694 862 cerpus
709 786 771 844 athe
788 785 904 864 querele
922 786 951 842 in
969 785 1091 844 adventa
1110 784 1218 844 domini
1235 803 1286 850 ne·
1328 759 1335 783 ’
1494 783 1496 788 ’

127 887 187 946 stri
200 887 266 947 Iesu
284 885 396 946 Christ·
411 897 549 946 servetur.
596 883 703 968 Atqui
725 884 796 948 nihil
819 884 921 948 horum
947 893 1085 948 accurate
1106 882 1284 968 intelligunt,

127 985 269 1050 fluctuare
293 986 457 1072 apostolum
484 1007 518 1050 ac
542 987 709 1072 perturbate
737 987 808 1050 lerri
833 986 1016 1064 iudicarunt,
1046 997 1181 1069 tauquam
1208 986 1286 1050 illius

127 1107 235 1152 sensus
253 1109 288 1154 ae
304 1089 461 1154 verborum
478 1089 643 1154 sententiae
667 1090 825 1154 stabilitate
848 1089 1043 1174 firmitateqoe
1065 1087 1181 1175 penitus
1203 1109 1287 1154 care·

125 1202 213 1270 rent,
237 1211 330 1276 eaque
349 1192 550 1274 pronuntiaret
567 1211 640 1276 quae
656 1191 779 1256 subinde
796 1201 1046 1271 retractarentur,
1071 1192 1119 1256 vel
1139 1191 1285 1256 interdum

126 1311 288 1379 resurgere
311 1314 448 1375 carnem,
471 1295 617 1359 interdum
642 1317 700 1360 uon
723 1315 893 1380 resurgere.

215 1495 414 1580 Quamobrem
440 1521 477 1564 ue
503 1501 551 1564 vel
575 1500 693 1564 minima
720 1521 790 1586 pars
816 1521 917 1566 eorum
945 1519 1019 1583 quae
1045 1499 1192 1585 proposita
1218 1507 1288 1562 sunt
1306 1501 1428 1569 Cup-LV·

127 1603 395 1686 praetermittatur,
419 1614 505 1687 atque
523 1613 554 1667 ut
574 1604 696 1689 hydram
717 1603 810 1688 ipsam
832 1603 953 1666 omnino
975 1601 1176 1682 succidamus,
1200 1602 1237 1666 ad
1258 1602 1287 1666 id

128 1703 207 1787 quad
225 1715 289 1768 erat
305 1706 484 1791 propositum
503 1717 648 1770 reverter.
694 1703 843 1790 Deinceps
862 1705 957 1784 enim,
981 1716 1013 1770 ut
1035 1705 1233 1783 ostendimus,
1258 1714 1288 1768 et

127 1805 159 1868 in
175 1804 241 1870 aliis
259 1807 432 1891 quibusdam
448 1808 591 1893 capitibus
607 1807 816 1874 dubitationem
834 1818 966 1872 movent.
1013 1803 1114 1892 ltaque
1134 1807 1221 1872 simul
1243 1818 1288 1870 at·

128 1928 185 1992 que
203 1908 446 1974 demonstravero
471 1931 612 1995 quaenam
633 1912 777 1976 adversus
802 1911 850 1976 illa
873 1909 997 1996 proponi
1021 1911 1163 1990 debeant,
1193 1911 1286 1996 palam

126 2010 207 2074 istud
229 2012 351 2091 faciam,
375 2013 412 2076 de
427 2012 655 2078 resurrectionis
670 2015 768 2079 carnis
783 2013 839 2080 ete
855 2023 1053 2078 consentanea
1069 2013 1149 2078 illum
1166 2033 1201 2076 ae
1217 2034 1288 2077 eun·

128 2114 286 2196 sequeutia
306 2115 430 2180 dixisse.
476 2113 607 2180 Primum
623 2117 713 2201 igitur
726 2116 763 2180 ad
777 2116 826 2180 illa
841 2117 994 2180 veniamus
1009 2137 1085 2201 quae
1100 2116 1137 2180 de
1153 2116 1287 2202 apostolo

126 2214 298 2280 iniecimus.
341 2216 419 2282 Nam
442 2219 518 2303 quod
538 2219 574 2282 ab
598 2239 634 2282 eo
656 2229 743 2282 autea
763 2217 871 2283 dictum
895 2229 959 2296 est,
989 2223 1054 2300 Ege
1077 2241 1142 2282 nero
1165 2221 1287 2282 vinetum
1300 2235 1397 2293 aona,
1407 2235 1428 2280 ι.

127 2323 192 2380 sine
209 2321 273 2400 tege
287 2324 455 2404 ah'pucndn,
480 2322 571 2386 vitam
587 2321 665 2386 illam
683 2323 812 2386 ostendit
833 2343 918 2405 quam
933 2321 963 2384 iu
982 2322 1082 2406 primis
1105 2321 1215 2386 nostris
1238 2343 1289 2406 pa·

129 2421 266 2486 rentibus
282 2435 350 2487 aute
367 2435 567 2510 praeceptum,
592 2435 624 2488 ut
641 2424 724 2488 initio
743 2424 906 2504 docuimus,
932 2424 961 2487 iu
975 2421 1119 2488 Paradiso
1136 2423 1287 2506 eluimus,

130 2547 191 2592 auu
207 2539 293 2592 extra
307 2549 427 2613 eorpus,
445 2528 497 2591 aed
512 2526 543 2590 iu
559 2547 682 2612 corpore
696 2527 789 2590 luisse
803 2535 992 2592 transactam.
1017 2526 1098 2590 Ante
1109 2527 1187 2592 euim
1201 2548 1287 2612 quam

131 2629 259 2695 edictum
279 2631 411 2709 daretur,
436 2630 504 2694 limo
520 2631 556 2693 de
573 2640 652 2693 ter'ra
671 2641 785 2714 sumpto
804 2628 952 2692 homiaem
970 2630 1095 2708 effinxit,
1119 2649 1154 2692 ac
1170 2639 1231 2694 bum
1250 2631 1287 2694 ab

130 2733 211 2796 omui
225 2732 381 2819 eupiditate
395 2733 513 2796 liberari
525 2731 713 2812 vivebamus,
732 2753 798 2796 cum
810 2732 927 2796 ratione
940 2732 1098 2796 destitutae
1107 2732 1287 2818 cupiditatis,

128 2856 207 2920 quae
222 2857 278 2900 ans
296 2835 411 2899 blandis
430 2835 611 2918 voluptatum
631 2834 779 2898 illecebris
799 2834 834 2900 ad
851 2834 998 2898 libidinem
1017 2834 1155 2920 impellit,
1180 2856 1218 2898 ue
1237 2857 1289 2898 no·

129 2938 227 3002 titiam
244 2937 359 3022 quidem
376 2937 564 3002 haberemus.
609 2935 688 3000 Nam
711 2939 787 3022 quod
809 2947 889 3001 certa
911 2958 946 3000 ac
965 2938 1084 3002 definita
1105 2937 1171 3022 lege
1193 2948 1285 3018 curet,

130 3039 167 3104 ad
183 3061 270 3125 quam
286 3041 509 3105 accommodare
524 3041 614 3104 vitam
630 3051 777 3125 oporteat,
802 3060 896 3124 neque
913 3040 1006 3104 libera
1019 3039 1134 3104 arbitrii
1152 3041 1288 3104 facultate

130 3143 295 3229 praeditum
310 3153 368 3221 est,
388 3153 420 3205 ut
430 3143 465 3206 ad
478 3145 554 3227 quod
569 3144 642 3206 velit
656 3163 689 3206 se
700 3143 818 3208 vivendi
828 3163 922 3228 genus
934 3142 1070 3227 applicet,
1091 3163 1132 3207 ex
1147 3165 1204 3228 quo
1221 3163 1289 3229 pro·

131 3246 199 3331 pria
215 3246 356 3309 bonorem
370 3245 417 3310 vel
433 3246 679 3330 vituperationem
692 3257 854 3323 mereatur,
874 3255 961 3308 extra
972 3266 1088 3308 omnem
1106 3266 1173 3310 esse
1188 3266 1290 3331 repre·

131 3349 306 3414 hensiouem
323 3349 445 3414 concedi
466 3369 590 3412 necesse
610 3359 674 3428 est3
698 3347 931 3432 quandoquidem
949 3369 985 3412 ea
1002 3349 1212 3434 concupiscere
1229 3369 1288 3412 uon

130 3461 230 3537 potest
242 3451 346 3536 quibus
356 3450 411 3537 ipsi
424 3471 482 3516 uon
497 3450 585 3516 luerit
596 3451 794 3514 interdictum.
820 3447 944 3533 Quodsi
958 3451 1172 3537 concupiverit,
1190 3462 1289 3515 tamen

131 3575 193 3618 nou
211 3553 241 3616 id
252 3553 280 3616 ei
292 3554 406 3617 crimini
419 3564 564 3618 vertetur.
611 3550 831 3639 Concupisoere
854 3553 958 3638 quippe
975 3575 1034 3616 uon
1051 3555 1086 3618 ad
1107 3575 1142 3618 ea
1161 3555 1290 3632 retertur

132 3677 209 3742 quae
221 3657 338 3734 adsunt,
358 3676 489 3740 quaeque
505 3655 643 3741 potestati
657 3667 777 3720 nushae
791 3655 955 3734 subiacent,
975 3657 1028 3718 sed
1044 3657 1079 3719 ad
1096 3677 1131 3719 ea
1147 3656 1290 3720 donmuat

132 3778 208 3844 quae
222 3757 263 3822 ita
277 3759 394 3836 adsunt,
415 3769 444 3822 ιι
459 3759 488 3820 in
505 3759 642 3822 laerdtate
656 3769 758 3822 nostra
775 3757 893 3822 minime
906 3759 966 3822 sint
980 3759 1085 3843 positu.
1112 3755 1198 3840 Quod
1210 3758 1288 3821 euim

131 3859 221 3924 alieni
246 3880 342 3947 neque
365 3869 412 3924 est
431 3863 571 3942 vetitum,
596 3881 692 3946 neque
715 3861 765 3924 illo
788 3861 813 3924 is
831 3859 960 3945 indiget,
985 3862 1129 3945 quomodo
1152 3871 1290 3945 appetere

130 3963 205 4028 illud
232 3983 267 4026 ae
290 3961 412 4048 diligere
438 3967 554 4049 potest?
598 3961 747 4046 Quocirca
772 3963 912 4047 scriptum
938 3975 1001 4028 est:
1034 3968 1430 4050 Concupa'ceeete‘unnm,a,

131 4148 590 4218 (m9.912mn0mm9.1653.).
625 4153 694 4214 (tunel
727 4165 757 4216 po
775 4149 816 4202 tau
834 4149 906 4211 ἰδίως
922 4143 941 4217 ἦ
958 4152 1066 4220 τιμηθῇ.

126 4224 210 4284 placet
229 4221 344 4270 Gutohero
361 4223 409 4270 tt
765 4219 803 4272 13.
821 4219 920 4272 λεκτέοι
938 4223 989 4271 ooth
1005 4223 1081 4272 tenet
1114 4220 1224 4275 hexados
1237 4225 1289 4272 cod.

176 4289 217 4340 ll.
242 4287 306 4356 ποίῳ
331 4291 374 4342 δεῖ
393 4287 507 4357 χρῆσθαι
531 4283 696 4354 πολιτεύματι
729 4289 827 4351 lthedtp.
852 4294 874 4338 et
898 4289 954 4338 editt
977 4291 1037 4338 tttrt.
1085 4289 1199 4343 λέλεκται
1223 4291 1291 4342 habet

130 4360 233 4411 Photide
250 4360 296 4407 tt.
729 4357 834 4408 Phottna.
868 4354 970 4410 διιτέον
986 4360 1076 4419 ptuectt
1090 4361 1195 4410 Petcvlo

170 4425 210 4480 rt.
228 4425 269 4478 tvo
281 4415 418 4490 ιικαίωςῆ
434 4441 496 4492 ripn
521 4423 533 4438 ”
548 4427 644 4477 Phnttes
655 4429 695 4476 tt.
766 4422 805 4478 tt.
823 4419 917 4478 aciaco
933 4441 971 4486 τις
987 4423 1145 4493 ἐπιθυμῆσαι
1161 4429 1265 4480 Phellos.

129 4493 174 4550 tm
190 4493 319 4561 δααιωὲιῆ
332 4484 351 4558 ἦ
366 4492 466 4561 τιμηθῇ
543 4496 619 4546 Vena.
641 4497 696 4546 Vat-
