3186 4928
333 233 395 298 368
756 243 880 296 emen
897 241 1067 298 αιιειιιιιιι

334 369 455 441 πιστοῦ,
484 367 543 428 τοῖν
568 361 622 444 μέν
644 362 903 448 ἐγειρομένονείς
928 361 1006 444 ζωήν
1029 357 1168 441 αίοίνιον,
1195 367 1257 428 τοῖν
1275 361 1310 426 δέ
1331 362 1372 437 τίς
1393 363 1494 446 κρίσει

335 462 463 531 αίιόνιον.

207 587 275 654 κςφ,
287 586 319 640 0¹,
421 568 482 632 Καί
505 565 602 634 σιοίπα
618 563 779 650 Βαβνλιδν,
801 563 822 649 ή
840 564 946 652 ἀρχαία
965 564 1053 633 πόλιν
1067 563 1144 648 ήμῖν-
1157 564 1403 647 ἀνακαινιζομέη
1425 563 1496 649 σόγ-

198 667 250 712 ¹¹⁸¹·
263 653 309 698 ⁶⁰¹·
340 691 430 752 χυσις.
477 673 642 752 Πεφίμωσο
662 668 801 750 Σόδομα,
831 671 881 734 καί
903 666 926 751 ή
947 677 1004 752 τῆς
1018 676 1129 751 πολλῇς
1148 691 1204 734 σου
1228 667 1397 750 δεινότητος
1418 666 1497 752 πρός

333 771 408 837 θεόν
424 769 539 856 κραυγή
558 768 748 854 ἀνερχομένη·
771 769 857 848 Ἥξει
873 770 930 857 γάρ
950 775 983 838 ἐκ
999 769 1083 838 Σιοδν
1100 767 1118 837 ό
1135 771 1282 856 δυόμενος
1303 767 1494 854 ἀποστρέψαι

335 872 468 958 ἀσεβείας
488 871 550 940 ἀπό
566 871 685 956 Ἰακώβ,
707 875 758 938 καί
778 877 924 952 σαλπίσει,
948 877 998 940 καί
1020 877 1058 940 οίΙ
1070 875 1170 958 νεαροὶ
1189 872 1421 957 ἀναστήσονται,
1445 873 1497 936 καί

333 974 419 1059 ἡμεῖς
439 974 676 1062 ἁρπαγησόμεθα
698 980 740 1052 είς
760 973 938 1058 συνάντησιν
959 975 1039 1066 αὐτῷ
1055 973 1202 1060 εἰςιάέρα.
1242 973 1296 1052 Ὡς
1317 972 1408 1040 καλό
1428 983 1498 1042 καδ-

332 1083 403 1144 λίων
417 1083 580 1164 μακαρίτης
596 1077 757 1155 Μεθόδιος
773 1075 851 1143 εῖπι·
873 1087 935 1156 τοῖς
951 1080 983 1145 δέ
999 1079 1103 1156 αιἰτοῖς
1121 1081 1172 1146 καί
1190 1076 1275 1144 αάτοί
1298 1081 1498 1162 οἰκοδομοῦν-

334 1207 382 1258 τες
394 1180 633 1267 προςεθήκαμεν.
674 1179 748 1246 'Ano'
765 1179 820 1268 γάρ
834 1188 894 1246 ταῖν
909 1183 1145 1268 συνεζευγμένων
1160 1180 1284 1264 έκάστης
1296 1181 1402 1258 λέξεως
1416 1182 1499 1246 ἐστιν

335 1289 409 1351 ἐδεῖν
423 1282 460 1350 τό
479 1287 640 1370 ιἐπίχειρα.
684 1290 818 1370 Διαιριῖν
833 1281 891 1370 γάρ
908 1281 926 1350 ό
941 1283 1027 1370 ἀγιος
1040 1282 1207 1361 ἀπόστολος
1221 1292 1281 1350 τοῖν
1294 1281 1351 1348 δόο
1374 1281 1500 1368 τρόπων

213 1423 217 1430 -
335 1387 367 1454 τό
391 1384 470 1462 είδος
491 1389 532 1463 είς
548 1389 619 1469 μίαν
638 1389 741 1454 ἐλπίδα
758 1385 939 1472 συνήγαγεν,
961 1385 1021 1454 ἀπό
1038 1395 1109 1467 τοῦ,
1135 1385 1234 1471 Ἡμεῖς
1256 1383 1500 1470 ἁρπαγησόμεθα

336 1494 367 1558 ἐν
383 1490 521 1570 νεφέλαις
545 1491 586 1565 είς
602 1491 778 1574 συνάντησιν
802 1487 913 1568 αότοῦ,
939 1493 991 1556 ῖνα
1012 1493 1095 1580 δείξη
1117 1487 1210 1568 ὅντως
1232 1497 1320 1556 τοῦτο
1341 1487 1375 1554 τό
1398 1495 1500 1571 σᾶμα,

336 1594 387 1658 καλ
405 1589 459 1676 οάχ
480 1595 580 1676 ἕτερον
596 1589 678 1677 παρά
695 1599 781 1658 τοῦτο
804 1588 835 1673 (ό
853 1589 909 1677 γάρ
927 1589 1070 1678 ἀρπαγείς
1091 1590 1176 1660 οίίπω
1196 1595 1349 1675 τέθνηκε),
1376 1589 1502 1666 δεικνδς

338 1697 370 1762 δέ
387 1694 434 1761 ότι
450 1691 486 1760 οά
501 1693 661 1777 φθάσομεν
676 1693 730 1777 τήν
745 1702 805 1760 ταῖν
821 1701 934 1778 νεκροῐν
950 1693 1122 1774 ἀνάστασιν,
1149 1699 1201 1760 ’ίνα
1217 1693 1251 1760 ’τό
1269 1691 1352 1780 παρά
1373 1693 1501 1777 ατθριιί-

338 1823 407 1873 ποις
428 1795 543 1884 ἄπορον
566 1804 629 1886 θεῷ
655 1795 830 1882 εὐπόριστον
852 1799 904 1862 καί
925 1796 1054 1864 δυνατόν
1076 1795 1226 1887 ἀποδείξη.
1268 1793 1367 1880 Ἡμεῖς
1388 1792 1449 1882 γάρ
1465 1798 1504 1860 ὀί

337 1907 442 1979 ζοῖντες
456 1899 494 1966 οὐ
513 1899 555 1982 μή
575 1897 743 1983 φθάσωμεν
756 1897 828 1975 τοός
843 1902 1093 1984 κεκοιμημένους,
1115 1901 1166 1966 καί
1182 1898 1237 1982 τήν
1254 1895 1355 1966 αότοῖν
1371 1895 1502 1964 ἀνέστα-

338 2025 397 2068 σιν·
420 2005 511 2078 ἔδειξε
525 2001 596 2078 τιός
608 2007 720 2080 ζοῖντας
733 2004 784 2068 καὶ
799 1997 1038 2086 ἁρπαζομένους,
1060 2006 1110 2069 ἰ’να
1126 1999 1187 2070 ἀπό
1203 2009 1263 2068 τοῖν
1279 1998 1397 2081 ζωόντων
1414 2003 1502 2089 δείξῃ

338 2104 375 2170 τά
392 2108 513 2170 ἐκείνων
529 2107 651 2187 στόματα
667 2101 807 2191 ὁλοσχερῆ
830 2104 1013 2190 ἐγειρόμενα,
1035 2105 1087 2172 καί
1106 2102 1166 2172 α’πό
1186 2111 1240 2170 τοῦ
1260 2105 1395 2178 ἐκείνους
1414 2127 1503 2190 πρω-

339 2207 434 2274 τεόειν
460 2214 519 2274 ταῖν
545 2207 792 2291 περιλειπομένων
817 2206 932 2284 ζεόντων
954 2204 989 2272 τό
1012 2206 1141 2275 δυνατόν
1163 2213 1218 2273 τοῦ
1242 2212 1318 2272 θεοῦ
1340 2201 1502 2294 ἀποδείξῃ.

272 2375 277 2386 ,
341 2313 404 2376 Καὶ
422 2307 508 2396 όρῖιτε
526 2313 558 2376 οί
572 2313 625 2392 τῆς
641 2311 754 2376 ἐαυτοῖν
772 2315 849 2392 ζωής
867 2309 1084 2392 ἐπιμελόμενοι,
1106 2309 1152 2375 δτι
1168 2308 1276 2384 πάντες
1296 2311 1328 2374 οῖ
1345 2307 1424 2373 κατά
1447 2315 1503 2391 τῆς

340 2412 482 2496 ἀληθείας
501 2414 667 2496 ἐνεχθέντες
683 2413 799 2486 ἑαυτοῖς
819 2410 874 2494 τήν
897 2409 1014 2480 ἀδικίαν
1029 2417 1288 2499 προςεπορίσαντο.
1330 2407 1385 2486 Ὡς
1405 2412 1463 2476 καί
1485 2405 1504 2474 ό

340 2515 425 2602 ἅγιος
447 2513 604 2602 προφήτης
621 2516 719 2597 Δαβίδ
740 2515 830 2599 λέγει,
858 2516 1011 2598 Συνίλαβε
1031 2514 1142 2594 πόνον,
1168 2517 1220 2582 καί
1239 2516 1337 2580 ίτικεν
1359 2509 1504 2595 ἀνομίαν.
1581 2527 1582 2594 λ

343 2625 411 2694 Πᾶς
432 2617 489 2704 γάρ
512 2615 530 2685 ό
551 2620 646 2708 ἐαυτῷ
671 2615 808 2702 συνάγων
830 2613 883 2682 τόν
906 2615 1001 2684 πόνον
1026 2624 1084 2684 τοῖν
1109 2615 1267 2703 ἀλλοτρίων
1289 2613 1505 2698 διανοημάτων

342 2723 436 2808 ἐαυτῷ
455 2725 545 2786 τίκτει
562 2718 617 2802 τήν
637 2717 755 2786 ἀδικίαν
776 2720 828 2784 καὶ
846 2727 910 2796 τοῖς
925 2721 1126 2802 πειθομένοις.
1169 2718 1297 2786 Λάκκον
1314 2715 1426 2803 ἀρνξε,
1451 2717 1504 2782 καί
1581 2759 1582 2792 η

342 2821 509 2906 ἀνέσκαψεν
524 2818 623 2902 αότόν,
645 2823 695 2887 καλ
711 2824 876 2904 ἐμπεσεῖται
889 2824 931 2898 είς
945 2820 1064 2908 βόθρον
1077 2821 1291 2910 δνεέργάσατο.
1322 2817 1408 2884 ’Am
1423 2819 1505 2906 πρός
1581 2821 1582 2842 ³

341 2933 432 2992 ταῦτα
449 2922 547 2990 πάντα
569 2927 599 2990 εί
611 2951 655 3000 τις
673 2925 731 3007 έχει
746 2919 921 3009 ἀντιλέγειν,
947 2921 1043 3007 ήιιέτω
1065 2927 1116 2992 ἐπί
1133 2932 1174 3014 τρῖ
1192 2931 1274 3014 θεῷ,
1295 2921 1505 3008 ἀντιπράττων

344 3029 492 3110 ἐκαμέτω.
539 3024 615 3103 Θεός
631 3024 686 3112 γόρ
707 3023 825 3112 ίσχυρδς
840 3025 878 3092 οό
892 3023 1045 3107 κοπιάσει,
1073 3025 1145 3094 οάδέ
1165 3025 1302 3110 διψήσει,
1324 3022 1395 3091 οάδέ
1418 3027 1504 3092 ἔστιν

344 3129 489 3217 ἐξαίρεσις
501 3137 555 3213 τής
569 3127 739 3216 φρονήσεως
756 3126 857 3197 αὐτοῦ.
887 3126 937 3194 Ἐν
952 3121 971 3220 ή
985 3129 1021 3196 τό
1035 3131 1176 3213 λελυμένα
1192 3128 1313 3212 σοι’ματα
1329 3131 1449 3214 ἐγείρει,
1472 3131 1506 3195 ἐν

342 3225 363 3322 ᾖ
379 3231 412 3299 τό
427 3232 630 3316 ἀπολλύμενον
645 3231 738 3310 σοίζει,
761 3222 827 3320 ἐνή
844 3230 877 3296 τό
890 3229 1037 3316 τεθνηκός
1052 3239 1205 3318 ζωογονεῖ,
1228 3223 1293 3322 ἐνή
1306 3228 1340 3296 τό
1356 3231 1506 3318 φθαρτόν

344 3334 516 3422 ἀφθαρσίαν
534 3331 745 3418 ἀμφιέννυσιν,
768 3336 800 3400 ἐν
818 3326 837 3423 ᾖ
854 3332 907 3401 τόν
922 3333 1035 3402 κόκκον
1053 3333 1106 3400 τόν
1125 3333 1255 3404 πεσόντα
1276 3337 1319 3411 είς
1338 3329 1508 3402 ἀντίστασιν

344 3439 443 3521 φέρει,
467 3441 499 3504 ἐν
514 3429 535 3527 ή
551 3434 603 3502 τόν
619 3437 767 3521 σπαρίντα
789 3439 841 3502 καλ
863 3434 1059 3506 ἀποθανόντα
1081 3440 1125 3514 είς
1140 3437 1348 3524 περισσοτέραν
1370 3435 1506 3524 φωιδρό·

343 3565 415 3623 τητα
435 3537 498 3627 ἀγει
521 3537 730 3618 ἀνακαινίζων·
755 3535 796 3616 οῖς
811 3541 844 3608 θ
860 3548 982 3618 πολλοῖς
996 3549 1125 3627 γραφαῖς
1140 3541 1314 3628 ἐμφέρεται,
1335 3541 1506 3624 αέτιετομέ-

342 3667 397 3728 νης
417 3649 472 3726 τῆς
492 3640 577 3727 ήμαῖν
599 3640 791 3718 ἀναστάσεως.

201 3960 268 4029 Κεφ.
280 3958 326 4016 ια’.
425 3948 476 4019 Ἐν
490 3951 542 4033 μέν
556 3956 597 4040 τῷ
611 3951 710 4033 Δαβίδ
726 3952 794 4037 περί
808 3957 863 4016 τοῦ
878 3953 1069 4036 ἐγκαινισμοῦ
1081 3959 1136 4020 τοῦ
1151 3955 1239 4018 οῖκου
1250 3952 1352 4034 ,Δοβῖδ
1366 3949 1500 4034 ψαλμός,

223 4089 274 4135 μς.
288 4077 334 4123 ιιι
349 4050 389 4130 οῖς
404 4057 582 4141 καραδοκοῖν
600 4050 618 4118 ό
631 4051 787 4138 προφήτης
809 4055 860 4120 κοιλ
884 4053 1029 4136 πνεόματι
1048 4050 1122 4142 ἀγίηι
1144 4061 1267 4121 σκοποῖν
1281 4050 1314 4120 τό
1330 4053 1435 4137 μέλλον
1451 4051 1500 4120 εὖ.

345 4153 440 4242 λόγως
461 4159 530 4242 περὶ
550 4153 738 4232 ἀναστάσεως
761 4157 836 4239 ἐφη,
866 4153 996 4238 Ἵίψοόσω
1018 4177 1065 4236 σε,
1092 4154 1192 4244 κόριε,
1219 4156 1265 4222 ὅτι
1285 4152 1430 4238 ὑπέλαβές
1452 4181 1499 4240 με,

380 4293 439 4346 (λιι.
454 4296 539 4346 Lxx,
556 4324 589 4335 -
614 4297 637 4348 1.
655 4295 731 4357 „Vox
744 4291 777 4348 τὰ
791 4293 905 4364 ἐπίχειρα
937 4293 985 4357 66,
1001 4291 1059 4358 45.,
1087 4299 1128 4346 ubi
1150 4294 1263 4366 ἐπίχειρα
1283 4299 1338 4346 itm
1353 4295 1401 4357 [αι
1422 4299 1499 4360 ιιριιί-

345 4378 397 4412 ααα
408 4363 468 4412 sati·
476 4363 679 4416 ιιαίοιεαιειιείιε
686 4362 811 4414 convenit.
837 4364 906 4414 Fon.
939 4365 995 4428 μαιλ
1007 4360 1137 4434 πρόχειρα,
1154 4367 1190 4416 υιλ
1200 4355 1321 4432 προῦπτα,
1338 4366 1388 4414 αι.
1398 4375 1498 4430 spem.

346 4427 490 4496 (sthatpa‘fl
524 4435 640 4483 Ριλουῖια.
681 4433 834 4482 manendum
858 4445 905 4482 ττεα
939 4442 1062 4500 prompta.

346 4495 379 4551 τό
399 4496 513 4566 ἐπίχειρα
535 4501 661 4562 madet
677 4501 737 4552 ολλιτ
757 4503 821 4551 λοιιιι
842 4499 907 4551 ίιοττ.

762 4715 771 4752 λ
