3154 4930
348 257 485 312 canaan
501 259 564 314 mo.
578 261 609 313 u
627 259 708 313 rom,
720 259 753 312 rr.
768 259 869 312 naen.
884 259 975 312 axvi.
1178 249 1240 314 533

95 384 181 468 spuit,
205 381 246 445 ita
265 392 294 444 et
311 403 366 446 nos
383 403 436 467 per
451 381 545 464 legem
570 399 604 444 ao
620 379 777 467 prophetas
798 381 835 444 ad
862 381 1060 466 praeceptoris
1083 344 1239 448 adventum

96 505 179 569 neque
199 484 347 569 perducti,
372 483 420 546 ubi
436 483 513 548 bono
531 483 607 546 nacti
624 505 741 561 sumus,
774 483 971 568 paedagogum
992 505 1056 546 com
1079 483 1240 567 ignominia

94 610 147 651 noo
169 587 336 667 reiicimos,
365 587 417 650 sed
438 587 465 650 ei
486 587 611 670 gratiam
629 585 724 671 potius
741 585 897 665 babemus,
922 587 997 668 quod
1013 585 1163 650 infantium
1187 609 1239 652 no·

93 701 177 754 stram
196 709 249 774 per
265 689 341 755 viam
359 690 507 754 deducens
527 691 563 751 ad
579 687 771 774 perfectiores
789 709 844 752 nos
863 687 1029 773 disciplinas
1046 689 1237 773 promoverit.

92 791 158 856 lton
176 793 256 856 velot
270 791 297 858 si
313 793 378 878 qais
395 791 503 856 inulto
520 791 592 855 mari
610 790 818 875 navigaturus,
843 802 1012 875 comparata
1027 791 1139 855 maiore
1155 793 1237 872 oevi,

90 897 194 979 exiguo
210 895 306 958 lembo
324 895 449 958 vicinum
465 895 556 960 littori
574 894 685 972 salum,
708 893 738 956 iu
758 898 815 977 quo
832 893 925 957 maior
938 890 988 959 illa
1003 893 1088 958 navis
1106 895 1236 974 lluctoat,

90 998 251 1077 traiecerit,
275 1011 306 1062 et
325 1000 363 1062 ad
378 1019 440 1060 eom
458 996 681 1060 minoristnios
698 995 841 1060 beneflcio
862 997 1048 1081 pervenerit,
1078 995 1126 1061 ubi
1147 997 1238 1061 maio·

88 1123 145 1164 rem
165 1102 311 1186 attigerit,
344 1123 401 1164 non
425 1100 522 1165 statim
544 1099 669 1162 lembum
694 1099 723 1162 lu
751 1100 921 1184 prolundum
946 1097 1099 1184 deprimit,
1122 1101 1175 1163 sed
1197 1099 1238 1164 ita

87 1205 231 1288 grandiori
250 1204 370 1288 navigio
385 1204 509 1268 salutem
527 1223 609 1266 snam
627 1201 799 1279 committit,
824 1212 855 1264 ut
873 1201 982 1287 exigno
999 1201 1040 1264 illi
1057 1201 1154 1266 lembo
1170 1223 1238 1288 gra·

87 1307 150 1370 tiam
169 1307 330 1370 babeudam
350 1316 441 1392 putet.
487 1306 599 1370 Addam
619 1304 741 1370 etalittd
761 1306 938 1390 exemplum.
984 1301 1068 1368 Sicut
1085 1305 1238 1391 expositus

86 1431 101 1471 a
118 1409 262 1493 genitrice
278 1409 438 1494 quispiam,
469 1409 495 1472 si
518 1408 553 1472 ob
578 1408 677 1492 aliquo
693 1409 768 1471 iorte
783 1407 914 1472 sublatur
932 1417 963 1470 et
979 1409 1119 1472 educatus
1136 1408 1236 1487 luerit,

84 1523 269 1597 posteaquam
288 1512 468 1589 adoleverit,
492 1533 527 1574 so
547 1511 708 1574 naturalem
724 1531 808 1575 snum
832 1520 982 1596 parentem
1000 1511 1173 1594 agnoverit,
1196 1509 1235 1588 is,

83 1614 106 1676 si
127 1615 299 1698 prudentiae
320 1614 529 1699 aliquantulum
546 1613 668 1694 babeat,
694 1635 761 1679 num
779 1613 828 1677 ubi
845 1625 995 1700 parentem
1010 1614 1182 1696 agnoverit,
1205 1624 1237 1678 et

82 1715 272 1782 hereditatem
288 1739 371 1782 suam
389 1715 509 1794 adierit,
542 1715 651 1779 idcirco
669 1715 825 1780 nutrioium
841 1717 920 1779 illum
942 1716 1160 1801 aspernabitur,
1184 1730 1237 1783 out

81 1841 137 1884 noo
170 1819 198 1884 ei
228 1821 324 1904 potius
347 1819 575 1904 gratificabitur,
609 1819 684 1902 quod
710 1819 772 1882 eius
800 1819 942 1882 beneficio
967 1819 1056 1883 letum
1086 1821 1236 1884 evaserit?

78 1919 207 1987 Perinde
228 1923 317 2007 igitur
341 1933 372 1986 et
396 1943 450 1986 nos
476 1923 531 1984 deo
554 1920 679 2006 gratiam
707 1920 863 2001 babemus,
896 1922 1018 2007 primum
1042 1922 1117 2006 qood
1140 1922 1233 2007 legem
1263 1955 1266 1961 ·

79 2025 162 2088 nobis
181 2047 218 2089 ac
240 2023 396 2111 propbetas
420 2025 548 2106 dederit,
578 2035 639 2088 tom
661 2025 749 2090 etiam
773 2025 847 2108 qnod
872 2045 951 2088 novo
973 2045 1027 2089 nos
1049 2024 1100 2089 lilii
1122 2025 1168 2088 sui
1188 2035 1234 2089 te·

75 2138 225 2192 stameoto
248 2128 383 2213 dignatus
404 2128 455 2191 sit.

161 2330 246 2397 ldem
263 2330 455 2398 Manichacus
470 2329 638 2418 Principum
663 2353 718 2396 nos
736 2333 881 2417 imagines
901 2351 985 2412 ease,
1010 2343 1041 2396 et
1057 2353 1073 2395 a
1089 2331 1231 2418 Principi·
1251 2322 1376 2444 LQH

73 2435 128 2498 bus
148 2437 311 2521 productos
334 2437 473 2516 affirmat,
503 2437 608 2520 quibua
631 2435 665 2499 ad
689 2435 824 2521 pabulum
843 2436 935 2500 simus
959 2435 1099 2521 expositi.
1137 2433 1232 2518 ¹(laod
1377 2427 1385 2441 ⁶

70 2533 143 2602 sane
159 2539 243 2602 dioto
261 2559 345 2623 quam
360 2537 479 2624 impium
498 2549 553 2602 cst.
599 2535 705 2623 Longe
727 2537 909 2602 animaliter
932 2537 1065 2602 omnibus
1089 2537 1119 2600 in
1143 2538 1232 2607 rebus

70 2641 211 2704 accidere
239 2642 397 2705 cernimus.
443 2639 485 2704 Et
505 2663 578 2706 vero
603 2662 643 2705 ex
667 2641 710 2704 bis
737 2640 872 2727 omnibus
894 2661 968 2724 qnae
990 2641 1019 2704 io
1046 2651 1125 2704 terra
1150 2651 1230 2720 saut,

69 2741 139 2806 licet
157 2743 304 2830 pessimas
326 2765 360 2807 ac
374 2743 592 2808 crudelissimos
612 2763 743 2829 quasque
768 2745 846 2806 lorus
868 2742 1054 2822 consideres,
1086 2743 1165 2808 nulla
1187 2756 1233 2809 est

67 2867 145 2929 qnae
178 2849 212 2912 in
242 2847 287 2910 sni
319 2847 442 2910 similem
472 2845 603 2925 saeviat,
638 2847 689 2910 scd
719 2847 749 2910 in
778 2845 900 2910 alterius
927 2847 1046 2931 generis
1075 2847 1230 2911 duntaxat.

67 2947 216 3036 Exempli
234 2971 339 3014 caussa
359 2951 472 3014 leonem
490 2951 537 3012 leo
555 2960 675 3035 propter
692 2951 807 3012 lormac
821 2970 856 3012 ao
877 2959 997 3012 naturae
1011 2949 1231 3016 similitudinem

64 3073 124 3114 nou
142 3053 291 3130 devorat,
315 3053 367 3115 scd
383 3053 452 3115 licet
469 3053 575 3136 ingens
597 3053 689 3116 lesnes
710 3053 741 3115 in
761 3050 907 3116 montibus
929 3053 1005 3116 ieras
1027 3051 1092 3115 illas
1115 3064 1230 3137 urgeat,

63 3154 140 3216 adeo
159 3165 194 3218 ot
214 3165 333 3238 propter
349 3155 435 3218 nives
455 3165 506 3218 aot
521 3155 648 3240 inopiam
674 3155 797 3239 aliquam
816 3155 940 3240 praedae
962 3154 1032 3218 nibil
1047 3155 1136 3239 longo
1159 3164 1231 3218 tom·

62 3278 136 3340 pore
166 3255 342 3336 inveniant,
374 3257 403 3321 in
429 3257 530 3321 lustris
558 3270 654 3321 tameo
679 3279 714 3322 ao
740 3257 868 3322 latibulis
892 3257 954 3321 suis
976 3279 1041 3320 oum
1067 3257 1170 3322 catulis
1196 3279 1231 3322 ac

59 3361 180 3424 leaenis
201 3372 438 3439 commorantur3
468 3379 521 3423 neo
540 3360 598 3422 ulla
614 3361 733 3424 omnino
751 3360 844 3424 bestia
868 3359 897 3424 in
920 3359 966 3423 soi
991 3359 1115 3426 similem
1133 3361 1231 3424 incor-

58 3463 114 3542 rit‚
142 3464 235 3528 velut
252 3463 335 3547 lupos
356 3462 387 3525 in
405 3462 601 3548 lopom,-nisi
619 3464 695 3527 lorte
718 3463 747 3526 in
772 3463 881 3527 rabiem
906 3463 1051 3527 concitato
1069 3463 1137 3548 quid
1161 3474 1230 3548 agal

57 3568 192 3630 nesciat.
245 3562 346 3648 Quare
372 3586 436 3629 cum
463 3587 499 3628 ne
528 3565 611 3650 lopus
633 3565 746 3649 quidem
773 3565 870 3651 lupum
887 3568 1027 3644 devoret,
1061 3565 1230 3650 obligaras

53 3670 295 3752 cognationem,
320 3667 464 3752 quomodo
479 3665 632 3752 Principes
649 3668 792 3732 devorare
819 3687 873 3732 nos
891 3679 1030 3752 possunt,
1054 3668 1158 3752 quibus
1180 3691 1229 3734 ao·

53 3793 121 3835 mos
141 3775 265 3834 formae
282 3770 470 3834 similitudine
490 3770 659 3835 ooniunoti‘!
703 3767 766 3834 Cor
784 3793 841 3834 non
860 3773 955 3858 potius
972 3771 1159 3836 blandiuntur
1175 3793 1230 3836 oo·

50 3875 117 3955 bis,
147 3895 216 3959 quo
243 3893 312 3936 suas
335 3873 464 3959 ipsorum
490 3873 599 3958 effigies
624 3873 700 3938 tueri
725 3875 936 3961 complectique
959 3875 1133 3940 videaotnrl
1176 3871 1228 3940 Sic

48 3976 240 4066 impostoris
261 3974 340 4042 illius
363 3976 490 4061 undique
512 3979 680 4041 confutatur
701 3979 808 4042 oratio.
1273 4033 1307 4084 ca

142 4077 216 4146 Sed
236 4077 304 4144 illud
326 4099 365 4144 ex
381 4081 537 4164 evaugelio
553 4083 682 4166 profert:
714 4085 779 4144 Non
797 4103 890 4144 omnes
906 4088 1064 4145 doemonum
1077 4100 1157 4143 suom
1176 4053 1379 4158 co-Lxxldm,

40 4208 133 4266 pere,
162 4185 227 4246 sed
240 4184 341 4264 quitus
356 4187 451 4244 dutum
467 4196 519 4245 est.
567 4183 656 4268 Atqui
673 4183 751 4248 nollo
770 4185 815 4248 blo
838 4205 854 4248 a
876 4186 1024 4250 salvatore
1042 4187 1077 4248 de
1093 4186 1223 4252 doctriua
1250 4167 1336 4270 iffi

82 4307 124 4356 1⁰.
147 4302 213 4357 5εῶ
235 4305 299 4353 Μ
314 4317 331 4351 o
345 4305 395 4354 ood.
407 4305 505 4366 [Μῦς.
664 4307 716 4354 beot
733 4299 830 4358 duroto.
856 4307 906 4370 Ego
921 4307 977 4357 olim
992 4309 1131 4370 implentur
1145 4300 1226 4374 dm.

80 4375 147 4424 cm.
163 4357 309 4422 nxxvrt.
326 4399 359 4412 -
390 4374 411 4423 r.
429 4374 466 4422 na
479 4375 630 4424 anacre-
665 4372 715 4426 eta

38 4451 88 4496 too.
118 4447 166 4494 Est
184 4455 220 4490 eo
237 4442 354 4502 scripturo
369 4443 395 4492 io
408 4444 515 4504 morptrtc
529 4444 630 4504 tempu
695 4441 719 4493 2.
738 4443 778 4494 Sto
792 4447 889 4494 omrem.
924 4442 991 4496 tort
1009 4446 1094 4496 tatem
1109 4441 1151 4498 ἐπὶ
1167 4446 1225 4501 nol.

38 4511 188 4564 saeptam
203 4513 332 4561 annotato.
358 4509 492 4560 Ltbrtentm
504 4513 574 4574 outae
585 4512 628 4560 bo·
662 4511 698 4582 tut
716 4507 809 4582 χρόνῳ.
