3176 4930
352 240 487 294 ransart
506 242 569 294 Llll.
582 242 613 293 ll.
630 241 711 293 TOM.
725 241 744 292 l.
762 240 861 292 steen.
874 240 968 292 Lxrv.
1115 200 1126 221 b
1178 228 1239 290 277

86 360 271 440 introduxit,
303 381 338 426 ac
355 362 443 424 'velut
469 361 645 446 exquisitum
671 360 785 446 siguum
813 358 945 424 manibus
971 359 1034 424 sois
1060 359 1239 424 elaboratum

84 463 239 549 praeclaro
257 464 412 548 intemplo
432 463 593 529 constituit.
640 461 747 548 Neque
772 462 849 526 enim
869 462 1023 545 ignorabat
1039 463 1240 547 quodcumque

83 577 189 652 suapte
209 587 298 630 maon
322 566 475 644 torsisset,
500 565 686 644 necessarie,
711 576 810 650 utpote
828 565 1053 628 immortalitatis
1071 586 1161 649 opus,
1185 567 1239 630 im·

83 669 208 734 mortale
231 669 371 732 luterum.
416 666 494 732 Nam
515 669 550 732 ab
571 667 786 732 immortalitate
805 667 979 731 immortalia
1002 667 1238 751 proficiscuntur,

82 774 199 836 reluta
219 769 329 834 malitia
346 791 419 854 quac
437 771 512 835 mala
530 781 614 848 suot,
638 781 668 833 ει
689 770 724 834 ab
743 770 884 834 iniustitia
902 769 1023 834 iniusta.
1067 767 1138 833 Non
1160 771 1237 834 enim

82 871 215 937 institiae
232 891 305 957 opus
324 884 370 936 est
384 873 484 936 iniusti
502 873 609 957 aliquid
627 875 743 950 lacere,
768 872 818 936 scd
835 871 996 934 iniustitiae
1019 892 1114 956 neque
1132 892 1172 936 ex
1188 874 1238 938 ad-

82 997 173 1040 verso
198 977 275 1040 inste
295 975 402 1060 aliquid
422 996 511 1060 agere
536 975 697 1038 iniustitiae
720 985 782 1052 est,
807 975 858 1038 sed
882 973 1029 1051 institiaer
1061 973 1181 1059 perinde
1204 997 1238 1038 ae

81 1078 281 1162 corruptelam
309 1079 425 1142 adlerre
449 1099 507 1142 noo
533 1077 761 1161 incorruptionis
785 1087 847 1155 est,
876 1076 928 1140 sed
954 1075 1149 1160 corruptionis
1171 1098 1239 1162 pro·

80 1183 189 1266 prium.
237 1177 289 1244 Sic
307 1180 473 1244 immortale
493 1181 591 1244 lacere
609 1200 667 1242 ooo
689 1179 903 1264 corruptionis,
934 1179 986 1242 sed
1009 1179 1239 1265 incorruptionis

80 1294 138 1346 est.
187 1283 285 1367 Atque
304 1295 336 1346 nt
353 1304 410 1346 noo
427 1282 519 1346 verbo
535 1283 645 1359 dicam,
670 1282 756 1366 quale
773 1281 861 1345 estid
879 1282 955 1365 qnod
971 1279 1048 1366 agit,
1073 1281 1131 1344 tale
1149 1281 1177 1344 id
1195 1284 1237 1344 el·

80 1387 171 1448 licere
196 1386 366 1449 necessario
387 1383 464 1448 solet
482 1385 559 1469 qnod
578 1385 614 1448 ab
638 1405 673 1448 eo
699 1385 879 1470 producitur.
926 1384 1013 1468 Atqui
1039 1384 1111 1447 dens
1132 1395 1163 1446 et
1182 1385 1237 1448 im-

79 1487 246 1552 mortalitas
263 1500 319 1566 est,
341 1502 371 1551 ει
383 1489 442 1551 rita
458 1498 488 1551 ει
500 1488 694 1572 incorruptio,
715 1485 800 1550 homo
815 1507 887 1550 vero
904 1487 950 1550 dei
967 1507 1040 1572 opus
1056 1497 1113 1550 est.
1145 1484 1237 1569 Quie-

78 1591 150 1674 quid
168 1611 240 1654 vero
258 1590 294 1654 ab
313 1590 530 1654 immortalitate
549 1590 719 1667 lubricatur,
743 1589 907 1652 imrnortale
923 1590 962 1652 sit
978 1598 1105 1673 oportet.
1135 1586 1236 1671 Quare

78 1693 255 1758 immortalis
274 1703 318 1756 est
335 1693 432 1756 lonso.
466 1689 630 1778 Propterea
645 1694 716 1756 deus
733 1692 878 1756 hoonoern
897 1713 950 1754 sua
966 1713 1053 1754 manu
1068 1692 1164 1771 linxit,
1188 1713 1237 1756 ee·

78 1809 145 1860 tera
163 1816 236 1858 vero
258 1795 447 1860 animantium
467 1815 577 1879 genera
595 1803 711 1872 adirem,
737 1805 845 1859 terram
862 1805 892 1858 et
909 1815 1013 1878 aquam
1029 1795 1115 1858 iussit
1130 1794 1236 1879 produ·

78 1919 163 1964 cere.
211 1894 353 1962 Ceterum
379 1898 483 1976 homo,
514 1897 539 1960 si
565 1897 628 1962 eins
653 1908 786 1961 naturam
811 1895 968 1982 inspicias,
993 1895 1147 1962 verissime
1168 1917 1236 1961 esse

77 2002 188 2064 dieitur
205 2022 262 2064 oon
284 1999 417 2085 eorporis
437 2019 546 2084 expers
565 2001 679 2076 anima,
704 2021 799 2083 neque
816 2021 922 2084 corpus
938 2000 1033 2063 anima
1051 1999 1233 2076 destitutum,

76 2105 129 2168 scd
149 2104 179 2166 id
199 2103 275 2187 qnod
293 2102 322 2165 in
340 2123 426 2167 unam
444 2101 557 2188 pulchri
574 2101 700 2186 bonique
718 2103 839 2166 lormaru
857 2101 1029 2166 exanimae
1050 2113 1080 2166 ει
1102 2102 1236 2188 corporis

76 2204 289 2268 coniunctione
305 2207 458 2268 conflatur.
494 2203 617 2288 Exque
634 2204 749 2287 quidem
766 2203 863 2288 colligi
882 2225 970 2290 posse
985 2205 1102 2269 ridetur
1118 2205 1236 2268 immor·

76 2307 168 2371 talem
187 2307 332 2371 lromioeor
352 2327 419 2371 esse
439 2308 560 2385 laetum,
586 2325 640 2370 oce
657 2327 715 2369 noo
732 2317 762 2368 et
778 2307 974 2390 corruptionis
992 2307 1088 2371 omnis
1104 2329 1141 2370 an
1156 2329 1233 2370 rnor-

75 2409 183 2474 borum
201 2419 367 2494 expertem.
413 2409 512 2494 Atque
532 2408 586 2472 hoo
610 2408 703 2494 ipsum
723 2428 825 2472 sacrae
841 2409 945 2472 literae
968 2409 1084 2474 abunde
1106 2429 1160 2472 nos
1183 2410 1234 2473 do-

76 2521 159 2576 cent.
204 2509 285 2574 Nam
298 2511 327 2576 ia
344 2512 475 2595 reliquis,
500 2531 575 2596 quae
591 2521 752 2596 temporum
769 2522 878 2574 mutate
894 2512 996 2596 spatiis
1013 2511 1183 2576 adolescere
1198 2502 1240 2576 ae¹

75 2633 297 2678 consenescere
314 2615 426 2693 solent,
450 2619 626 2688 Prodeant,
652 2614 762 2697 inquit,
785 2637 876 2696 oquae
890 2618 1003 2695 repulsis
1020 2619 1177 2676 annnorum
1192 2621 1234 2678 cr'·
1247 2631 1373 2689 omnm

75 2721 200 2778 sentim
220 2729 249 2778 el
268 2720 396 2779 volueres
421 2719 546 2779 volantes
567 2727 792 2798 superterram,
818 2722 899 2780 r'rretu
914 2719 1127 2799 firmamentum
1149 2719 1231 2780 coeli.

75 2817 171 2882 ltem:
204 2822 347 2882 Producat
364 2831 441 2881 terre
460 2825 580 2882 normam
595 2825 729 2882 vr'ucrrlem
750 2825 901 2882 secundum
917 2825 1050 2902 spem'em,
1076 2823 1233 2902 quadrupe·

75 2929 141 2996 dria,
172 2925 303 3003 reptilia,
334 2933 364 2984 el
387 2924 490 2986 ὂεειίαε
513 2935 607 2985 tmre
627 2926 779 2985 seeundum
801 2943 903 3002 geom.
950 2921 1006 2988 Ubi
1028 2924 1063 2986 ad
1088 2922 1233 2986 hominem

76 3035 252 3110 perventum
275 3035 337 3105 est,
362 3047 419 3088 ocra
442 3026 562 3109 perinde
582 3034 613 3088 ut
634 3025 663 3088 io
686 3025 751 3089 aliis
776 3024 868 3103 dixit,
892 3023 1035 3088 Producat
1051 3038 1144 3100 erro,
1170 3036 1231 3103 ant,

76 3131 243 3190 Producant
254 3149 361 3208 werre,
386 3138 454 3204 aut,
478 3131 565 3190 Frirnt
581 3131 748 3202 temnant,
779 3129 848 3206 sed,
871 3131 1020 3191 Fuerirmar
1040 3131 1175 3190 lemanem
1196 3133 1236 3192 ud

74 3235 228 3310 ainagairem
245 3243 274 3291 ει
287 3232 497 3292 srinr'lr'tadr'rrem
514 3241 656 3302 normam,
682 3239 710 3292 el
731 3235 861 3310 preerant
878 3233 1006 3312 pircr'bur
1024 3242 1054 3296 et
1071 3233 1233 3292 volatilibus

75 3337 152 3396 eoela'
161 3345 193 3394 ει
206 3338 344 3395 anamodo
356 3335 529 3414 pewdidrra:
551 3344 584 3416 et
594 3337 702 3414 coemit
717 3337 785 3395 derra
801 3335 915 3395 delimo
930 3345 1034 3408 ιειταε,
1058 3345 1090 3395 ει
1093 3335 1235 3416 samarit

74 3439 225 3498 hominem.
1268 3471 1328 3538 cap.

164 3537 264 3622 Atque
290 3546 321 3600 nt
347 3537 472 3602 hominis
495 3560 510 3600 a
534 3539 643 3604 ceteris
664 3537 822 3602 discrimen
845 3537 936 3622 magis
956 3559 990 3600 ae
1012 3538 1106 3622 magis
1125 3537 1231 3601 intueri
1249 3539 1345 3592 xxvt.

75 3639 217 3726 possitis,
241 3651 438 3724 quantumque
455 3641 610 3706 antecellat
633 3641 785 3718 oneribus,
810 3651 840 3704 et
859 3651 891 3703 ut
914 3639 1071 3704 seeundum
1094 3650 1159 3727 post
1180 3661 1232 3704 ao·
1251 3607 1350 3676 (ω’)

74 3744 161 3828 gelos
181 3743 331 3828 dignitatis
351 3743 446 3807 locum
460 3744 595 3808 obtinens
614 3743 830 3807 immortalitate
846 3743 884 3806 sit
899 3744 1059 3828 praeditus,
1083 3763 1138 3827 age
1155 3743 1233 3806 istud

74 3849 171 3934 ipsum
192 3847 287 3910 denno
302 3866 343 3910 cx
361 3865 433 3909 vera
448 3855 478 3910 ει
494 3847 659 3910 orthodoxa
678 3846 794 3910 ratione
811 3847 1001 3932 disputemus.
1046 3845 1165 3908 ldteoim
1184 3865 1232 3909 cc·

75 3952 149 4014 teris
174 3948 289 4032 quidem
315 3947 510 4012 animantibus
535 3970 575 4012 ex
598 3949 675 4014 illius
697 3947 820 4034 spiritus
840 3949 888 4032 qui
911 3970 964 4032 per
986 3957 1084 4012 alerem
1110 3947 1231 4011 dil‘nsns

75 4063 120 4116 est
138 4051 322 4114 immissione
340 4053 436 4114 anima
453 4061 499 4114 est
515 4051 632 4138 vitaque
653 4069 806 4114 concessa.
854 4048 971 4114 Homini
994 4070 1067 4115 vcro
1087 4050 1116 4113 id
1138 4051 1231 4137 ipsum

75 4177 113 4218 ex
134 4153 292 4218 immortali
315 4165 403 4238 atque
423 4154 581 4218 excellenti
603 4154 768 4218 substantia
789 4153 939 4217 tributum.
985 4157 1139 4236 Imperavit
1158 4159 1231 4216 enain
1249 4171 1370 4229 omar.

72 4261 142 4318 darre
158 4260 190 4318 r'rr
197 4257 306 4338 scetem
322 4262 382 4320 eius
400 4261 574 4337 spernendum
592 4263 679 4332 uitae,
704 4270 734 4319 et
744 4260 840 4337 seretur
857 4269 900 4318 eet
917 4259 997 4318 domo
1012 4261 1041 4319 r'rr
1056 4263 1176 4321 animum
1192 4264 1232 4320 υἰ-

72 4371 194 4422 marem.
245 4356 304 4422 lllis
325 4359 440 4423 servire
464 4371 550 4444 atque
573 4359 694 4444 imperio
718 4360 857 4440 subesse,
887 4359 952 4424 huie
980 4360 1123 4426 dominari
1145 4373 1232 4448 alque

108 4497 170 4548 ⁶⁴¹³·
188 4497 286 4545 xm·
304 4523 338 4536 ··
381 4497 401 4548 ¹·
421 4499 495 4560 ΜΟ
517 4495 639 4564 dulus&-
673 4497 776 4570 χῶσθαι
791 4501 827 4552 net
844 4495 1029 4570 ἐνιψυχῶσῆαι.

74 4563 143 4620 olor.
178 4565 228 4618 Pro
250 4561 428 4633 duduqoio‘aer
443 4569 556 4629 poam
578 4563 640 4629 ἐψυ-
952 4589 962 4596 -
