3154 4930
351 227 487 281 renunu
505 230 567 282 ιιιι.
581 232 612 282 ιι.
629 233 756 284 runnu
773 233 871 284 nunu.
884 233 976 288 uxvr.
1177 225 1239 290 505

86 349 212 436 primum
228 358 274 414 eet
290 369 462 434 oppressus.
503 349 582 419 Tum
597 353 633 415 od
649 352 826 418 Archelaum
843 353 937 432 venit,
958 365 993 418 ιιι
1010 375 1076 420 eum
1093 356 1238 436 niueum,

87 454 167 537 quod
190 465 288 518 tomen
311 453 429 537 undequi
449 473 507 517 noo
524 454 628 539 potuit.
673 452 1018 543 Fierineipiturpoteet
1040 462 1141 544 utqui
1164 461 1242 545 qnod
1333 473 1341 480 '

88 556 165 620 adeo
190 575 296 622 reeens
320 566 366 620 ert
388 555 549 639 ignorarit,
581 557 691 622 maiore
710 558 760 622 itta
779 563 959 644 eognosoot?
1003 556 1145 626 Coenon
1168 583 1241 628 rero

88 655 248 722 Perrorum
268 659 349 742 regis
372 679 474 724 munus
496 659 617 744 effugit,
642 679 707 726 oum
725 661 764 724 ub
787 682 823 726 en
840 661 1119 748 comprehensoque
1137 665 1240 750 poenis

88 762 215 826 affectos
237 763 301 826 ert?
343 758 384 828 Ut
406 772 507 847 operte
530 772 646 827 unnutet
666 764 703 828 iis
724 765 772 849 qui
796 764 965 850 prudentiae
988 765 1094 851 aliquid
1116 766 1241 831 iubeant

88 865 170 929 iilum
192 865 221 928 iu
243 864 378 930 omnibus
400 884 468 929 esse
490 865 653 930 mentitum.

176 963 237 1032 Sed
254 967 395 1052 quoddam
411 967 608 1033 testimonium
629 979 714 1054 urget
731 981 763 1034 ut
778 991 862 1036 uuum
881 971 949 1036 itud
968 993 1020 1057 pur
1036 969 1240 1058 principiorum
1252 979 1397 1068 &putu

89 1070 230 1148 affirmet,
254 1089 346 1155 eoque
369 1091 385 1133 o
403 1090 436 1134 se
454 1069 580 1134 invicem
602 1073 710 1136 frustra
729 1073 854 1136 dirimet.
903 1071 984 1158 Ergo
1007 1072 1060 1138 boe
1082 1075 1240 1138 salvatoris

88 1193 165 1237 vooe
182 1172 303 1238 nititurr
333 1175 398 1236 Non
410 1184 504 1254 potest
519 1175 606 1236 ordor
621 1176 692 1237 ὸοιια
707 1177 827 1258 fruente
843 1179 931 1240 molor
942 1179 1057 1258 fouere,
1081 1198 1172 1260 noque
1191 1195 1394 1253 premnt&
1442 1187 1461 1226 ’-

89 1278 143 1338 dor
161 1279 235 1338 neto
249 1279 369 1360 sueretu
391 1278 476 1340 duom
490 1279 610 1360 saeere3
642 1301 680 1340 ee
698 1281 805 1360 fructu
832 1285 904 1342 enim
932 1281 1020 1342 ordor
1047 1284 1237 1362 eognoruitw·

89 1377 171 1444 Vide
188 1379 311 1444 hominis
329 1380 494 1456 tertuum,
519 1380 566 1463 qui
584 1377 654 1444 nihil
671 1377 701 1444 ie
718 1381 873 1466 scripturis
895 1393 1050 1467 penetrare
1067 1383 1154 1446 eitius
1176 1403 1242 1467 por·

89 1483 142 1546 sit.
187 1479 303 1546 Etenim
319 1483 346 1546 oi
366 1482 509 1567 prinoipia
532 1481 582 1546 itte
602 1483 724 1546 arboreo
747 1482 823 1562 nint,
848 1483 957 1548 tabent
975 1484 1064 1568 igitur
1082 1495 1112 1550 et
1128 1486 1243 1570 aprino·

89 1586 148 1648 inm
165 1604 268 1663 sunm,
291 1595 322 1648 et
338 1605 403 1648 eum
420 1585 535 1668 plantae
552 1585 627 1662 sint,
659 1586 779 1650 omniuo
802 1608 819 1650 a
844 1587 977 1672 quopiam
995 1586 1140 1671 plontotee
1161 1599 1241 1652 eunt.

90 1685 238 1774 Quidquid
267 1697 364 1752 nutem
390 1687 547 1772 piuntntum
571 1698 634 1764 est,
667 1689 840 1773 prinoipinm
868 1688 974 1767 habet,
1006 1688 1185 1775 proindeque
1213 1699 1244 1752 et

89 1791 179 1855 finem
196 1789 323 1854 tabente
370 1787 471 1875 itoque
488 1790 577 1854 orbor
591 1791 665 1854 melu
679 1813 737 1854 non
755 1801 895 1876 perpetuo
913 1791 1028 1869 extitit,
1052 1791 1105 1854 sed
1127 1802 1173 1856 est
1190 1791 1244 1856 eii·

90 1895 208 1978 quoodo
222 1893 347 1956 counito.
393 1892 495 1956 Arbor
510 1914 582 1956 vero
602 1893 677 1956 done
696 1915 753 1958 oon
773 1895 809 1956 nd
828 1912 913 1958 omne
933 1893 1070 1958 bonitatis
1089 1914 1243 1980 supremae

89 2017 186 2082 genus
205 1995 292 2061 debet
309 1995 425 2059 referri.
473 1991 534 2059 tttic
551 1996 627 2059 enim
655 2006 736 2060 eertn
756 1997 930 2081 minimeque
949 1997 1074 2061 mendox
1095 2007 1125 2060 et
1141 1997 1244 2060 immu-

91 2099 189 2164 tobiiio
205 2099 318 2164 bonitus
336 2108 399 2176 est,
425 2108 524 2183 utpote
539 2119 614 2182 quoe
630 2099 670 2162 eit
687 2098 734 2162 dei
750 2099 888 2184 eogitotio
906 2099 1102 2184 inexplicabili
1120 2101 1244 2184 quodum

91 2202 204 2266 honore
231 2201 372 2286 praedite.
418 2197 523 2266 Utrum
548 2223 621 2265 uero
641 2203 676 2266 od
702 2203 863 2289 plantarum
888 2202 1106 2287 productionem
1131 2223 1246 2268 nouom-

90 2305 204 2369 modori
228 2305 335 2390 possit,
360 2304 516 2370 ridendum
537 2325 571 2370 nu
590 2304 793 2391 disputandum
818 2305 975 2396 nobislert.
1020 2303 1137 2369 Etenim
1160 2306 1186 2369 ri
1208 2308 1246 2371 de

90 2408 209 2474 diodoto
233 2427 331 2470 sermo
357 2407 412 2486 sit,
442 2429 530 2492 serpe
553 2409 632 2472 iiinm
656 2408 836 2474 ostendimus
862 2407 967 2472 muium
993 2407 1029 2470 ub
1050 2407 1165 2492 origine
1187 2429 1245 2473 non

91 2511 203 2590 fuisse3
233 2509 304 2573 nihil
321 2509 397 2573 enim
416 2511 488 2574 deur
504 2511 610 2575 mnium
628 2510 772 2587 condidit,
797 2511 883 2595 idque
900 2512 974 2573 odeo
993 2509 1184 2596 prudentibus
1201 2522 1247 2576 eet

90 2613 290 2680 menifestum.
338 2611 383 2676 Ao
404 2611 473 2676 lieet
496 2612 525 2675 in
550 2613 651 2676 eudem
674 2623 846 2696 argomento
865 2633 1036 2692 versemur,
1060 2634 1118 2677 non
1140 2633 1246 2698 grove·
1310 2685 1314 2694 Ι

89 2717 189 2780 dimon
205 2726 301 2780 tomen
320 2713 475 2778 veritatem
493 2715 578 2778 etium
595 2715 623 2777 in
642 2715 809 2800 praesentio
826 2715 1027 2802 eomprobere.
1074 2712 1168 2800 igitur
1185 2737 1246 2780 mu·

90 2820 138 2886 ius
155 2816 241 2882 initio
264 2816 397 2882 diabolus
419 2818 569 2896 nonfuit,
601 2820 652 2882 sod
678 2819 773 2883 euadit
796 2829 910 2903 posteo.
956 2817 1057 2903 Quare
1082 2819 1177 2882 iooum
1200 2818 1247 2884 hio

90 2943 152 2986 non
172 2919 258 2983 hebet
273 2920 348 3002 quod
364 2920 400 2983 de
417 2919 523 2984 arbore
542 2907 723 3006 proponitur.
753 2919 830 2984 Nem
849 2933 878 2984 et
896 2918 1016 2986 Sunium
1033 2919 1166 2986 videmus
1181 2941 1246 3006 per·
1259 2941 1308 2984 neu
1321 2935 1340 2981 r.

89 3033 258 3088 seeotorem
282 3022 388 3100 suisne,
414 3023 596 3107 eundemque
614 3045 667 3109 pro
687 3025 815 3108 eoquod
834 3023 984 3088 insecutus
1011 3025 1105 3087 iuerat
1127 3025 1244 3088 nomine
1257 3043 1385 3100 taem

87 3125 326 3214 persecutionem
344 3145 411 3189 esse
429 3145 565 3210 pessum,
589 3137 691 3190 eontra
709 3147 781 3192 uero
804 3123 903 3189 iudam
921 3144 985 3190 oum
1004 3127 1154 3190 duodeoim
1175 3147 1244 3212 opo·
1259 3146 1326 3192 ιωιιε
1339 3149 1360 3192 ι

88 3229 319 3294 statutorum
338 3229 500 3294 desoiuieoe
525 3231 706 3315 postmodum
733 3229 815 3294 etad
837 3227 997 3313 improbum
1017 3229 1170 3292 inotiooem
1194 3249 1246 3312 op·

87 3343 257 3418 gregatum.
290 3331 369 3416 Quin
386 3345 417 3395 et
433 3330 518 3396 Roob
535 3332 719 3396 meretrioem
738 3331 885 3395 cernimus
903 3331 940 3394 nb
958 3327 1121 3394 lsrodlitioo
1137 3351 1247 3414 genere

88 3437 235 3520 haetenus
252 3434 376 3498 alienum
401 3443 468 3519 post
490 3431 697 3518 poenitentium
719 3444 868 3518 receptum
884 3434 919 3496 od
945 3433 992 3498 dei
1017 3433 1247 3500 miserieordium

88 3538 243 3604 habuisse.
291 3535 433 3602 Videmus
450 3547 478 3600 et
494 3536 635 3600 iatronem
654 3536 684 3599 in
703 3537 832 3600 inuinore
849 3537 1062 3621 deprehensum
1081 3548 1111 3600 et
1128 3537 1157 3600 in
1180 3557 1248 3600 oru-
1259 3555 1354 3614 ιιιαιι,
1367 3561 1400 3606 ια.

87 3663 159 3707 cem
177 3640 320 3706 subletum
336 3651 402 3725 post
418 3639 636 3702 uonieesionem
659 3656 716 3702 noo
740 3659 803 3702 unm
822 3638 938 3702 domino
962 3638 992 3703 in
1015 3639 1180 3722 paradisum
1203 3640 1248 3702 iu·

86 3763 240 3830 gressum.
285 3741 441 3807 Niooioum
463 3753 616 3826 praetereo
639 3741 772 3806 videmur
797 3740 892 3805 virum
921 3740 1029 3806 bouum
1053 3752 1083 3804 et
1107 3741 1245 3820 edentum,
1261 3777 1375 3832 „m

86 3847 269 3915 seelerotum
286 3855 388 3930 postea
406 3845 508 3922 tuisne,
528 3855 615 3928 etque
632 3843 710 3908 inter
725 3844 887 3909 haereseon
904 3859 1040 3910 tuetur-es
1054 3843 1244 3928 adscriptum.

88 3946 174 4032 Quid
198 3948 245 4010 hio
268 3958 384 4011 eeteros
410 3949 656 4010 commemorem?
699 3946 844 4031 Quidnam
869 3969 957 4033 porro
976 3946 1080 4010 maium
1104 3946 1179 4012 huno
1201 3969 1248 4011 nr·

85 4055 196 4118 horem
217 4069 284 4114 eure
301 4049 447 4127 dicemus,
471 4068 563 4135 equo
581 4050 688 4113 bonum
713 4050 784 4112 oriri
806 4053 950 4134 nequent?
993 4047 1084 4113 Plane
1101 4049 1137 4113 de
1155 4049 1248 4113 homi-

86 4177 163 4221 num
181 4151 346 4216 notionibus
359 4152 547 4238 inter-pretori
563 4153 714 4215 debemus.
752 4151 859 4236 Neque
876 4151 951 4214 enim
969 4171 986 4216 e
1001 4159 1103 4236 stupro
1119 4152 1248 4216 derivari

86 4257 210 4325 bonitas
223 4265 342 4341 potest,
374 4275 468 4342 oeque
493 4277 533 4320 ex
557 4254 704 4339 nequitiae
726 4253 820 4318 livore
837 4253 967 4334 iustitia,
999 4273 1093 4340 neque
1111 4275 1151 4318 ex
1167 4255 1248 4320 odul-

124 4460 149 4518 4.
169 4462 310 4536 κακουργίᾳ
325 4467 415 4518 reditui
428 4478 457 4516 ια
471 4465 537 4516 timu
550 4477 604 4515 mor.
628 4461 656 4514 ιιι
672 4463 740 4516 editis
756 4468 789 4514 ert
805 4459 965 4532 κακουργίας.
