3176 4930
386 257 524 312 rsusuu
541 255 605 308 utu
616 256 649 308 ιι.
666 255 749 309 rou.
760 255 780 310 ι.
797 253 897 308 usur.
914 253 1007 310 uxrr.
1215 241 1276 308 ιιι

118 390 200 444 etum
226 377 348 466 accipit,
373 379 425 442 sed
444 377 483 442 ob
505 376 534 440 id
552 385 724 462 praeterae,
749 376 825 461 quod
849 375 967 442 temetsi
987 374 1069 440 reiut
1089 376 1119 440 iu
1139 386 1279 464 perpetus

119 481 254 546 duxioue
270 483 311 546 sit
327 491 432 546 nutura
449 479 595 565 corporis,
619 479 721 542 eudem
740 479 834 542 torma
851 489 1032 562 permoneat,
1056 499 1130 564 quoe
1148 479 1281 565 corporis

119 583 217 648 uostri
240 583 323 669 qussi
348 593 418 648 uota
437 581 578 668 quuedsm
603 596 651 644 est
674 582 805 668 propria.
848 577 920 644 Nou
942 580 1028 644 aliter
1048 592 1135 666 atque
1160 581 1279 644 eaedem

119 686 233 770 figurae
261 697 382 750 mouerat
411 705 486 770 quae
507 681 590 748 Petri
617 679 760 768 Puudique
790 703 944 768 corporum
974 683 1130 766 qualitates
1160 673 1279 748 coufor-

120 787 229 852 maudo
249 787 406 867 exhibent,
430 808 483 874 per
501 805 588 871 qoam
609 785 697 850 etiaur
714 785 883 870 qualitatem
903 784 1009 849 occidit
1026 796 1058 850 ut
1076 796 1113 858 ct¹
1124 785 1280 850 cicatrices

117 889 179 954 iam
199 901 260 954 tum
278 911 296 954 u
315 889 415 978 pueris
435 890 464 954 iu
483 887 657 974 corporibus
675 897 883 972 permaneant,
908 885 1022 972 aliaque
1044 888 1183 952 uouuuilu
1204 907 1280 972 quac

118 992 303 1078 siuguioruro
323 991 439 1079 propria
458 1002 544 1070 suut,
567 989 730 1055 cuiusmodi
747 1001 817 1054 suot
832 989 1000 1074 lentigines.
1045 989 1093 1054 Ad
1117 989 1189 1054 baeu
1212 989 1281 1054 iicet

118 1094 227 1158 similis
241 1115 387 1180 corporee
400 1093 451 1158 itta
468 1096 563 1158 torma
578 1092 617 1158 sit
633 1113 690 1177 qua
703 1090 813 1156 Petrus
830 1088 995 1176 Pauiusque
1013 1091 1193 1178 potissimum
1209 1113 1279 1156 rou·

117 1196 271 1276 stituitur,
295 1195 382 1281 idque
399 1197 494 1282 ipsum
511 1197 589 1282 quod
603 1195 635 1258 iu
651 1195 871 1262 resurrectione
887 1195 1004 1258 auiusue
1017 1195 1115 1258 denuo
1130 1194 1278 1274 tribuitur,

119 1299 172 1364 sed
195 1299 226 1362 iu
250 1299 356 1364 melius
378 1319 576 1377 conversore,
601 1319 659 1362 nou
678 1307 776 1360 nmen
795 1297 898 1360 eadem
920 1307 967 1360 est
987 1297 1035 1361 itta
1061 1296 1182 1361 rorterio
1205 1315 1280 1382 quae

121 1401 241 1486 corpori
269 1400 393 1487 primum
422 1401 509 1464 insitu
534 1402 641 1464 tuerat.
686 1401 733 1462 Ac
758 1399 998 1483 quemadmodum
1021 1400 1136 1487 species
1157 1399 1221 1486 ipss
1243 1399 1280 1463 ad

118 1504 254 1568 altimum
276 1523 370 1588 usquo
392 1503 494 1568 eudem
511 1514 575 1583 est,
604 1503 660 1566 etsi
684 1502 788 1587 iugeus
809 1501 992 1587 propriarum
1016 1503 1173 1566 tormsrum
1197 1513 1281 1568 oote-

119 1626 247 1691 ronque
263 1606 400 1670 rideatur
418 1625 486 1670 esse
502 1605 677 1685 diversitas,
701 1603 742 1668 ita
758 1614 789 1669 et
806 1604 836 1667 io
860 1623 896 1668 co
912 1602 950 1668 de
966 1625 1024 1688 quo
1043 1605 1157 1690 opimus
1173 1605 1282 1670 inteili-

117 1709 247 1792 geudum
265 1719 312 1772 cst
331 1717 515 1794 praesentem
534 1707 668 1794 corporis
691 1706 819 1793 speciem
843 1707 967 1770 eaodem
990 1727 1057 1770 esse
1080 1729 1145 1770 curu
1169 1708 1278 1786 futura,

118 1833 188 1876 cum
205 1831 243 1874 eo
261 1821 371 1890 umen,
395 1822 428 1875 ut
443 1809 622 1876 incredibilis
640 1811 670 1875 iu
687 1809 790 1874 meiius
805 1809 845 1874 sit
862 1811 961 1874 tuturo
978 1809 1112 1875 mutatio.
1144 1805 1280 1874 Necesse

117 1913 199 1978 euim
219 1925 266 1978 eat
279 1913 407 1978 auimsm
425 1913 576 1999 corporeis
597 1913 628 1977 io
647 1912 720 1978 locis
742 1912 912 1976 baerenteur
930 1913 1139 1977 consentaneis
1160 1911 1216 1976 sihi
1239 1911 1281 1976 uti

118 2015 307 2102 corporibus.
351 2018 451 2102 Atque
467 2025 498 2080 ut
514 2016 540 2080 si
559 2015 588 2080 in
608 2013 777 2101 aquatilium
801 2025 935 2078 naturum
958 2035 1120 2080 couversos
1139 2015 1227 2079 vitam
1249 2015 1280 2078 io

119 2119 197 2183 mari
221 2119 330 2203 degere
355 2140 411 2183 uus
436 2129 606 2204 oporteret,
636 2117 836 2182 necessarium
864 2119 941 2181 toret
966 2137 1020 2181 uos
1043 2117 1100 2182 odiu
1124 2137 1279 2202 corporum

118 2220 352 2300 constitutione,
384 2220 565 2306 pisciumque
589 2219 677 2284 simili
705 2239 773 2282 esse
800 2219 966 2304 praeditos,
997 2220 1038 2284 itu
1060 2221 1108 2305 qui
1129 2221 1279 2285 eoeioruru

120 2321 208 2406 requi
225 2320 418 2390 berediteteru
437 2321 543 2388 edituri
558 2333 627 2386 suut
645 2342 679 2386 ue
696 2319 822 2386 diuersis
838 2321 867 2384 iu
885 2311 1004 2385 sedibus
1025 2322 1198 2401 bsbituturi,
1221 2322 1281 2406 spi·

119 2423 221 2488 ritaliu
239 2446 354 2510 quoque
375 2445 500 2512 corpore
519 2423 643 2490 babeant
661 2443 786 2488 neccsse
807 2432 871 2501 est,
896 2445 954 2488 uou
977 2425 1053 2509 quod
1078 2425 1158 2509 prior
1180 2424 1281 2488 estio·

119 2538 233 2610 guntur
247 2527 383 2612 species,
407 2527 522 2592 umctsi
540 2527 570 2590 iu
589 2526 733 2592 illustrius
754 2524 889 2611 quiddsm
905 2526 1122 2612 gloriosiusque
1139 2536 1278 2590 mutetur.

120 2625 376 2712 Quemadmodum
394 2627 462 2694 lesu
486 2650 521 2694 uc
537 2626 655 2715 Moysis
678 2638 709 2692 et
727 2625 812 2692 Eiiue
829 2628 944 2714 specics
967 2629 997 2692 iu
1020 2628 1280 2694 transformatione
1293 2639 1421 2689 tracuus.

122 2752 184 2796 uou
206 2731 373 2818 utinquam
395 2753 469 2818 quae
493 2731 576 2797 initio
597 2741 678 2809 erut,
703 2730 815 2794 extitit.

205 2831 279 2900 Nou
297 2845 326 2900 te
341 2835 432 2920 igitur
445 2835 592 2910 offendat,
616 2831 722 2917 siquis
739 2832 859 2918 primam
874 2832 1035 2898 subiectam
1051 2833 1203 2899 materiam
1220 2854 1279 2898 uou
1298 2843 1358 2912 esp.
1374 2841 1434 2895 xv.

120 2936 248 3002 esuden
267 2945 335 3000 tuuc
359 2939 483 3002 futurum
503 2935 630 3013 dixerit,
655 2955 778 3000 eumue
800 2934 887 3000 biduo
910 2935 1025 3021 quidem
1048 2937 1134 3000 modo
1157 2936 1279 3000 audem

120 3039 200 3104 illam
221 3059 396 3125 permanere
413 3059 500 3124 posse
519 3037 595 3102 ratio
614 3039 679 3124 ipso
695 3037 841 3117 declaret,
864 3038 972 3124 siquis
995 3049 1121 3104 mentem
1141 3039 1212 3102 vetit
1230 3040 1282 3104 sd·

120 3153 255 3208 verrere.
300 3141 565 3206 Animadversioue
591 3151 746 3226 praetcrea
774 3140 893 3225 dignum
918 3151 947 3204 et
971 3141 1040 3206 ittuu
1066 3153 1113 3206 est
1131 3141 1280 3206 diversum

121 3243 265 3312 semiusri
292 3263 416 3330 eorpus,
447 3243 653 3327 diversumque
680 3263 857 3328 resurgeres
892 3249 1055 3308 Securisutur
1079 3250 1151 3308 eurbr
1177 3259 1432 3326 cor-pusterulam

119 3350 263 3422 mehele,
288 3357 420 3426 resurget
443 3365 546 3427 corpus
567 3349 707 3426 spiritale.
754 3343 810 3410 iiis
830 3347 965 3410 omuibus
986 3348 1129 3412 eiusmodi
1152 3347 1189 3411 ob
1211 3368 1281 3433 apo·

120 3451 198 3516 stuic
217 3446 412 3512 subiicioutur
431 3447 536 3531 quibua
553 3467 607 3512 uos
625 3457 773 3512 terrenam
794 3450 961 3534 quuiitstem
980 3451 1023 3514 sic
1043 3469 1110 3514 esso
1132 3449 1281 3536 posituros

120 3552 228 3629 docet,
254 3560 286 3614 ut
301 3550 365 3635 ipss
382 3550 412 3614 io
430 3550 650 3614 resurrectione
666 3550 781 3638 species
801 3553 884 3617 sadra
904 3551 1077 3638 integroque
1097 3562 1279 3640 permaneat.

119 3660 182 3718 llos
198 3665 295 3716 autem
308 3657 387 3728 dabo,
408 3653 534 3731 fratres,
559 3658 689 3734 quorsom
711 3675 780 3716 curo
799 3666 829 3716 et
844 3660 963 3736 suupur's
985 3678 1104 3738 regnum
1123 3662 1172 3718 dsr'
1187 3657 1280 3737 possi-
1293 3673 1349 3718 tatu
1362 3675 1396 3722 tt.

120 3761 189 3820 dere
206 3766 365 3838 sapuerat,
389 3777 479 3838 seque
499 3761 645 3838 rempub
667 3760 915 3838 siroorruptr'orrem.
962 3757 1027 3823 Etsi
1052 3760 1129 3823 cuim
1153 3759 1281 3830 fortusse

121 3859 265 3924 oriudum
284 3856 418 3942 quiddam
435 3869 605 3924 sauctorum
627 3859 744 3942 corpori
770 3858 954 3924 tribuendum
978 3861 1052 3939 erit,
1078 3871 1109 3924 ut
1130 3861 1158 3924 id
1182 3859 1281 3924 curuis

120 3964 185 4048 ipsu
206 3960 373 4050 proprietas
390 3973 568 4042 conseruet,
591 3981 662 4026 curo
684 3971 780 4025 taureu
803 3964 925 4046 amptius
949 3985 1008 4028 uoo
1032 3964 1106 4043 erit,
1130 3965 1182 4028 sed
1206 3963 1281 4048 quod

118 4153 203 4202 mero
218 4152 261 4202 boe
279 4153 420 4215 ptueucrut,
442 4153 483 4214 qur
499 4153 575 4202 Aduo.
590 4153 686 4202 tttacett.
721 4149 833 4204 scrutr
818 4155 917 4204 τιτῶι
940 4147 1047 4218 γηΐι,ωι
1073 4148 1282 4220 διακρατοῦμιιοι

118 4217 393 4284 septematrus.
425 4221 539 4280 rrrprrcem
567 4221 688 4282 proposuit
721 4213 770 4271 dud
786 4221 830 4271 τοῦ
849 4218 966 4275 ἶδιοποιοῦ
952 4236 1023 4280 ιιτις
1043 4223 1080 4271 ιιι
1102 4219 1238 4276 stercorato
1227 4237 1284 4283 ιτος

118 4289 323 4350 morbosos,
347 4299 395 4338 esse
408 4289 481 4338 uidet
481 4293 515 4338 cet
529 4287 663 4372 reposqsdu
663 4301 687 4336 ιιι
721 4291 772 4339 ortt.
798 4289 845 4338 Pro
863 4288 985 4342 ιιδοττιιιῦ
971 4305 1042 4348 curre
1056 4293 1127 4352 estro,
1143 4293 1253 4355 quodem
1254 4305 1283 4342 sc

112 4350 200 4416 'leuc
217 4353 264 4438 patr
277 4352 328 4422 γὰρ
344 4354 519 4440 cqptscrudru
510 4355 581 4409 ιτῶι
598 4351 687 4422 ἄγιιιι,
721 4369 751 4406 cc
764 4359 816 4408 cod.
836 4361 918 4409 renuo
934 4361 1042 4421 repcrut,
1057 4361 1128 4422 uutpc
1141 4366 1205 4477 estpnt
1220 4359 1282 4414 toro·

118 4420 310 4490 διακρατοιμιι
311 4441 377 4476 ιιι
362 4419 411 4478 dud
436 4423 482 4476 τοῦ
513 4393 688 4485 ἱδιιτιοιοῦιτος
720 4426 855 4485 ποιοῦντος.
891 4429 975 4477 Vetto:
999 4427 1153 4480 Fortasse

118 4485 687 4562 οιιι,ιιιριιιιιι”1σιιςμιιγὰριιιρι·
721 4443 1282 4564 cumqurnbeoquotmumiria-
