3154 4930
346 215 482 266 neuneu
498 215 561 267 rue.
576 216 609 268 ιι.
625 212 707 268 rou.
721 215 753 266 ιι.
770 213 871 264 nunu.
885 213 978 266 uxvr.
1171 199 1233 262 ele
1274 169 1280 188 ’

1 409 2 420 ἵ
83 332 147 395 suis
161 329 310 398 illecebris
324 333 444 400 allicere
463 334 644 418 aggreditur,
668 355 742 418 quee
762 353 795 397 se
815 333 943 396 maribus
962 331 1174 416 pulcherrimae
1191 333 1234 396 lc·

1 513 3 540 Ι
83 435 199 515 rninee,
232 435 440 500 leminis'vero
463 437 606 522 elegantis
632 459 666 500 ec
694 435 815 510 formosi
840 434 938 520 specie
962 434 1076 498 iuvenis
1106 435 1233 499 offerens

82 533 256 624 Principes,
281 561 344 602 cum
369 561 433 604 eam
458 551 513 604 tarn
534 539 682 624 exquisito
702 551 807 602 orosto
828 538 972 616 uiderint,
997 537 1032 600 ed
1054 537 1099 600 sui
1122 538 1234 601 deside-

82 641 158 704 riurn
176 641 366 706 vehementer
383 643 527 708 accendit.
574 639 631 725 Qui
649 663 713 706 com
733 663 797 706 eum
821 639 937 726 assequi
962 650 1124 724 nequeant,
1149 651 1234 704 extre

82 754 259 829 potestaten
285 755 448 824 exeuntes,
480 766 549 829 prae
577 766 677 808 umore
702 766 736 808 ac
765 744 921 828 cupiditate
943 742 1044 806 mirum
1066 741 1098 806 iu
1120 743 1234 806 modum

1 913 2 938 ἶ
82 847 293 911 exardescunt.
328 843 461 933 Cumque
478 848 697 912 occurrentibus
714 847 914 930 illisrirgose
930 845 1098 910 exitiorum
1115 855 1234 931 aspectu

1 953 2 962 ’
82 949 278 1028 subduxerit,
303 961 362 1013 tum
385 972 508 1035 mugnus
525 947 669 1036 Princeps
690 971 730 1014 ex
753 969 820 1014 sese
843 949 935 1013 nubes
960 948 1082 1027 emittit,
1112 958 1143 1012 ut
1166 969 1235 1033 prae

80 1053 235 1116 iracundie
251 1054 358 1118 mundo
375 1053 512 1118 tenebras
530 1053 670 1117 offundet.
707 1053 804 1136 Atque
821 1053 874 1116 boe
891 1051 976 1115 modo
991 1050 1017 1114 si
1035 1051 1235 1114 uehementius

80 1165 245 1240 premetur,
271 1155 396 1220 lromiuis
414 1157 508 1221 iuster
528 1178 567 1220 ex
585 1157 691 1221 sudore
711 1155 847 1234 lassetur,
872 1154 919 1238 qui
938 1154 1051 1238 quidem
1070 1155 1159 1218 sudor
1176 1153 1236 1238 plu·

80 1255 162 1320 viarn
185 1257 283 1321 efficit.
330 1255 381 1330 Sic
403 1271 433 1322 et.
451 1260 584 1346 princeps
606 1258 701 1335 alter,
725 1255 846 1322 Messon
861 1256 1037 1342 appellatus,
1062 1257 1085 1319 si
1104 1255 1235 1339 Virginis

1 1343 5 1353 ’
79 1360 224 1425 illecebra
240 1359 390 1447 capietur,
415 1372 526 1448 pestem
543 1361 572 1426 in
592 1361 759 1425 universam
776 1371 882 1424 terrem
901 1359 1056 1445 perdendis
1074 1359 1235 1422 bominibus

1 1451 2 1478 ¹
80 1463 224 1526 immittit.
270 1460 420 1549 Siquidem
446 1485 552 1550 corpus
576 1464 654 1528 istud
678 1484 742 1530 cum
767 1464 877 1528 meiorc
906 1463 1011 1526 mundo
1038 1472 1235 1548 comparatum

2 1553 5 1561 ’
81 1587 191 1652 corpus
207 1566 324 1631 dicitur.
371 1562 511 1631 Ceterum
529 1567 662 1631 homines
679 1567 809 1658 puniversi
827 1567 940 1630 radices
956 1565 1062 1628 hebent
1078 1566 1153 1629 inire
1170 1586 1234 1628 orum

82 1669 288 1754 superioribus
311 1691 474 1734 connexus.
522 1666 614 1754 lgitur
641 1691 705 1734 cum
730 1691 747 1734 e
769 1667 892 1752 Virgine
917 1669 1056 1754 pellectus
1078 1679 1236 1753 captusque

1 1763 2 1769 ¹
84 1771 191 1849 luerit,
217 1783 285 1835 tuuc
306 1771 453 1836 hominum
474 1783 625 1858 amputare
644 1771 758 1835 radices
775 1773 897 1856 incipit,
920 1771 1023 1856 quibus
1043 1771 1165 1834 succisis
1188 1791 1237 1855 pe-

1 1865 2 1895 ³
83 1873 215 1937 stileutia
241 1885 411 1958 grassetur,
443 1877 541 1960 iteque
567 1875 740 1938 moriuntur.
787 1873 872 1958 Quod
901 1874 926 1936 si
952 1873 1105 1959 superiore
1130 1872 1236 1936 radicis

1 1993 2 1996 ’
83 1997 154 2059 pree
170 1975 270 2040 labore
286 1977 463 2062 quatientur,
489 1987 586 2042 terrae
602 1987 696 2043 motus
713 1977 912 2062 consequitur,
936 1998 993 2060 quo
1009 1973 1131 2042 lieinlus
1149 1976 1236 2038 etiem

84 2079 263 2142 concutitur.
310 2078 354 2144 Ee
378 2101 482 2144 ceusse
505 2079 608 2144 mortis
631 2089 687 2144 est.
1212 2094 1219 2108 “

170 2179 262 2246 Nunc
275 2182 344 2246 illud
361 2183 445 2248 vobis
461 2203 607 2270 exponam
623 2183 862 2267 quemadmodum
877 2181 972 2245 enime
987 2181 1112 2266 quinque
1126 2181 1157 2243 in
1171 2200 1236 2243 cor·
1279 2189 1339 2255 dap.

1 2281 2 2312 ³
84 2305 157 2369 pore
175 2285 408 2350 transfundetur.
455 2283 487 2349 ln
508 2286 609 2371 primis
630 2286 706 2348 euim
730 2306 797 2371 pers
821 2285 897 2349 illius
920 2285 1027 2368 exigue
1051 2295 1234 2368 repurgetur.
1254 2258 1375 2311 ΧΧῊΗ·

86 2385 166 2450 Tum
193 2386 222 2450 in
247 2391 329 2452 cauis
349 2388 399 2452 vel
423 2389 525 2452 carneli
549 2388 597 2451 vel
621 2387 742 2451 alterins
768 2387 900 2452 animalis
919 2408 1024 2472 corpus
1050 2387 1235 2450 transfertur.

85 2488 133 2551 Ac
149 2487 174 2553 si
194 2488 378 2554 homicidium
399 2491 494 2554 errime
514 2490 744 2576 perpetraverit,
767 2490 795 2554 in
813 2490 998 2576 celephornm
1017 2510 1123 2575 corpus
1143 2500 1238 2553 treus-

86 2591 191 2654 lertur.
239 2589 272 2657 Si
289 2593 450 2657 messuisse
469 2593 718 2677 deprehendatur,
742 2593 771 2656 iu
789 2593 890 2657 balbos
907 2611 942 2656 ec
960 2592 1057 2676 linqua
1076 2593 1235 2678 praeditos.

84 2691 216 2758 Animae
239 2716 311 2760 vero
336 2697 408 2760 baec
432 2697 493 2782 ipse
518 2696 635 2760 nomina
658 2705 743 2775 sunt,
773 2715 873 2774 meos,
903 2695 1001 2774 notio,
1032 2695 1235 2780 intelligentie,

86 2797 246 2881 cogitatio,
271 2798 468 2862 ratiocinatio.
514 2798 557 2861 At
581 2818 746 2877 messores,
774 2799 946 2882 quicumque
971 2809 1101 2876 metunt,
1123 2794 1239 2861 Princi-

1 2928 2 2936 ι
85 2921 154 2984 pum
173 2899 284 2964 similes
300 2911 385 2978 sont,
410 2899 457 2984 qui
476 2900 655 2964 intenebris
674 2899 731 2964 iam
749 2910 809 2964 tum
827 2900 861 2963 ab
879 2900 962 2964 initio
979 2911 1149 2979 versentur,
1173 2921 1237 2964 cum

85 3001 173 3087 primi
192 3002 317 3066 hominis
333 3013 509 3069 armaturam
532 3005 704 3066 edederunt.
751 3000 820 3066 ldeo
835 3004 1029 3088 transportari
1045 3004 1109 3068 illos
1131 3004 1159 3067 in
1178 3004 1239 3066 loe·

85 3126 156 3170 num
181 3115 231 3168 eut
253 3105 389 3190 phaselos
410 3119 460 3170 eut
478 3106 618 3170 hordeum
636 3116 686 3168 eut
706 3104 814 3191 spicum
833 3107 952 3171 ulereve
975 3127 1098 3170 necesse
1121 3116 1184 3186 est,
1209 3115 1240 3168 ut

83 3207 158 3272 meti
181 3207 349 3292 succidique
371 3209 495 3294 possint.
540 3205 622 3272 Pane
647 3208 672 3272 si
693 3209 757 3292 quis
777 3208 923 3288 rescitur,
952 3231 1056 3295 penem
1080 3211 1163 3274 leuno
1177 3193 1243 3271 lieri

1 3320 3 3334 '
85 3319 222 3396 oportet,
248 3312 403 3397 utetipse
421 3311 601 3375 comedetur.
647 3311 743 3374 Auem
761 3312 808 3396 qui
827 3313 978 3390 occiderit,
1002 3312 1066 3377 evis
1085 3311 1145 3375 det.
1191 3307 1240 3376 si-

84 3413 198 3478 militer
222 3414 272 3497 qui
296 3433 407 3478 murem
433 3412 591 3490 ceciderit,
614 3412 644 3475 in
667 3433 777 3477 murem
800 3415 1036 3480 commutabitur.
1079 3411 1240 3478 Prueteree

83 3514 110 3578 si
127 3514 194 3598 quis
210 3514 240 3579 iu
257 3514 311 3580 bec
327 3515 386 3579 rite
401 3516 483 3580 dives
500 3513 599 3594 luerit,
625 3515 673 3578 ubi
688 3535 728 3578 ex
744 3537 867 3602 corpore
884 3517 1054 3602 migraverit
1068 3518 1098 3582 iu
1115 3514 1240 3580 mendici

84 3638 196 3705 corpus
215 3619 421 3699 transferetur,
446 3628 477 3682 ut
490 3617 632 3683 oberreus
647 3616 750 3704 stipem
768 3632 922 3704 corruget,
945 3620 1070 3705 indeque
1087 3619 1240 3706 sempiter-

84 3853 183 3900 norum,
203 3838 312 3892 efficitur
326 3839 478 3908 pestilentia,
497 3853 523 3892 et
538 3841 574 3892 its
590 3859 647 3894 rno-
715 3842 739 3894 2
765 3840 872 3909 σώματα
897 3848 992 3907 uimque
1014 3845 1065 3894 eod
1086 3857 1128 3894 res.
1164 3839 1241 3907 σῶμα

83 3907 195 3958 rinctus.
681 3912 752 3976 edttr',
779 3915 915 3976 quibuscum
940 3915 1030 3975 fuciunt
1052 3915 1110 3963 suo
1134 3911 1241 3961 dsebelni

119 3973 146 4027 6.
163 3971 348 4043 sinucodano.
365 3983 466 4041 meque.
493 3974 562 4046 πόνῳ
578 3981 649 4042 edttt5
682 3981 722 4042 qut
739 3995 829 4046 corpus
844 3983 954 4044 prestent

81 4057 233 4107 quiunquam
250 4047 377 4097 Omoemus
396 4049 467 4097 tuttne
487 4052 588 4098 unkrut
606 4046 649 4096 in·
715 4047 739 4100 3.
758 4044 924 4115 perquirens
940 4049 1239 4110 suceessorum.

81 4112 211 4162 tensione.
246 4115 294 4164 Vet
309 4116 423 4176 luterum
436 4120 485 4164 Act.
500 4117 525 4166 S.
541 4117 649 4166 Arrbetns'
716 4113 740 4168 4.
757 4111 786 4169 τό
804 4131 849 4166 orn.
867 4119 904 4176 ed,
920 4119 1000 4168 Pstno.
1019 4118 1097 4168 colon.
1115 4121 1185 4180 repet.

80 4181 157 4230 scen
172 4178 267 4242 Quodsi
284 4181 424 4249 superiores
439 4191 524 4248 partes
538 4182 649 4233 radicum
716 4185 740 4235 5.
758 4179 858 4251 dudum
875 4187 926 4234 eod.
941 4191 1035 4248 Morte
1052 4199 1095 4235 ms.

81 4246 194 4298 vnlidius
210 4249 375 4310 concusserit,
393 4247 421 4299 lit
437 4259 521 4301 temne
535 4261 624 4302 motus.
715 4249 741 4304 b.
757 4243 777 4318 ἦ
796 4249 927 4319 spuentes
951 4254 1019 4304 codd.
1041 4267 1096 4303 mss.
1116 4256 1174 4304 doto
1195 4256 1240 4304 dr·

121 4315 183 4365 Cur.
199 4315 321 4368 XXthl.
344 4345 375 4356 -
417 4319 439 4370 1.
458 4317 648 4386 elephantiaco·
682 4321 757 4370 cbelct
775 4321 811 4370 ed.
827 4323 882 4372 Zac.
897 4335 922 4383 p.
937 4321 974 4370 lr'r:
992 4324 1105 4384 pruebnrt
1119 4321 1240 4373 feseolnm

81 4400 142 4435 rum
150 4389 520 4450 tumeretcntrmdctulrcbetcs'.
546 4389 573 4440 V.
589 4401 649 4452 quus
683 4388 747 4457 (cod
763 4391 819 4440 bob.
838 4387 971 4456 lunellum).

79 4456 202 4506 amnui
218 4454 253 4504 ud
268 4467 322 4517 cup.
335 4453 360 4508 9.
718 4456 742 4510 7.
760 4450 858 4524 ἀνάγγη
875 4457 943 4509 codd.
959 4471 1030 4522 mss„
1046 4461 1083 4510 utt
1096 4473 1177 4524 rupen.

144 4533 234 4593 verpus
246 4533 382 4583 mascel.
395 4534 425 4582 ΙΙ.
438 4539 458 4584 2
998 4547 1039 4610 29
