<?xml version="1.0" encoding="UTF-8"?>
<!DOCTYPE html PUBLIC "-//W3C//DTD XHTML 1.0 Transitional//EN"
    "http://www.w3.org/TR/xhtml1/DTD/xhtml1-transitional.dtd">
<html xmlns="http://www.w3.org/1999/xhtml" xml:lang="en" lang="en">
 <head>
  <title>
</title>
<meta http-equiv="Content-Type" content="text/html;charset=utf-8" />
  <meta name='ocr-system' content='tesseract 3.04.00' />
  <meta name='ocr-capabilities' content='ocr_page ocr_carea ocr_par ocr_line ocrx_word'/>
</head>
<body>
  <div class='ocr_page' id='page_1' title='image "./corporishaerese02oehlgoog_0220.png"; bbox 0 0 3116 4934; ppageno 0'>
   <div class='ocr_carea' id='block_1_1' title="bbox 357 199 1233 264">
    <p class='ocr_par' dir='ltr' id='par_1_1' title="bbox 357 199 1233 264">
     <span class='ocr_line' id='line_1_1' title="bbox 357 199 1233 264; baseline 0.003 -5"><span class='ocrx_word' id='word_1_1' title='bbox 357 207 493 260; x_wconf 76' lang='lat' dir='ltr'>rsuram</span> <span class='ocrx_word' id='word_1_2' title='bbox 511 207 572 260; x_wconf 80' lang='lat' dir='ltr'>uto.</span> <span class='ocrx_word' id='word_1_3' title='bbox 585 209 617 259; x_wconf 94' lang='grc' dir='ltr'>ιι.</span> <span class='ocrx_word' id='word_1_4' title='bbox 634 207 716 260; x_wconf 82' lang='lat' dir='ltr'>ron.</span> <span class='ocrx_word' id='word_1_5' title='bbox 731 209 750 259; x_wconf 92' lang='grc' dir='ltr'>ι.</span> <span class='ocrx_word' id='word_1_6' title='bbox 767 207 866 261; x_wconf 79' lang='lat' dir='ltr'>naun.</span> <span class='ocrx_word' id='word_1_7' title='bbox 880 209 950 260; x_wconf 81' lang='lat' dir='ltr'>uxr.</span> <span class='ocrx_word' id='word_1_8' title='bbox 1173 199 1233 264; x_wconf 79' lang='lat'>199</span> 
     </span>
    </p>
   </div>
   <div class='ocr_carea' id='block_1_2' title="bbox 45 323 1435 4291">
    <p class='ocr_par' dir='ltr' id='par_1_2' title="bbox 73 323 1385 2145">
     <span class='ocr_line' id='line_1_2' title="bbox 78 323 1234 416; baseline 0.005 -28"><span class='ocrx_word' id='word_1_9' title='bbox 78 332 144 390; x_wconf 78' lang='lat' dir='ltr'>deur</span> <span class='ocrx_word' id='word_1_10' title='bbox 160 331 312 390; x_wconf 73' lang='lat' dir='ltr'>continete</span> <span class='ocrx_word' id='word_1_11' title='bbox 331 331 412 392; x_wconf 82' lang='lat' dir='ltr'>bono</span> <span class='ocrx_word' id='word_1_12' title='bbox 428 349 483 390; x_wconf 91' lang='lat' dir='ltr'>non</span> <span class='ocrx_word' id='word_1_13' title='bbox 501 335 635 410; x_wconf 80' lang='lat' dir='ltr'>reperet?</span> <span class='ocrx_word' id='word_1_14' title='bbox 676 323 755 390; x_wconf 88' lang='lat' dir='ltr'>Nam</span> <span class='ocrx_word' id='word_1_15' title='bbox 774 347 813 391; x_wconf 81' lang='lat' dir='ltr'>ex</span> <span class='ocrx_word' id='word_1_16' title='bbox 835 329 1013 394; x_wconf 90' lang='lat' dir='ltr'>necessitate</span> <span class='ocrx_word' id='word_1_17' title='bbox 1035 349 1175 416; x_wconf 87' lang='lat' dir='ltr'>separare</span> <span class='ocrx_word' id='word_1_18' title='bbox 1196 331 1234 394; x_wconf 86' lang='lat' dir='ltr'>ab</span> 
     </span>
     <span class='ocr_line' id='line_1_3' title="bbox 80 429 1234 516; baseline 0.004 -26"><span class='ocrx_word' id='word_1_19' title='bbox 80 429 197 492; x_wconf 86' lang='lat' dir='ltr'>bomine</span> <span class='ocrx_word' id='word_1_20' title='bbox 213 441 274 508; x_wconf 84' lang='lat' dir='ltr'>est,</span> <span class='ocrx_word' id='word_1_21' title='bbox 297 441 403 516; x_wconf 86' lang='lat' dir='ltr'>sponte</span> <span class='ocrx_word' id='word_1_22' title='bbox 425 449 497 492; x_wconf 90' lang='lat' dir='ltr'>vcro</span> <span class='ocrx_word' id='word_1_23' title='bbox 519 429 671 492; x_wconf 89' lang='lat' dir='ltr'>continere</span> <span class='ocrx_word' id='word_1_24' title='bbox 690 449 757 492; x_wconf 84' lang='lat' dir='ltr'>sese</span> <span class='ocrx_word' id='word_1_25' title='bbox 778 451 836 492; x_wconf 90' lang='lat' dir='ltr'>nou</span> <span class='ocrx_word' id='word_1_26' title='bbox 855 430 980 494; x_wconf 86' lang='lat' dir='ltr'>bominis</span> <span class='ocrx_word' id='word_1_27' title='bbox 1003 451 1088 508; x_wconf 87' lang='lat' dir='ltr'>csse,</span> <span class='ocrx_word' id='word_1_28' title='bbox 1112 433 1163 495; x_wconf 86' lang='lat' dir='ltr'>sed</span> <span class='ocrx_word' id='word_1_29' title='bbox 1187 432 1234 495; x_wconf 93' lang='lat' dir='ltr'>dei</span> 
     </span>
     <span class='ocr_line' id='line_1_4' title="bbox 80 531 1233 619; baseline 0.003 -27"><span class='ocrx_word' id='word_1_30' title='bbox 80 551 150 615; x_wconf 85' lang='lat' dir='ltr'>opus</span> <span class='ocrx_word' id='word_1_31' title='bbox 168 531 309 596; x_wconf 83' lang='lat' dir='ltr'>ostendit.</span> <span class='ocrx_word' id='word_1_32' title='bbox 357 533 403 596; x_wconf 85' lang='lat' dir='ltr'>Ad</span> <span class='ocrx_word' id='word_1_33' title='bbox 425 532 497 596; x_wconf 88' lang='lat' dir='ltr'>baec</span> <span class='ocrx_word' id='word_1_34' title='bbox 517 531 658 596; x_wconf 91' lang='lat' dir='ltr'>naturalis</span> <span class='ocrx_word' id='word_1_35' title='bbox 677 531 723 594; x_wconf 88' lang='lat' dir='ltr'>illa</span> <span class='ocrx_word' id='word_1_36' title='bbox 744 533 906 595; x_wconf 83' lang='lat' dir='ltr'>necessitas</span> <span class='ocrx_word' id='word_1_37' title='bbox 925 532 1012 596; x_wconf 89' lang='lat' dir='ltr'>babet</span> <span class='ocrx_word' id='word_1_38' title='bbox 1026 553 1115 618; x_wconf 85' lang='lat' dir='ltr'>saepe</span> <span class='ocrx_word' id='word_1_39' title='bbox 1133 554 1233 619; x_wconf 87' lang='lat' dir='ltr'>repre·</span> 
     </span>
     <span class='ocr_line' id='line_1_5' title="bbox 81 631 1232 720; baseline 0.003 -26"><span class='ocrx_word' id='word_1_40' title='bbox 81 631 269 710; x_wconf 85' lang='lat' dir='ltr'>bansionem,</span> <span class='ocrx_word' id='word_1_41' title='bbox 295 633 430 717; x_wconf 90' lang='lat' dir='ltr'>qnoniam</span> <span class='ocrx_word' id='word_1_42' title='bbox 448 633 475 696; x_wconf 91' lang='lat' dir='ltr'>id</span> <span class='ocrx_word' id='word_1_43' title='bbox 491 635 601 719; x_wconf 87' lang='lat' dir='ltr'>ipsum,</span> <span class='ocrx_word' id='word_1_44' title='bbox 625 634 700 717; x_wconf 85' lang='lat' dir='ltr'>quod</span> <span class='ocrx_word' id='word_1_45' title='bbox 720 632 890 698; x_wconf 86' lang='lat' dir='ltr'>necessario</span> <span class='ocrx_word' id='word_1_46' title='bbox 910 633 1075 720; x_wconf 84' lang='lat' dir='ltr'>impositum</span> <span class='ocrx_word' id='word_1_47' title='bbox 1091 645 1149 712; x_wconf 89' lang='lat' dir='ltr'>est,</span> <span class='ocrx_word' id='word_1_48' title='bbox 1174 655 1232 698; x_wconf 84' lang='lat' dir='ltr'>rton</span> 
     </span>
     <span class='ocr_line' id='line_1_6' title="bbox 80 735 1231 822; baseline 0.001 -25"><span class='ocrx_word' id='word_1_49' title='bbox 80 745 158 798; x_wconf 88' lang='lat' dir='ltr'>recto</span> <span class='ocrx_word' id='word_1_50' title='bbox 175 735 300 799; x_wconf 88' lang='lat' dir='ltr'>consilio</span> <span class='ocrx_word' id='word_1_51' title='bbox 318 757 352 799; x_wconf 88' lang='lat' dir='ltr'>ao</span> <span class='ocrx_word' id='word_1_52' title='bbox 367 737 481 800; x_wconf 85' lang='lat' dir='ltr'>rationo</span> <span class='ocrx_word' id='word_1_53' title='bbox 501 735 666 822; x_wconf 86' lang='lat' dir='ltr'>perficitur,</span> <span class='ocrx_word' id='word_1_54' title='bbox 690 736 742 798; x_wconf 87' lang='lat' dir='ltr'>sed</span> <span class='ocrx_word' id='word_1_55' title='bbox 763 735 840 799; x_wconf 89' lang='lat' dir='ltr'>iutra</span> <span class='ocrx_word' id='word_1_56' title='bbox 858 738 987 819; x_wconf 83' lang='lat' dir='ltr'>regulum</span> <span class='ocrx_word' id='word_1_57' title='bbox 1004 735 1123 798; x_wconf 90' lang='lat' dir='ltr'>minime</span> <span class='ocrx_word' id='word_1_58' title='bbox 1139 737 1231 799; x_wconf 90' lang='lat' dir='ltr'>couti·</span> 
     </span>
     <span class='ocr_line' id='line_1_7' title="bbox 78 835 1233 922; baseline 0.002 -24"><span class='ocrx_word' id='word_1_59' title='bbox 78 848 174 900; x_wconf 89' lang='lat' dir='ltr'>netur.</span> <span class='ocrx_word' id='word_1_60' title='bbox 219 835 290 900; x_wconf 90' lang='lat' dir='ltr'>Non</span> <span class='ocrx_word' id='word_1_61' title='bbox 312 836 389 900; x_wconf 89' lang='lat' dir='ltr'>enim</span> <span class='ocrx_word' id='word_1_62' title='bbox 407 838 435 898; x_wconf 87' lang='lat' dir='ltr'>ri</span> <span class='ocrx_word' id='word_1_63' title='bbox 453 839 656 921; x_wconf 77' lang='lat' dir='ltr'>extorquenda</span> <span class='ocrx_word' id='word_1_64' title='bbox 673 837 765 922; x_wconf 88' lang='lat' dir='ltr'>pietas</span> <span class='ocrx_word' id='word_1_65' title='bbox 783 847 839 916; x_wconf 87' lang='lat' dir='ltr'>est,</span> <span class='ocrx_word' id='word_1_66' title='bbox 865 839 916 900; x_wconf 89' lang='lat' dir='ltr'>sed</span> <span class='ocrx_word' id='word_1_67' title='bbox 936 838 1058 902; x_wconf 90' lang='lat' dir='ltr'>consilio</span> <span class='ocrx_word' id='word_1_68' title='bbox 1075 859 1109 902; x_wconf 88' lang='lat' dir='ltr'>ao</span> <span class='ocrx_word' id='word_1_69' title='bbox 1129 837 1233 902; x_wconf 84' lang='lat' dir='ltr'>volun·</span> 
     </span>
     <span class='ocr_line' id='line_1_8' title="bbox 78 937 1233 1024; baseline 0.002 -24"><span class='ocrx_word' id='word_1_70' title='bbox 78 947 132 1001; x_wconf 87' lang='lat' dir='ltr'>tate</span> <span class='ocrx_word' id='word_1_71' title='bbox 147 937 261 1002; x_wconf 85' lang='lat' dir='ltr'>institia</span> <span class='ocrx_word' id='word_1_72' title='bbox 280 937 450 1024; x_wconf 87' lang='lat' dir='ltr'>suscipitur.</span> <span class='ocrx_word' id='word_1_73' title='bbox 495 937 591 1002; x_wconf 91' lang='lat' dir='ltr'>Porro</span> <span class='ocrx_word' id='word_1_74' title='bbox 610 959 684 1022; x_wconf 87' lang='lat' dir='ltr'>quae</span> <span class='ocrx_word' id='word_1_75' title='bbox 701 939 736 1000; x_wconf 91' lang='lat' dir='ltr'>ad</span> <span class='ocrx_word' id='word_1_76' title='bbox 753 939 890 1022; x_wconf 86' lang='lat' dir='ltr'>pictatem</span> <span class='ocrx_word' id='word_1_77' title='bbox 909 940 1025 1024; x_wconf 81' lang='lat' dir='ltr'><strong>proprie</strong></span> <span class='ocrx_word' id='word_1_78' title='bbox 1043 951 1112 1002; x_wconf 88' lang='lat' dir='ltr'>sunt</span> <span class='ocrx_word' id='word_1_79' title='bbox 1130 959 1233 1002; x_wconf 90' lang='lat' dir='ltr'>neces·</span> 
     </span>
     <span class='ocr_line' id='line_1_9' title="bbox 76 1041 1233 1124; baseline 0.002 -22"><span class='ocrx_word' id='word_1_80' title='bbox 76 1041 152 1104; x_wconf 82' lang='lat' dir='ltr'>saria</span> <span class='ocrx_word' id='word_1_81' title='bbox 171 1041 328 1104; x_wconf 77' lang='lat' dir='ltr'>manifesta</span> <span class='ocrx_word' id='word_1_82' title='bbox 346 1053 434 1120; x_wconf 88' lang='lat' dir='ltr'>suut,</span> <span class='ocrx_word' id='word_1_83' title='bbox 459 1062 533 1124; x_wconf 87' lang='lat' dir='ltr'>quae</span> <span class='ocrx_word' id='word_1_84' title='bbox 551 1041 665 1104; x_wconf 88' lang='lat' dir='ltr'>seilicet</span> <span class='ocrx_word' id='word_1_85' title='bbox 685 1041 818 1104; x_wconf 88' lang='lat' dir='ltr'>lromines</span> <span class='ocrx_word' id='word_1_86' title='bbox 834 1050 956 1104; x_wconf 83' lang='lat' dir='ltr'>naturae</span> <span class='ocrx_word' id='word_1_87' title='bbox 973 1043 1053 1104; x_wconf 87' lang='lat' dir='ltr'>uelut</span> <span class='ocrx_word' id='word_1_88' title='bbox 1071 1041 1233 1104; x_wconf 87' lang='lat' dir='ltr'>admetiun-</span> 
     </span>
     <span class='ocr_line' id='line_1_10' title="bbox 76 1140 1233 1228; baseline 0.002 -24"><span class='ocrx_word' id='word_1_89' title='bbox 76 1153 130 1205; x_wconf 90' lang='lat' dir='ltr'>tur.</span> <span class='ocrx_word' id='word_1_90' title='bbox 180 1140 276 1224; x_wconf 76' lang='lat' dir='ltr'>Quale</span> <span class='ocrx_word' id='word_1_91' title='bbox 300 1154 347 1208; x_wconf 90' lang='lat' dir='ltr'>est</span> <span class='ocrx_word' id='word_1_92' title='bbox 371 1163 429 1208; x_wconf 91' lang='lat' dir='ltr'>non</span> <span class='ocrx_word' id='word_1_93' title='bbox 459 1144 615 1222; x_wconf 79' lang='lat' dir='ltr'>fornicari,</span> <span class='ocrx_word' id='word_1_94' title='bbox 645 1163 738 1226; x_wconf 89' lang='lat' dir='ltr'>neque</span> <span class='ocrx_word' id='word_1_95' title='bbox 762 1142 933 1206; x_wconf 70' lang='lat' dir='ltr'><strong>adulterium</strong></span> <span class='ocrx_word' id='word_1_96' title='bbox 957 1153 1143 1228; x_wconf 87' lang='lat' dir='ltr'>perpetrare,</span> <span class='ocrx_word' id='word_1_97' title='bbox 1173 1161 1233 1206; x_wconf 87' lang='lat' dir='ltr'>uon</span> 
     </span>
     <span class='ocr_line' id='line_1_11' title="bbox 77 1243 1232 1330; baseline 0.001 -23"><span class='ocrx_word' id='word_1_98' title='bbox 77 1243 231 1308; x_wconf 81' lang='lat' dir='ltr'>libidinose</span> <span class='ocrx_word' id='word_1_99' title='bbox 254 1265 287 1308; x_wconf 88' lang='lat' dir='ltr'>se</span> <span class='ocrx_word' id='word_1_100' title='bbox 309 1265 432 1329; x_wconf 88' lang='lat' dir='ltr'>gerere,</span> <span class='ocrx_word' id='word_1_101' title='bbox 459 1266 517 1308; x_wconf 88' lang='lat' dir='ltr'>non</span> <span class='ocrx_word' id='word_1_102' title='bbox 536 1245 681 1308; x_wconf 88' lang='lat' dir='ltr'>secundas</span> <span class='ocrx_word' id='word_1_103' title='bbox 707 1245 809 1308; x_wconf 91' lang='lat' dir='ltr'>codem</span> <span class='ocrx_word' id='word_1_104' title='bbox 828 1255 957 1328; x_wconf 88' lang='lat' dir='ltr'>tempore</span> <span class='ocrx_word' id='word_1_105' title='bbox 978 1246 1092 1330; x_wconf 88' lang='lat' dir='ltr'>nuptias</span> <span class='ocrx_word' id='word_1_106' title='bbox 1114 1255 1232 1308; x_wconf 82' lang='lat' dir='ltr'>contra-</span> 
     </span>
     <span class='ocr_line' id='line_1_12' title="bbox 76 1345 1231 1432; baseline 0.002 -24"><span class='ocrx_word' id='word_1_107' title='bbox 76 1345 164 1426; x_wconf 90' lang='lat' dir='ltr'>bere,</span> <span class='ocrx_word' id='word_1_108' title='bbox 191 1367 248 1410; x_wconf 90' lang='lat' dir='ltr'>non</span> <span class='ocrx_word' id='word_1_109' title='bbox 268 1367 384 1432; x_wconf 85' lang='lat' dir='ltr'>rapere,</span> <span class='ocrx_word' id='word_1_110' title='bbox 410 1369 468 1410; x_wconf 89' lang='lat' dir='ltr'>nou</span> <span class='ocrx_word' id='word_1_111' title='bbox 484 1347 620 1412; x_wconf 87' lang='lat' dir='ltr'>iniuriam</span> <span class='ocrx_word' id='word_1_112' title='bbox 639 1348 748 1423; x_wconf 86' lang='lat' dir='ltr'>tacere,</span> <span class='ocrx_word' id='word_1_113' title='bbox 774 1368 832 1409; x_wconf 89' lang='lat' dir='ltr'>non</span> <span class='ocrx_word' id='word_1_114' title='bbox 850 1345 1007 1424; x_wconf 89' lang='lat' dir='ltr'>inebriari,</span> <span class='ocrx_word' id='word_1_115' title='bbox 1032 1368 1090 1409; x_wconf 90' lang='lat' dir='ltr'>non</span> <span class='ocrx_word' id='word_1_116' title='bbox 1108 1367 1142 1412; x_wconf 89' lang='lat' dir='ltr'>se</span> <span class='ocrx_word' id='word_1_117' title='bbox 1157 1346 1231 1410; x_wconf 85' lang='lat' dir='ltr'>cibis</span> 
     </span>
     <span class='ocr_line' id='line_1_13' title="bbox 75 1447 1230 1534; baseline 0.002 -24"><span class='ocrx_word' id='word_1_118' title='bbox 75 1448 267 1532; x_wconf 82' lang='lat' dir='ltr'>ininrgitare‚</span> <span class='ocrx_word' id='word_1_119' title='bbox 293 1470 350 1512; x_wconf 89' lang='lat' dir='ltr'>uon</span> <span class='ocrx_word' id='word_1_120' title='bbox 367 1449 540 1512; x_wconf 80' lang='lat' dir='ltr'>veneficium</span> <span class='ocrx_word' id='word_1_121' title='bbox 557 1469 675 1534; x_wconf 89' lang='lat' dir='ltr'>parare,</span> <span class='ocrx_word' id='word_1_122' title='bbox 700 1469 757 1512; x_wconf 87' lang='lat' dir='ltr'>non</span> <span class='ocrx_word' id='word_1_123' title='bbox 776 1448 851 1511; x_wconf 89' lang='lat' dir='ltr'>idola</span> <span class='ocrx_word' id='word_1_124' title='bbox 870 1447 981 1526; x_wconf 90' lang='lat' dir='ltr'>colere,</span> <span class='ocrx_word' id='word_1_125' title='bbox 1005 1470 1063 1512; x_wconf 91' lang='lat' dir='ltr'>non</span> <span class='ocrx_word' id='word_1_126' title='bbox 1082 1449 1230 1524; x_wconf 85' lang='lat' dir='ltr'>occidere,</span> 
     </span>
     <span class='ocr_line' id='line_1_14' title="bbox 76 1550 1232 1636; baseline 0.002 -24"><span class='ocrx_word' id='word_1_127' title='bbox 76 1571 130 1612; x_wconf 93' lang='lat' dir='ltr'>nou</span> <span class='ocrx_word' id='word_1_128' title='bbox 152 1551 328 1634; x_wconf 83' lang='lat' dir='ltr'>imprecari,</span> <span class='ocrx_word' id='word_1_129' title='bbox 353 1571 411 1614; x_wconf 93' lang='lat' dir='ltr'>non</span> <span class='ocrx_word' id='word_1_130' title='bbox 430 1551 602 1630; x_wconf 87' lang='lat' dir='ltr'>convitiari,</span> <span class='ocrx_word' id='word_1_131' title='bbox 628 1550 819 1626; x_wconf 78' lang='lat' dir='ltr'>coniurare,</span> <span class='ocrx_word' id='word_1_132' title='bbox 844 1569 1021 1614; x_wconf 85' lang='lat' dir='ltr'>succensere</span> <span class='ocrx_word' id='word_1_133' title='bbox 1040 1571 1074 1614; x_wconf 87' lang='lat' dir='ltr'>ac</span> <span class='ocrx_word' id='word_1_134' title='bbox 1093 1551 1151 1614; x_wconf 91' lang='lat' dir='ltr'>cito</span> <span class='ocrx_word' id='word_1_135' title='bbox 1172 1551 1232 1636; x_wconf 87' lang='lat' dir='ltr'>pla·</span> 
     </span>
     <span class='ocr_line' id='line_1_15' title="bbox 75 1651 1385 1738; baseline 0.001 -25"><span class='ocrx_word' id='word_1_136' title='bbox 75 1653 151 1731; x_wconf 84' lang='lat' dir='ltr'>cari,</span> <span class='ocrx_word' id='word_1_137' title='bbox 183 1653 273 1716; x_wconf 88' lang='lat' dir='ltr'>irasci</span> <span class='ocrx_word' id='word_1_138' title='bbox 302 1674 357 1716; x_wconf 92' lang='lat' dir='ltr'>nec</span> <span class='ocrx_word' id='word_1_139' title='bbox 384 1673 525 1738; x_wconf 84' lang='lat' dir='ltr'>peccare,</span> <span class='ocrx_word' id='word_1_140' title='bbox 554 1652 646 1716; x_wconf 82' lang='lat' dir='ltr'>solem</span> <span class='ocrx_word' id='word_1_141' title='bbox 677 1675 766 1738; x_wconf 91' lang='lat' dir='ltr'>super</span> <span class='ocrx_word' id='word_1_142' title='bbox 791 1651 971 1716; x_wconf 77' lang='lat' dir='ltr'>iracundiam</span> <span class='ocrx_word' id='word_1_143' title='bbox 1000 1674 1058 1715; x_wconf 93' lang='lat' dir='ltr'>non</span> <span class='ocrx_word' id='word_1_144' title='bbox 1082 1654 1229 1716; x_wconf 86' lang='lat' dir='ltr'>occidere.</span> <span class='ocrx_word' id='word_1_145' title='bbox 1245 1672 1303 1730; x_wconf 75' lang='lat' dir='ltr'>spu.</span> <span class='ocrx_word' id='word_1_146' title='bbox 1317 1674 1338 1732; x_wconf 85' lang='grc' dir='ltr'>ι,</span> <span class='ocrx_word' id='word_1_147' title='bbox 1351 1669 1385 1715; x_wconf 83' lang='lat' dir='ltr'>aa.</span> 
     </span>
     <span class='ocr_line' id='line_1_16' title="bbox 75 1751 1264 1841; baseline 0 -25"><span class='ocrx_word' id='word_1_148' title='bbox 75 1751 194 1839; x_wconf 84' lang='lat' dir='ltr'>Nuptiis</span> <span class='ocrx_word' id='word_1_149' title='bbox 211 1776 284 1820; x_wconf 84' lang='lat' dir='ltr'>vero</span> <span class='ocrx_word' id='word_1_150' title='bbox 309 1755 439 1841; x_wconf 90' lang='lat' dir='ltr'>copulari</span> <span class='ocrx_word' id='word_1_151' title='bbox 463 1753 618 1839; x_wconf 75' lang='lat' dir='ltr'>legitimis,</span> <span class='ocrx_word' id='word_1_152' title='bbox 644 1755 813 1818; x_wconf 75' lang='lat' dir='ltr'>calcatura</span> <span class='ocrx_word' id='word_1_153' title='bbox 837 1755 898 1840; x_wconf 90' lang='lat' dir='ltr'>ipsa</span> <span class='ocrx_word' id='word_1_154' title='bbox 920 1775 936 1816; x_wconf 89' lang='lat' dir='ltr'>a</span> <span class='ocrx_word' id='word_1_155' title='bbox 955 1755 1011 1817; x_wconf 89' lang='lat' dir='ltr'>deo</span> <span class='ocrx_word' id='word_1_156' title='bbox 1027 1754 1144 1820; x_wconf 89' lang='lat' dir='ltr'>condita</span> <span class='ocrx_word' id='word_1_157' title='bbox 1165 1775 1232 1840; x_wconf 88' lang='lat' dir='ltr'>per·</span> <span class='ocrx_word' id='word_1_158' title='bbox 1261 1752 1264 1760; x_wconf 83' lang='grc'><em>’</em></span> 
     </span>
     <span class='ocr_line' id='line_1_17' title="bbox 75 1853 1232 1941; baseline 0 -22"><span class='ocrx_word' id='word_1_159' title='bbox 75 1858 196 1920; x_wconf 84' lang='lat' dir='ltr'>missurn</span> <span class='ocrx_word' id='word_1_160' title='bbox 210 1857 267 1920; x_wconf 89' lang='lat' dir='ltr'>sibi</span> <span class='ocrx_word' id='word_1_161' title='bbox 283 1877 352 1920; x_wconf 85' lang='lat' dir='ltr'>esse</span> <span class='ocrx_word' id='word_1_162' title='bbox 374 1856 559 1921; x_wconf 87' lang='lat' dir='ltr'>monstrabit.</span> <span class='ocrx_word' id='word_1_163' title='bbox 606 1853 716 1922; x_wconf 82' lang='lat' dir='ltr'>Cetera</span> <span class='ocrx_word' id='word_1_164' title='bbox 735 1856 876 1941; x_wconf 85' lang='lat' dir='ltr'>denique,</span> <span class='ocrx_word' id='word_1_165' title='bbox 902 1877 976 1940; x_wconf 88' lang='lat' dir='ltr'>quae</span> <span class='ocrx_word' id='word_1_166' title='bbox 994 1858 1124 1920; x_wconf 88' lang='lat' dir='ltr'>eiusdem</span> <span class='ocrx_word' id='word_1_167' title='bbox 1143 1857 1232 1921; x_wconf 90' lang='lat' dir='ltr'>ratio·</span> 
     </span>
     <span class='ocr_line' id='line_1_18' title="bbox 74 1957 1232 2043; baseline 0.002 -24"><span class='ocrx_word' id='word_1_168' title='bbox 74 1957 117 2021; x_wconf 85' lang='lat' dir='ltr'>nis</span> <span class='ocrx_word' id='word_1_169' title='bbox 132 1969 221 2037; x_wconf 88' lang='lat' dir='ltr'>sunt,</span> <span class='ocrx_word' id='word_1_170' title='bbox 246 1961 281 2022; x_wconf 86' lang='lat' dir='ltr'>ad</span> <span class='ocrx_word' id='word_1_171' title='bbox 297 1958 471 2022; x_wconf 85' lang='lat' dir='ltr'>alterutrum</span> <span class='ocrx_word' id='word_1_172' title='bbox 486 1980 601 2042; x_wconf 88' lang='lat' dir='ltr'>genus,</span> <span class='ocrx_word' id='word_1_173' title='bbox 626 1979 679 2043; x_wconf 92' lang='lat' dir='ltr'>pro</span> <span class='ocrx_word' id='word_1_174' title='bbox 699 1959 784 2022; x_wconf 91' lang='lat' dir='ltr'>modo</span> <span class='ocrx_word' id='word_1_175' title='bbox 800 1979 854 2022; x_wconf 92' lang='lat' dir='ltr'>suo</span> <span class='ocrx_word' id='word_1_176' title='bbox 872 1979 907 2021; x_wconf 90' lang='lat' dir='ltr'>ac</span> <span class='ocrx_word' id='word_1_177' title='bbox 921 1979 1072 2038; x_wconf 85' lang='lat' dir='ltr'>mensura,</span> <span class='ocrx_word' id='word_1_178' title='bbox 1097 1957 1232 2024; x_wconf 87' lang='lat' dir='ltr'>revocari</span> 
     </span>
     <span class='ocr_line' id='line_1_19' title="bbox 73 2071 307 2145; baseline -0.009 -23"><span class='ocrx_word' id='word_1_179' title='bbox 73 2071 208 2145; x_wconf 88' lang='lat' dir='ltr'>possunt.</span> <span class='ocrx_word' id='word_1_180' title='bbox 304 2075 307 2080; x_wconf 91' lang='grc'><strong>’</strong></span> 
     </span>
    </p>

    <p class='ocr_par' dir='ltr' id='par_1_3' title="bbox 45 2160 1435 3577">
     <span class='ocr_line' id='line_1_20' title="bbox 157 2160 1435 2248; baseline -0.003 -24"><span class='ocrx_word' id='word_1_181' title='bbox 157 2160 272 2225; x_wconf 89' lang='lat' dir='ltr'>Verum</span> <span class='ocrx_word' id='word_1_182' title='bbox 289 2173 339 2240; x_wconf 89' lang='lat' dir='ltr'>nt,</span> <span class='ocrx_word' id='word_1_183' title='bbox 364 2183 438 2248; x_wconf 88' lang='lat' dir='ltr'>quae</span> <span class='ocrx_word' id='word_1_184' title='bbox 457 2164 492 2226; x_wconf 95' lang='lat' dir='ltr'>de</span> <span class='ocrx_word' id='word_1_185' title='bbox 511 2163 569 2226; x_wconf 87' lang='lat' dir='ltr'>illis</span> <span class='ocrx_word' id='word_1_186' title='bbox 584 2173 711 2228; x_wconf 88' lang='lat' dir='ltr'>tractare</span> <span class='ocrx_word' id='word_1_187' title='bbox 729 2163 877 2248; x_wconf 78' lang='lat' dir='ltr'>cepimus,</span> <span class='ocrx_word' id='word_1_188' title='bbox 901 2183 1123 2248; x_wconf 87' lang='lat' dir='ltr'>persequamur,</span> <span class='ocrx_word' id='word_1_189' title='bbox 1149 2162 1230 2226; x_wconf 90' lang='lat' dir='ltr'>babi·</span> <span class='ocrx_word' id='word_1_190' title='bbox 1248 2173 1308 2239; x_wconf 68' lang='lat' dir='ltr'>esp.</span> <span class='ocrx_word' id='word_1_191' title='bbox 1324 2173 1356 2220; x_wconf 85' lang='lat' dir='ltr'>tr.</span> <span class='ocrx_word' id='word_1_192' title='bbox 1433 2193 1435 2198; x_wconf 83' lang='lat'><em>.</em></span> 
     </span>
     <span class='ocr_line' id='line_1_21' title="bbox 73 2262 1229 2350; baseline 0 -24"><span class='ocrx_word' id='word_1_193' title='bbox 73 2275 135 2326; x_wconf 89' lang='lat' dir='ltr'>tant</span> <span class='ocrx_word' id='word_1_194' title='bbox 151 2263 193 2327; x_wconf 91' lang='lat' dir='ltr'>illi</span> <span class='ocrx_word' id='word_1_195' title='bbox 209 2264 238 2328; x_wconf 92' lang='lat' dir='ltr'>in</span> <span class='ocrx_word' id='word_1_196' title='bbox 257 2266 365 2350; x_wconf 82' lang='lat' dir='ltr'>exigua</span> <span class='ocrx_word' id='word_1_197' title='bbox 382 2267 504 2350; x_wconf 89' lang='lat' dir='ltr'>quadam</span> <span class='ocrx_word' id='word_1_198' title='bbox 522 2265 645 2350; x_wconf 79' lang='lat' dir='ltr'>regione</span> <span class='ocrx_word' id='word_1_199' title='bbox 660 2263 821 2350; x_wconf 82' lang='lat' dir='ltr'>Phrygiae,</span> <span class='ocrx_word' id='word_1_200' title='bbox 841 2262 964 2331; x_wconf 81' lang='lat' dir='ltr'>Ciliciae</span> <span class='ocrx_word' id='word_1_201' title='bbox 980 2287 1014 2330; x_wconf 88' lang='lat' dir='ltr'>ac</span> <span class='ocrx_word' id='word_1_202' title='bbox 1027 2263 1229 2350; x_wconf 76' lang='lat' dir='ltr'>Pamphyliae.</span> 
     </span>
     <span class='ocr_line' id='line_1_22' title="bbox 75 2365 1232 2452; baseline -0.002 -22"><span class='ocrx_word' id='word_1_203' title='bbox 75 2365 153 2450; x_wconf 80' lang='lat' dir='ltr'>Quid</span> <span class='ocrx_word' id='word_1_204' title='bbox 171 2367 281 2449; x_wconf 81' lang='lat' dir='ltr'>igitur?</span> <span class='ocrx_word' id='word_1_205' title='bbox 324 2365 447 2452; x_wconf 78' lang='lat' dir='ltr'>Ergone</span> <span class='ocrx_word' id='word_1_206' title='bbox 472 2367 618 2448; x_wconf 88' lang='lat' dir='ltr'>ecclesia,</span> <span class='ocrx_word' id='word_1_207' title='bbox 641 2388 716 2452; x_wconf 88' lang='lat' dir='ltr'>quae</span> <span class='ocrx_word' id='word_1_208' title='bbox 739 2370 774 2430; x_wconf 90' lang='lat' dir='ltr'>ad</span> <span class='ocrx_word' id='word_1_209' title='bbox 794 2378 946 2450; x_wconf 85' lang='lat' dir='ltr'>utramque</span> <span class='ocrx_word' id='word_1_210' title='bbox 966 2378 1110 2430; x_wconf 88' lang='lat' dir='ltr'>terrarum</span> <span class='ocrx_word' id='word_1_211' title='bbox 1131 2377 1232 2430; x_wconf 87' lang='lat' dir='ltr'>extre·</span> 
     </span>
     <span class='ocr_line' id='line_1_23' title="bbox 74 2469 1332 2574; baseline 0 -43"><span class='ocrx_word' id='word_1_212' title='bbox 74 2471 204 2532; x_wconf 83' lang='lat' dir='ltr'>mitatem</span> <span class='ocrx_word' id='word_1_213' title='bbox 220 2469 391 2556; x_wconf 76' lang='lat' dir='ltr'>porrigitur,</span> <span class='ocrx_word' id='word_1_214' title='bbox 415 2470 530 2555; x_wconf 89' lang='lat' dir='ltr'>penitus</span> <span class='ocrx_word' id='word_1_215' title='bbox 549 2470 744 2548; x_wconf 76' lang='lat' dir='ltr'>exscinditur,</span> <span class='ocrx_word' id='word_1_216' title='bbox 770 2491 825 2532; x_wconf 89' lang='lat' dir='ltr'>nec</span> <span class='ocrx_word' id='word_1_217' title='bbox 845 2469 968 2554; x_wconf 88' lang='lat' dir='ltr'>amplius</span> <span class='ocrx_word' id='word_1_218' title='bbox 988 2469 1017 2532; x_wconf 95' lang='lat' dir='ltr'>in</span> <span class='ocrx_word' id='word_1_219' title='bbox 1035 2489 1151 2532; x_wconf 92' lang='lat' dir='ltr'>omnem</span> <span class='ocrx_word' id='word_1_220' title='bbox 1171 2480 1230 2531; x_wconf 87' lang='lat' dir='ltr'>ter·</span> <span class='ocrx_word' id='word_1_221' title='bbox 1248 2478 1332 2574; x_wconf 60' lang='lat'>53¹¹?</span> 
     </span>
     <span class='ocr_line' id='line_1_24' title="bbox 76 2559 1327 2650; baseline 0 -16"><span class='ocrx_word' id='word_1_222' title='bbox 76 2592 136 2634; x_wconf 84' lang='lat' dir='ltr'>ram</span> <span class='ocrx_word' id='word_1_223' title='bbox 154 2571 250 2634; x_wconf 82' lang='lat' dir='ltr'>exivit</span> <span class='ocrx_word' id='word_1_224' title='bbox 266 2591 357 2636; x_wconf 86' lang='lat' dir='ltr'>sonus</span> <span class='ocrx_word' id='word_1_225' title='bbox 373 2591 487 2650; x_wconf 89' lang='lat' dir='ltr'>eorum,</span> <span class='ocrx_word' id='word_1_226' title='bbox 513 2583 542 2636; x_wconf 90' lang='lat' dir='ltr'>et</span> <span class='ocrx_word' id='word_1_227' title='bbox 559 2573 589 2635; x_wconf 93' lang='lat' dir='ltr'>in</span> <span class='ocrx_word' id='word_1_228' title='bbox 606 2573 678 2635; x_wconf 86' lang='lat' dir='ltr'>fines</span> <span class='ocrx_word' id='word_1_229' title='bbox 695 2571 775 2635; x_wconf 89' lang='lat' dir='ltr'>orbis</span> <span class='ocrx_word' id='word_1_230' title='bbox 794 2583 890 2634; x_wconf 89' lang='lat' dir='ltr'>terrae</span> <span class='ocrx_word' id='word_1_231' title='bbox 906 2571 996 2635; x_wconf 82' lang='lat' dir='ltr'>rerba</span> <span class='ocrx_word' id='word_1_232' title='bbox 1015 2573 1136 2634; x_wconf 80' lang='lat' dir='ltr'>eorum?</span> <span class='ocrx_word' id='word_1_233' title='bbox 1164 2569 1231 2634; x_wconf 90' lang='lat' dir='ltr'>Neo</span> <span class='ocrx_word' id='word_1_234' title='bbox 1289 2562 1296 2582; x_wconf 82' lang='lat'>&#39;</span> <span class='ocrx_word' id='word_1_235' title='bbox 1322 2559 1327 2572; x_wconf 62' lang='lat'>⁸</span> 
     </span>
     <span class='ocr_line' id='line_1_25' title="bbox 76 2673 1357 2758; baseline -0.009 -23"><span class='ocrx_word' id='word_1_236' title='bbox 76 2673 144 2736; x_wconf 88' lang='lat' dir='ltr'>illud</span> <span class='ocrx_word' id='word_1_237' title='bbox 161 2673 258 2750; x_wconf 86' lang='lat' dir='ltr'>valet,</span> <span class='ocrx_word' id='word_1_238' title='bbox 283 2675 358 2758; x_wconf 87' lang='lat' dir='ltr'>quod</span> <span class='ocrx_word' id='word_1_239' title='bbox 378 2695 394 2736; x_wconf 90' lang='lat' dir='ltr'>a</span> <span class='ocrx_word' id='word_1_240' title='bbox 412 2684 566 2738; x_wconf 75' lang='lat' dir='ltr'>servatore</span> <span class='ocrx_word' id='word_1_241' title='bbox 583 2675 689 2738; x_wconf 84' lang='lat' dir='ltr'>dietum</span> <span class='ocrx_word' id='word_1_242' title='bbox 707 2684 771 2738; x_wconf 80' lang='lat' dir='ltr'>eal:</span> <span class='ocrx_word' id='word_1_243' title='bbox 796 2677 888 2736; x_wconf 72' lang='lat' dir='ltr'>Erato</span> <span class='ocrx_word' id='word_1_244' title='bbox 907 2677 1074 2736; x_wconf 79' lang='lat' dir='ltr'>rnr&#39;bitestes</span> <span class='ocrx_word' id='word_1_245' title='bbox 1089 2678 1290 2756; x_wconf 73' lang='lat' dir='ltr'>usqueadeo.</span> <span class='ocrx_word' id='word_1_246' title='bbox 1306 2681 1357 2740; x_wconf 84' lang='lat' dir='ltr'>t,a.</span> 
     </span>
     <span class='ocr_line' id='line_1_26' title="bbox 45 2773 1231 2861; baseline 0.003 -24"><span class='ocrx_word' id='word_1_247' title='bbox 45 2829 50 2838; x_wconf 93' lang='lat'><em>.</em></span> <span class='ocrx_word' id='word_1_248' title='bbox 76 2779 202 2837; x_wconf 83' lang='lat' dir='ltr'>nla&#39;munr</span> <span class='ocrx_word' id='word_1_249' title='bbox 226 2783 343 2837; x_wconf 81' lang='lat' dir='ltr'>terroe?</span> <span class='ocrx_word' id='word_1_250' title='bbox 385 2773 562 2840; x_wconf 84' lang='lat' dir='ltr'>Enimvero</span> <span class='ocrx_word' id='word_1_251' title='bbox 581 2776 606 2840; x_wconf 89' lang='lat' dir='ltr'>si</span> <span class='ocrx_word' id='word_1_252' title='bbox 628 2775 791 2840; x_wconf 87' lang='lat' dir='ltr'>honestatis</span> <span class='ocrx_word' id='word_1_253' title='bbox 817 2775 886 2838; x_wconf 85' lang='lat' dir='ltr'>nihil</span> <span class='ocrx_word' id='word_1_254' title='bbox 908 2775 1014 2840; x_wconf 86' lang='lat' dir='ltr'>habeut</span> <span class='ocrx_word' id='word_1_255' title='bbox 1036 2777 1153 2861; x_wconf 90' lang='lat' dir='ltr'>nuptiae</span> <span class='ocrx_word' id='word_1_256' title='bbox 1177 2797 1231 2840; x_wconf 88' lang='lat' dir='ltr'>nac</span> 
     </span>
     <span class='ocr_line' id='line_1_27' title="bbox 76 2875 1229 2963; baseline 0.002 -24"><span class='ocrx_word' id='word_1_257' title='bbox 76 2877 132 2940; x_wconf 88' lang='lat' dir='ltr'>ulla</span> <span class='ocrx_word' id='word_1_258' title='bbox 153 2877 196 2942; x_wconf 84' lang='lat' dir='ltr'>cis</span> <span class='ocrx_word' id='word_1_259' title='bbox 217 2879 296 2942; x_wconf 85' lang='lat' dir='ltr'>ritae</span> <span class='ocrx_word' id='word_1_260' title='bbox 321 2899 389 2963; x_wconf 90' lang='lat' dir='ltr'>spes</span> <span class='ocrx_word' id='word_1_261' title='bbox 411 2877 601 2962; x_wconf 88' lang='lat' dir='ltr'>relinquitur,</span> <span class='ocrx_word' id='word_1_262' title='bbox 628 2888 786 2942; x_wconf 86' lang='lat' dir='ltr'>nascantur</span> <span class='ocrx_word' id='word_1_263' title='bbox 803 2877 843 2941; x_wconf 90' lang='lat' dir='ltr'>illi</span> <span class='ocrx_word' id='word_1_264' title='bbox 862 2879 927 2940; x_wconf 91' lang='lat' dir='ltr'>sine</span> <span class='ocrx_word' id='word_1_265' title='bbox 948 2879 1067 2963; x_wconf 89' lang='lat' dir='ltr'>nuptiis.</span> <span class='ocrx_word' id='word_1_266' title='bbox 1114 2875 1168 2942; x_wconf 92' lang='lat' dir='ltr'>Sin</span> <span class='ocrx_word' id='word_1_267' title='bbox 1191 2899 1229 2942; x_wconf 84' lang='lat' dir='ltr'>ex</span> 
     </span>
     <span class='ocr_line' id='line_1_28' title="bbox 77 2979 1233 3066; baseline 0.001 -24"><span class='ocrx_word' id='word_1_268' title='bbox 77 2980 182 3065; x_wconf 90' lang='lat' dir='ltr'>nuptiis</span> <span class='ocrx_word' id='word_1_269' title='bbox 208 2979 360 3059; x_wconf 82' lang='lat' dir='ltr'>oriuntur,</span> <span class='ocrx_word' id='word_1_270' title='bbox 384 2981 422 3044; x_wconf 90' lang='lat' dir='ltr'>ob</span> <span class='ocrx_word' id='word_1_271' title='bbox 439 3001 489 3044; x_wconf 87' lang='lat' dir='ltr'>eas</span> <span class='ocrx_word' id='word_1_272' title='bbox 511 2981 590 3066; x_wconf 86' lang='lat' dir='ltr'>ipsas</span> <span class='ocrx_word' id='word_1_273' title='bbox 608 2979 711 3065; x_wconf 90' lang='lat' dir='ltr'>impuri</span> <span class='ocrx_word' id='word_1_274' title='bbox 734 2992 804 3044; x_wconf 85' lang='lat' dir='ltr'>sunt</span> <span class='ocrx_word' id='word_1_275' title='bbox 827 2991 858 3044; x_wconf 93' lang='lat' dir='ltr'>ct</span> <span class='ocrx_word' id='word_1_276' title='bbox 879 2980 1050 3044; x_wconf 84' lang='lat' dir='ltr'>execrandi.</span> <span class='ocrx_word' id='word_1_277' title='bbox 1097 2979 1182 3063; x_wconf 85' lang='lat' dir='ltr'>Quod</span> <span class='ocrx_word' id='word_1_278' title='bbox 1206 2981 1233 3044; x_wconf 88' lang='lat' dir='ltr'>si</span> 
     </span>
     <span class='ocr_line' id='line_1_29' title="bbox 77 3081 1234 3169; baseline 0 -23"><span class='ocrx_word' id='word_1_279' title='bbox 77 3084 131 3147; x_wconf 88' lang='lat' dir='ltr'>soli</span> <span class='ocrx_word' id='word_1_280' title='bbox 148 3083 187 3146; x_wconf 91' lang='lat' dir='ltr'>illi</span> <span class='ocrx_word' id='word_1_281' title='bbox 204 3081 311 3168; x_wconf 90' lang='lat' dir='ltr'>impuri</span> <span class='ocrx_word' id='word_1_282' title='bbox 327 3083 447 3150; x_wconf 85' lang='lat' dir='ltr'>minime</span> <span class='ocrx_word' id='word_1_283' title='bbox 467 3094 552 3162; x_wconf 85' lang='lat' dir='ltr'>sunt,</span> <span class='ocrx_word' id='word_1_284' title='bbox 577 3083 646 3146; x_wconf 87' lang='lat' dir='ltr'>lieet</span> <span class='ocrx_word' id='word_1_285' title='bbox 662 3103 679 3145; x_wconf 87' lang='lat' dir='ltr'>e</span> <span class='ocrx_word' id='word_1_286' title='bbox 697 3083 804 3168; x_wconf 88' lang='lat' dir='ltr'>nuptiis</span> <span class='ocrx_word' id='word_1_287' title='bbox 823 3084 974 3169; x_wconf 88' lang='lat' dir='ltr'>propagati</span> <span class='ocrx_word' id='word_1_288' title='bbox 993 3083 1063 3160; x_wconf 88' lang='lat' dir='ltr'>sint,</span> <span class='ocrx_word' id='word_1_289' title='bbox 1089 3105 1147 3146; x_wconf 92' lang='lat' dir='ltr'>non</span> <span class='ocrx_word' id='word_1_290' title='bbox 1163 3095 1234 3146; x_wconf 91' lang='lat' dir='ltr'>sunt</span> 
     </span>
     <span class='ocr_line' id='line_1_30' title="bbox 76 3184 1232 3271; baseline 0.001 -24"><span class='ocrx_word' id='word_1_291' title='bbox 76 3184 206 3270; x_wconf 87' lang='lat' dir='ltr'>impurae</span> <span class='ocrx_word' id='word_1_292' title='bbox 229 3188 364 3269; x_wconf 88' lang='lat' dir='ltr'>nuptiae,</span> <span class='ocrx_word' id='word_1_293' title='bbox 395 3184 532 3271; x_wconf 84' lang='lat' dir='ltr'>quoniam</span> <span class='ocrx_word' id='word_1_294' title='bbox 558 3185 623 3248; x_wconf 87' lang='lat' dir='ltr'>sine</span> <span class='ocrx_word' id='word_1_295' title='bbox 648 3184 707 3248; x_wconf 84' lang='lat' dir='ltr'>illis</span> <span class='ocrx_word' id='word_1_296' title='bbox 731 3206 816 3248; x_wconf 90' lang='lat' dir='ltr'>nemo</span> <span class='ocrx_word' id='word_1_297' title='bbox 842 3186 871 3248; x_wconf 90' lang='lat' dir='ltr'>iu</span> <span class='ocrx_word' id='word_1_298' title='bbox 897 3186 972 3248; x_wconf 77' lang='lat' dir='ltr'>lianc</span> <span class='ocrx_word' id='word_1_299' title='bbox 997 3185 1090 3248; x_wconf 90' lang='lat' dir='ltr'>lucem</span> <span class='ocrx_word' id='word_1_300' title='bbox 1113 3187 1232 3270; x_wconf 92' lang='lat' dir='ltr'>prodire</span> 
     </span>
     <span class='ocr_line' id='line_1_31' title="bbox 79 3284 1232 3372; baseline 0.001 -23"><span class='ocrx_word' id='word_1_301' title='bbox 79 3298 184 3371; x_wconf 88' lang='lat' dir='ltr'>potest.</span> <span class='ocrx_word' id='word_1_302' title='bbox 228 3284 359 3371; x_wconf 83' lang='lat' dir='ltr'>Magnus</span> <span class='ocrx_word' id='word_1_303' title='bbox 379 3289 498 3352; x_wconf 89' lang='lat' dir='ltr'>omniuo</span> <span class='ocrx_word' id='word_1_304' title='bbox 521 3287 668 3350; x_wconf 89' lang='lat' dir='ltr'>bominum</span> <span class='ocrx_word' id='word_1_305' title='bbox 687 3287 802 3350; x_wconf 91' lang='lat' dir='ltr'>illorum</span> <span class='ocrx_word' id='word_1_306' title='bbox 829 3307 915 3351; x_wconf 88' lang='lat' dir='ltr'>error</span> <span class='ocrx_word' id='word_1_307' title='bbox 935 3298 998 3365; x_wconf 87' lang='lat' dir='ltr'>est,</span> <span class='ocrx_word' id='word_1_308' title='bbox 1023 3289 1070 3372; x_wconf 90' lang='lat' dir='ltr'>qui</span> <span class='ocrx_word' id='word_1_309' title='bbox 1093 3287 1176 3352; x_wconf 82' lang='lat' dir='ltr'>varia</span> <span class='ocrx_word' id='word_1_310' title='bbox 1198 3307 1232 3350; x_wconf 88' lang='lat' dir='ltr'>ac</span> 
     </span>
     <span class='ocr_line' id='line_1_32' title="bbox 79 3388 1231 3476; baseline -0.002 -24"><span class='ocrx_word' id='word_1_311' title='bbox 79 3389 226 3476; x_wconf 76' lang='lat' dir='ltr'>multiplici</span> <span class='ocrx_word' id='word_1_312' title='bbox 245 3389 344 3474; x_wconf 87' lang='lat' dir='ltr'>specie</span> <span class='ocrx_word' id='word_1_313' title='bbox 367 3391 493 3454; x_wconf 86' lang='lat' dir='ltr'>bumano</span> <span class='ocrx_word' id='word_1_314' title='bbox 515 3390 618 3474; x_wconf 88' lang='lat' dir='ltr'>generi</span> <span class='ocrx_word' id='word_1_315' title='bbox 635 3388 795 3476; x_wconf 90' lang='lat' dir='ltr'>perniciem</span> <span class='ocrx_word' id='word_1_316' title='bbox 812 3391 925 3468; x_wconf 87' lang='lat' dir='ltr'>attulit,</span> <span class='ocrx_word' id='word_1_317' title='bbox 950 3400 981 3453; x_wconf 90' lang='lat' dir='ltr'>ot</span> <span class='ocrx_word' id='word_1_318' title='bbox 999 3410 1231 3475; x_wconf 86' lang='lat' dir='ltr'>unumquemque</span> 
     </span>
     <span class='ocr_line' id='line_1_33' title="bbox 78 3491 1004 3577; baseline 0 -22"><span class='ocrx_word' id='word_1_319' title='bbox 78 3492 160 3564; x_wconf 89' lang='lat' dir='ltr'>inani</span> <span class='ocrx_word' id='word_1_320' title='bbox 177 3493 300 3576; x_wconf 80' lang='lat' dir='ltr'>quodam</span> <span class='ocrx_word' id='word_1_321' title='bbox 324 3504 479 3577; x_wconf 77' lang='lat' dir='ltr'>praetentu</span> <span class='ocrx_word' id='word_1_322' title='bbox 501 3513 518 3554; x_wconf 88' lang='lat' dir='ltr'>a</span> <span class='ocrx_word' id='word_1_323' title='bbox 539 3503 622 3556; x_wconf 88' lang='lat' dir='ltr'>recta</span> <span class='ocrx_word' id='word_1_324' title='bbox 645 3491 692 3555; x_wconf 87' lang='lat' dir='ltr'>via</span> <span class='ocrx_word' id='word_1_325' title='bbox 715 3492 848 3555; x_wconf 86' lang='lat' dir='ltr'>veritatis</span> <span class='ocrx_word' id='word_1_326' title='bbox 871 3491 1004 3556; x_wconf 79' lang='lat' dir='ltr'>abduxit.</span> 
     </span>
    </p>

    <p class='ocr_par' dir='ltr' id='par_1_4' title="bbox 79 3593 1384 4291">
     <span class='ocr_line' id='line_1_34' title="bbox 161 3593 1367 3680; baseline -0.009 -22"><span class='ocrx_word' id='word_1_327' title='bbox 161 3593 259 3660; x_wconf 84' lang='lat' dir='ltr'>ilabet</span> <span class='ocrx_word' id='word_1_328' title='bbox 277 3598 391 3680; x_wconf 87' lang='lat' dir='ltr'>quidem</span> <span class='ocrx_word' id='word_1_329' title='bbox 414 3595 658 3658; x_wconf 88' lang='lat' dir='ltr'>renuntiationem</span> <span class='ocrx_word' id='word_1_330' title='bbox 676 3594 820 3674; x_wconf 87' lang='lat' dir='ltr'>ecclesia,</span> <span class='ocrx_word' id='word_1_331' title='bbox 844 3595 896 3657; x_wconf 87' lang='lat' dir='ltr'>sed</span> <span class='ocrx_word' id='word_1_332' title='bbox 920 3615 977 3658; x_wconf 90' lang='lat' dir='ltr'>nou</span> <span class='ocrx_word' id='word_1_333' title='bbox 996 3596 1062 3658; x_wconf 91' lang='lat' dir='ltr'>ideo</span> <span class='ocrx_word' id='word_1_334' title='bbox 1083 3596 1230 3659; x_wconf 88' lang='lat' dir='ltr'>detestan-</span> <span class='ocrx_word' id='word_1_335' title='bbox 1251 3599 1310 3668; x_wconf 75' lang='lat' dir='ltr'>cap.</span> <span class='ocrx_word' id='word_1_336' title='bbox 1325 3599 1367 3648; x_wconf 86' lang='grc' dir='ltr'><strong>ιιι.</strong></span> 
     </span>
     <span class='ocr_line' id='line_1_35' title="bbox 79 3695 1230 3784; baseline -0.002 -25"><span class='ocrx_word' id='word_1_337' title='bbox 79 3697 131 3759; x_wconf 86' lang='lat' dir='ltr'>das</span> <span class='ocrx_word' id='word_1_338' title='bbox 154 3697 269 3783; x_wconf 88' lang='lat' dir='ltr'>nuptias</span> <span class='ocrx_word' id='word_1_339' title='bbox 293 3699 455 3764; x_wconf 82' lang='lat' dir='ltr'>existimat.</span> <span class='ocrx_word' id='word_1_340' title='bbox 503 3695 599 3760; x_wconf 89' lang='lat' dir='ltr'>llabet</span> <span class='ocrx_word' id='word_1_341' title='bbox 620 3695 761 3760; x_wconf 89' lang='lat' dir='ltr'>bonorum</span> <span class='ocrx_word' id='word_1_342' title='bbox 785 3697 912 3760; x_wconf 89' lang='lat' dir='ltr'>omuium</span> <span class='ocrx_word' id='word_1_343' title='bbox 929 3697 1073 3784; x_wconf 89' lang='lat' dir='ltr'>inopiam,</span> <span class='ocrx_word' id='word_1_344' title='bbox 1098 3697 1149 3762; x_wconf 86' lang='lat' dir='ltr'>sed</span> <span class='ocrx_word' id='word_1_345' title='bbox 1173 3717 1230 3759; x_wconf 90' lang='lat' dir='ltr'>non</span> 
     </span>
     <span class='ocr_line' id='line_1_36' title="bbox 80 3797 1231 3886; baseline -0.001 -25"><span class='ocrx_word' id='word_1_346' title='bbox 80 3801 219 3865; x_wconf 84' lang='lat' dir='ltr'>adversus</span> <span class='ocrx_word' id='word_1_347' title='bbox 235 3799 303 3864; x_wconf 89' lang='lat' dir='ltr'>illos</span> <span class='ocrx_word' id='word_1_348' title='bbox 322 3800 483 3867; x_wconf 88' lang='lat' dir='ltr'>insolenter</span> <span class='ocrx_word' id='word_1_349' title='bbox 498 3801 632 3879; x_wconf 82' lang='lat' dir='ltr'>effertur,</span> <span class='ocrx_word' id='word_1_350' title='bbox 656 3799 703 3883; x_wconf 91' lang='lat' dir='ltr'>qui</span> <span class='ocrx_word' id='word_1_351' title='bbox 719 3819 754 3862; x_wconf 90' lang='lat' dir='ltr'>ea</span> <span class='ocrx_word' id='word_1_352' title='bbox 772 3799 847 3864; x_wconf 90' lang='lat' dir='ltr'>iuste</span> <span class='ocrx_word' id='word_1_353' title='bbox 862 3800 1044 3886; x_wconf 81' lang='lat' dir='ltr'>possidente</span> <span class='ocrx_word' id='word_1_354' title='bbox 1062 3797 1231 3884; x_wconf 87' lang='lat' dir='ltr'>parentibus</span> 
     </span>
     <span class='ocr_line' id='line_1_37' title="bbox 79 3900 1231 3987; baseline 0 -23"><span class='ocrx_word' id='word_1_355' title='bbox 79 3913 213 3987; x_wconf 88' lang='lat' dir='ltr'>accepta,</span> <span class='ocrx_word' id='word_1_356' title='bbox 242 3901 348 3986; x_wconf 85' lang='lat' dir='ltr'>quibus</span> <span class='ocrx_word' id='word_1_357' title='bbox 373 3911 431 3965; x_wconf 86' lang='lat' dir='ltr'>tarn</span> <span class='ocrx_word' id='word_1_358' title='bbox 457 3901 512 3966; x_wconf 91' lang='lat' dir='ltr'>sibi</span> <span class='ocrx_word' id='word_1_359' title='bbox 537 3923 623 3986; x_wconf 88' lang='lat' dir='ltr'>quam</span> <span class='ocrx_word' id='word_1_360' title='bbox 643 3900 709 3964; x_wconf 86' lang='lat' dir='ltr'>aliis</span> <span class='ocrx_word' id='word_1_361' title='bbox 730 3901 927 3984; x_wconf 86' lang='lat' dir='ltr'>indigentibus</span> <span class='ocrx_word' id='word_1_362' title='bbox 951 3901 1138 3966; x_wconf 80' lang='lat' dir='ltr'>subveniant.</span> <span class='ocrx_word' id='word_1_363' title='bbox 1185 3903 1231 3966; x_wconf 83' lang='lat' dir='ltr'>Ad</span> 
     </span>
     <span class='ocr_line' id='line_1_38' title="bbox 83 4002 1232 4090; baseline 0.002 -25"><span class='ocrx_word' id='word_1_364' title='bbox 83 4003 153 4066; x_wconf 88' lang='lat' dir='ltr'>baec</span> <span class='ocrx_word' id='word_1_365' title='bbox 171 4027 189 4068; x_wconf 94' lang='lat' dir='ltr'>a</span> <span class='ocrx_word' id='word_1_366' title='bbox 207 4006 340 4068; x_wconf 87' lang='lat' dir='ltr'>ciborum</span> <span class='ocrx_word' id='word_1_367' title='bbox 363 4025 417 4068; x_wconf 92' lang='lat' dir='ltr'>usu</span> <span class='ocrx_word' id='word_1_368' title='bbox 438 4014 603 4090; x_wconf 88' lang='lat' dir='ltr'>temperant</span> <span class='ocrx_word' id='word_1_369' title='bbox 621 4002 721 4082; x_wconf 92' lang='lat' dir='ltr'>multi,</span> <span class='ocrx_word' id='word_1_370' title='bbox 750 4003 879 4066; x_wconf 90' lang='lat' dir='ltr'>sednon</span> <span class='ocrx_word' id='word_1_371' title='bbox 901 4015 1003 4067; x_wconf 90' lang='lat' dir='ltr'>contra</span> <span class='ocrx_word' id='word_1_372' title='bbox 1030 4024 1082 4066; x_wconf 89' lang='lat' dir='ltr'>eos</span> <span class='ocrx_word' id='word_1_373' title='bbox 1105 4005 1152 4088; x_wconf 89' lang='lat' dir='ltr'>qui</span> <span class='ocrx_word' id='word_1_374' title='bbox 1175 4003 1232 4067; x_wconf 90' lang='lat' dir='ltr'>illis</span> 
     </span>
     <span class='ocr_line' id='line_1_39' title="bbox 81 4107 1384 4194; baseline 0.004 -26"><span class='ocrx_word' id='word_1_375' title='bbox 81 4115 196 4171; x_wconf 87' lang='lat' dir='ltr'>utuntur</span> <span class='ocrx_word' id='word_1_376' title='bbox 215 4107 341 4194; x_wconf 85' lang='lat' dir='ltr'>superbe</span> <span class='ocrx_word' id='word_1_377' title='bbox 361 4128 393 4170; x_wconf 93' lang='lat' dir='ltr'>se</span> <span class='ocrx_word' id='word_1_378' title='bbox 417 4118 535 4194; x_wconf 88' lang='lat' dir='ltr'>gerunt.</span> <span class='ocrx_word' id='word_1_379' title='bbox 582 4110 640 4186; x_wconf 76' lang='lat' dir='ltr'>Oui</span> <span class='ocrx_word' id='word_1_380' title='bbox 658 4110 729 4167; x_wconf 78' lang='lat' dir='ltr'>enain</span> <span class='ocrx_word' id='word_1_381' title='bbox 755 4109 921 4181; x_wconf 83' lang='lat' dir='ltr'>manducat,</span> <span class='ocrx_word' id='word_1_382' title='bbox 947 4128 1002 4168; x_wconf 88' lang='lat' dir='ltr'>non</span> <span class='ocrx_word' id='word_1_383' title='bbox 1022 4111 1232 4169; x_wconf 82' lang='lat' dir='ltr'>manducantem</span> <span class='ocrx_word' id='word_1_384' title='bbox 1246 4123 1384 4180; x_wconf 62' lang='lat' dir='ltr'>nenton</span> 
     </span>
     <span class='ocr_line' id='line_1_40' title="bbox 81 4211 1233 4291; baseline 0.003 -22"><span class='ocrx_word' id='word_1_385' title='bbox 81 4221 315 4284; x_wconf 65' lang='lat' dir='ltr'>nortmannici,</span> <span class='ocrx_word' id='word_1_386' title='bbox 340 4222 369 4271; x_wconf 84' lang='lat' dir='ltr'>et</span> <span class='ocrx_word' id='word_1_387' title='bbox 381 4215 433 4291; x_wconf 83' lang='lat' dir='ltr'>qui</span> <span class='ocrx_word' id='word_1_388' title='bbox 444 4233 500 4272; x_wconf 88' lang='lat' dir='ltr'>non</span> <span class='ocrx_word' id='word_1_389' title='bbox 517 4213 678 4283; x_wconf 83' lang='lat' dir='ltr'>munducat,</span> <span class='ocrx_word' id='word_1_390' title='bbox 702 4211 914 4270; x_wconf 83' lang='lat' dir='ltr'>manducantem</span> <span class='ocrx_word' id='word_1_391' title='bbox 930 4231 986 4271; x_wconf 89' lang='lat' dir='ltr'>non</span> <span class='ocrx_word' id='word_1_392' title='bbox 1001 4213 1115 4272; x_wconf 85' lang='lat' dir='ltr'>t&#39;udicet.</span> <span class='ocrx_word' id='word_1_393' title='bbox 1150 4213 1233 4272; x_wconf 83' lang='lat' dir='ltr'>Cdrr‘·</span> 
     </span>
    </p>
   </div>
   <div class='ocr_carea' id='block_1_3' title="bbox 82 4361 927 4500">
    <p class='ocr_par' dir='ltr' id='par_1_5' title="bbox 82 4361 927 4500">
     <span class='ocr_line' id='line_1_41' title="bbox 82 4361 927 4426; baseline 0 -14"><span class='ocrx_word' id='word_1_394' title='bbox 82 4377 108 4412; x_wconf 81' lang='lat' dir='ltr'>nt</span> <span class='ocrx_word' id='word_1_395' title='bbox 121 4367 153 4415; x_wconf 81' lang='lat' dir='ltr'>ric</span> <span class='ocrx_word' id='word_1_396' title='bbox 167 4380 210 4416; x_wconf 83' lang='lat' dir='ltr'>not</span> <span class='ocrx_word' id='word_1_397' title='bbox 225 4369 314 4416; x_wconf 76' lang='lat' dir='ltr'>strum</span> <span class='ocrx_word' id='word_1_398' title='bbox 329 4367 428 4414; x_wconf 81' lang='lat' dir='ltr'>colemus</span> <span class='ocrx_word' id='word_1_399' title='bbox 443 4371 549 4416; x_wconf 85' lang='lat' dir='ltr'>nostrum</span> <span class='ocrx_word' id='word_1_400' title='bbox 565 4363 637 4426; x_wconf 83' lang='lat' dir='ltr'>„sich</span> <span class='ocrx_word' id='word_1_401' title='bbox 671 4361 740 4414; x_wconf 88' lang='lat' dir='ltr'>nicht</span> <span class='ocrx_word' id='word_1_402' title='bbox 759 4361 927 4414; x_wconf 71' lang='lat' dir='ltr'>ubertatem.</span> 
     </span>
     <span class='ocr_line' id='line_1_42' title="bbox 84 4429 639 4500; baseline 0.005 -22"><span class='ocrx_word' id='word_1_403' title='bbox 84 4429 247 4500; x_wconf 79' lang='lat' dir='ltr'>bberheben⁸¹,</span> <span class='ocrx_word' id='word_1_404' title='bbox 265 4447 320 4486; x_wconf 85' lang='lat' dir='ltr'>cum</span> <span class='ocrx_word' id='word_1_405' title='bbox 336 4434 453 4496; x_wconf 79' lang='lat' dir='ltr'>dicimur,</span> <span class='ocrx_word' id='word_1_406' title='bbox 470 4431 542 4496; x_wconf 80' lang='lat' dir='ltr'>„sicli</span> <span class='ocrx_word' id='word_1_407' title='bbox 556 4431 639 4483; x_wconf 78' lang='lat' dir='ltr'>rainer</span> 
     </span>
    </p>
   </div>
   <div class='ocr_carea' id='block_1_4' title="bbox 0 0 1566 4934">
    <p class='ocr_par' dir='ltr' id='par_1_6' title="bbox 0 0 1566 4934">
     <span class='ocr_line' id='line_1_43' title="bbox 0 0 1566 4934; baseline 0 0"><span class='ocrx_word' id='word_1_408' title='bbox 0 0 1566 4934; x_wconf 95' lang='lat' dir='ltr'> </span> 
     </span>
    </p>
   </div>
  </div>
 </body>
</html>
