3168 4926
387 207 780 261 rnnannnn.11.ron.r.
807 175 963 260 nunnsrn.
1214 199 1254 262 53

93 342 150 404 est,
178 341 209 390 et
221 329 362 392 habitavit
371 334 403 392 iu
417 330 514 404 modim
538 341 568 390 et
585 331 703 390 uidimus
716 331 931 406 glaream-arias,
954 331 1078 407 gloriam
1092 335 1178 410 quasi
1189 337 1253 393 uni·

90 436 185 511 geniti
230 443 332 512 patre,
354 435 468 512 plenum
482 435 597 510 gratiae
611 441 640 492 et
654 434 792 492 ueritatis.
841 427 880 492 Et
896 429 1011 492 statim:
1035 435 1154 492 loannes
1169 445 1254 496 testa·

93 545 154 606 tur,
188 547 218 596 ot
233 539 340 596 clamat
354 539 466 596 dicens:
498 537 552 596 Ht'a
570 545 615 595 est
632 555 711 614 quem
730 534 895 594 dim'uohis.
943 529 999 594 Et:
1031 535 1086 594 Hic
1102 547 1145 596 est
1160 522 1254 616 ugnus

92 639 150 709 dei,
175 641 229 716 qui
239 641 315 698 tollit
327 649 445 717 peceato
460 640 565 698 muudi.
614 633 729 698 Deinde
744 635 783 698 ita
800 634 920 697 scribit:
946 637 987 695 Et
997 638 1133 698 damarum
1146 641 1194 700 iiii
1205 646 1257 720 qui

92 743 258 814 amarant,
284 741 570 802 Rubbiudr'manes?
614 735 722 800 Postea
738 757 829 812 vero,
853 739 970 800 Postera
984 741 1046 811 dub,
1070 736 1182 822 inquit,
1204 763 1253 804 uo·

93 845 143 904 luit
163 845 246 904 ahie
267 846 297 904 in
317 845 489 916 Galt'laeam,
521 853 551 903 et
566 845 672 904 inuenit
687 843 863 920 Philippum,
896 851 924 900 et
941 842 1012 900 dreit
1028 844 1057 900 ei
1071 845 1167 916 Iesus,
1200 848 1253 905 Se-

91 967 173 1024 quere
188 967 243 1005 me.
290 941 383 1008 Paulo
401 955 468 1029 pust
484 965 557 1007 vero
577 943 615 1006 ita
633 941 837 1027 prosequitur:
862 944 902 1003 Et
912 952 980 1022 post
999 945 1122 1002 trr'dnum
1138 951 1253 1024 nuptuire

89 1049 182 1125 phalae
200 1058 272 1108 sunt
290 1051 318 1108 io
338 1051 416 1108 Cana
432 1050 589 1120 Galilaeae,
623 1056 839 1106 revocaturos!
855 1049 935 1106 Iesus
949 1055 980 1104 et
992 1047 1128 1124 dr'saipuli
1139 1051 1200 1107 eries
1214 1051 1254 1110 ad

90 1152 211 1227 repam,
238 1160 268 1209 et
281 1161 346 1210 erat
359 1151 402 1210 iti
414 1162 503 1212 muter
518 1153 588 1210 eries.
636 1145 845 1230 Evangelistae
861 1167 933 1208 vero
949 1145 1040 1209 ueteri
1054 1159 1177 1210 narrant
1188 1146 1249 1212 XL

90 1251 150 1312 dies
165 1252 249 1316 iilum
267 1250 298 1314 io
314 1252 432 1315 deserto
449 1251 610 1327 marasisse,
634 1261 664 1312 et
681 1273 698 1314 a
714 1248 830 1314 diabolo
846 1248 937 1313 fuisse
954 1258 1113 1326 tentatum,
1138 1271 1172 1312 ae
1189 1262 1248 1316 tuna

91 1353 203 1416 demum
220 1353 392 1416 redeuntem
411 1351 615 1437 discipulorum
633 1352 769 1416 hahuisse
782 1350 938 1416 delectum.
984 1348 1051 1414 Neo
1064 1351 1151 1429 iliud,
1175 1375 1249 1437 quae

91 1475 190 1518 eorum
206 1456 326 1518 inscitia
343 1465 406 1532 est,
431 1454 684 1531 animadvertunt,
708 1453 735 1517 id
754 1453 999 1536 evangelistarum
1014 1474 1249 1538 unumquemque

91 1557 258 1638 studuisse,
282 1568 330 1638 ut,
355 1577 431 1642 quae
447 1557 482 1620 ab
500 1555 563 1619 aliis
580 1567 681 1618 essent
695 1556 820 1640 prodita,
846 1575 880 1618 ea
897 1565 1174 1620 consentaneorum
1192 1559 1249 1624 iliis

89 1672 272 1744 exponeret,
297 1659 414 1723 interim
432 1669 528 1725 tameo
548 1658 704 1734 nonnulla,
729 1679 803 1742 quae
821 1657 856 1720 ab
875 1657 979 1721 iisdem
998 1667 1099 1722 essent
1119 1671 1248 1743 praeter·

88 1763 193 1839 missa,
226 1772 417 1826 memoraret.
461 1759 569 1844 Neque
588 1760 665 1824 euim
686 1761 715 1824 id
737 1760 767 1823 iu
788 1781 889 1824 eorum
906 1761 1057 1824 vuluntate
1075 1763 1162 1826 situm
1182 1764 1245 1844 tuit,

86 1866 135 1928 sed
158 1885 176 1927 s
194 1864 301 1950 spirito
318 1874 422 1928 saneto
441 1864 535 1926 omnis
554 1862 669 1926 iliorum
686 1863 817 1926 doctrina
834 1861 1039 1946 scribendique
1061 1865 1134 1926 ordo
1149 1868 1247 1949 proie-

86 1978 149 2031 otus
166 1979 224 2031 est.
270 1965 349 2031 Nam
368 1967 393 2029 si
412 1965 681 2050 reprehendendum
700 1965 768 2028 ittuu
787 1965 974 2043 existimant,
1005 1965 1169 2050 intelligant
1186 1979 1246 2032 tres

86 2070 158 2134 alios
177 2069 379 2153 evangelistas
396 2090 453 2132 non
470 2068 507 2132 ab
524 2068 587 2151 ipsu
605 2087 701 2130 rerum
718 2077 867 2150 gestarum
882 2066 967 2130 initio
981 2068 1157 2133 narrationis
1174 2091 1246 2136 suae

86 2171 249 2258 sumpsisse
272 2172 442 2256 primordia.
486 2169 657 2234 Matthaeus
679 2169 757 2236 enim
780 2171 890 2255 primus
909 2170 1092 2254 evangelium
1115 2173 1246 2236 seribere
1354 2188 1357 2196 '

85 2286 325 2357 aggressusest.
372 2271 430 2338 Cui
453 2273 567 2357 quidem
591 2271 674 2334 initio
697 2272 882 2357 praedicandi
906 2272 1050 2356 evangelii
1074 2295 1178 2338 munius
1201 2287 1247 2339 est

85 2379 286 2441 commissum.
333 2376 379 2440 De
401 2397 458 2460 qua
483 2395 515 2438 re
540 2376 569 2438 in
595 2372 651 2438 alia
675 2373 790 2438 haeresi
814 2375 932 2459 copiose
955 2376 1185 2461 disputavimus,
1217 2390 1247 2442 et

85 2501 161 2544 nunu
178 2481 282 2542 eadem
297 2479 353 2542 hoe
370 2479 434 2542 loeo
451 2489 586 2563 repetere
604 2498 668 2556 uum
685 2477 720 2538 ad
737 2477 869 2542 veritatis
884 2477 981 2556 fidem,
1006 2488 1065 2542 tum
1080 2479 1115 2541 ad
1129 2479 1244 2543 illorum

86 2581 305 2646 convincendos
327 2602 464 2662 errores,
489 2580 607 2644 minime
630 2579 750 2664 pigebit.

162 2785 336 2865 Matthaeus
362 2787 452 2870 igitur
475 2785 585 2871 primus
608 2784 752 2867 evangeiii
772 2784 917 2849 scribendi
940 2785 1119 2871 provinciam
1139 2799 1242 2852 nautes
1261 2814 1320 2879 ⁶⁸1³·
1335 2813 1365 2864 v,

84 2902 144 2968 est,
178 2901 212 2952 ut
232 2889 378 2968 diximus3
414 2889 499 2973 idque
527 2909 567 2950 ex
592 2887 654 2950 iure
678 2887 784 2950 merito
804 2889 935 2972 contigit.
983 2884 1149 2972 Oportebat
1167 2890 1245 2954 euim

84 3013 145 3056 enm
170 2993 268 3078 ipsum
291 2992 340 3075 qui
363 2991 398 3054 ad
424 2989 632 3054 conciliandam
659 2989 785 3052 humano
807 2990 908 3074 generi
929 2989 1052 3054 salutem
1072 2993 1243 3070 advenerat,

85 3097 189 3178 quique
207 3094 249 3158 ita
268 3094 400 3158 dixerat:
433 3097 499 3156 Nun
519 3097 584 3156 uani
597 3113 698 3154 uocare
715 3097 820 3166 iustos,
852 3096 903 3154 sed
914 3105 1080 3172 peccatores
1095 3097 1134 3154 ad
1145 3099 1243 3174 poeni·
1253 3121 1396 3179 mnenon,

85 3203 217 3272 tauhun,
243 3197 279 3258 ad
299 3217 400 3259 eorum
419 3195 468 3280 qui
487 3193 625 3258 servandi
644 3205 729 3258 erant
746 3193 932 3280 exemplum,
956 3193 983 3258 ei
1002 3195 1109 3258 homini
1127 3195 1245 3281 potissi-

85 3321 158 3362 nom
175 3299 392 3386 praedicandae
407 3298 511 3362 salutis
527 3316 632 3368 munus
649 3294 819 3381 iniungere,
845 3296 893 3380 qui
910 3296 1124 3362 ahiuuumeris
1142 3320 1245 3384 pecea-

84 3401 119 3464 tis
135 3423 303 3466 eonversus
318 3413 349 3466 et
365 3424 382 3466 a
399 3401 509 3466 telonio
525 3401 683 3464 suscitatus
700 3402 814 3478 iuerat,
837 3420 872 3464 aa
887 3421 919 3462 se
937 3399 974 3464 ab
990 3400 1068 3462 ornati
1085 3402 1198 3466 sceiere
1216 3411 1244 3464 et

82 3504 227 3568 iniustitia
246 3515 417 3582 renouarat,
450 3515 482 3569 ut
498 3503 533 3565 ab
552 3503 725 3588 illaqueata
743 3503 798 3566 sihi
816 3513 897 3566 esset
915 3502 1042 3566 adventu
1061 3499 1172 3566 Christi
1191 3503 1243 3564 hus

83 3608 208 3670 manitas
229 3608 333 3670 collata
353 3607 491 3670 mortales
511 3605 669 3668 discerent.
715 3604 831 3693 Quippe
849 3616 915 3690 pust
933 3615 1117 3690 peccaturum
1135 3606 1243 3668 eundo·

83 3711 234 3773 nationem
250 3709 305 3772 hoo
324 3709 418 3772 eidem
436 3708 600 3788 consessit,
634 3719 664 3771 ut
682 3719 713 3773 et
730 3720 861 3772 mortuos
878 3709 1011 3772 excitare
1030 3717 1130 3793 posset
1145 3708 1180 3770 ad
1199 3707 1243 3770 vi-

83 3909 225 3967 ἀντιστάντα
253 3912 437 3976 καταξιοῦσθαι
460 3915 534 3976 (quod
558 3915 651 3976 quidem
684 3914 746 3976 quad
761 3915 814 3964 uun
828 3919 928 3978 tuentur,
944 3917 1162 3978 uindicaripotrrit.
1190 3917 1242 3964 Ver-

82 3987 175 4032 rerhrun
190 3985 331 4046 capitatione
344 3985 494 4046 repetendum
505 3987 546 4042 ast,
560 3995 587 4030 oe
597 3997 651 4030 aum
683 3987 722 4032 ta:
747 3980 772 4030 in
798 3982 937 4048 exemplum
962 3982 1045 4040 vobis,
1073 3982 1113 4050 qui
1138 3981 1243 4034 salutem

83 4053 177 4101 Patauio
194 4056 276 4101 osonio
298 4054 335 4104 hia
353 4055 464 4112 corrupta
481 4063 528 4100 osse
544 4052 646 4112 suspiee-
679 4048 802 4130 adepturi·
820 4049 893 4110 estis,
919 4049 977 4130 inde
999 4049 1066 4118 qnod
1084 4051 1178 4101 honuni
1200 4049 1242 4131 qui

82 4125 146 4236 mni.)
157 4117 417 4270 dpiireiasiiiiidiiihiiat
431 4187 483 4236 aad.
496 4175 549 4237 Van.
574 4187 648 4250 Vulpo
680 4116 1024 4252 ihstiiiaoniivddusiddndtqiie
1039 4119 1241 4248 idihihirsedsdeut,

82 4249 144 4318 ripis
161 4258 213 4308 noio
231 4257 380 4321 μελλοντων.
681 4253 766 4304 salutis
782 4253 992 4318 praedicationem
1006 4255 1142 4306 mandaret.
1162 4259 1241 4307 Parti·

115 4323 139 4370 5.
157 4325 265 4374 Fortasse
277 4327 362 4374 rectius
376 4337 476 4386 monas
490 4321 535 4376 τοῦ
544 4337 588 4386 pro
599 4321 647 4391 τῷ,
681 4325 768 4384 atpium
780 4315 914 4389 ἀναχθέντι
926 4326 998 4386 ἱρέων
1010 4340 1063 4376 euro
1077 4321 1127 4382 ἀπὸ
1140 4321 1241 4386 dotatae

82 4393 148 4439 wius
163 4393 270 4452 orooro
284 4407 338 4441 eum
351 4388 398 4442 τοῦ
411 4394 484 4440 iuncti
496 4391 602 4454 frequens
617 4395 649 4440 est
682 4394 751 4442 etiam
768 4393 901 4442 struendum
920 4397 960 4444 eat.

83 4461 324 4522 massmannum
348 4473 419 4522 uuest
445 4461 486 4510 sed
508 4463 579 4512 auom
600 4457 648 4528 τῷ,
715 4457 739 4511 6.
756 4457 867 4527 retusius
884 4462 935 4516 sod·
952 4463 1027 4515 Venti.
