3176 4930
349 253 486 306 rnunuu
503 253 567 306 cra.
578 255 610 304 rr.
628 253 710 306 ron.
721 255 742 304 1.
760 253 861 306 nanu.
874 254 968 306 uxrv.
1178 241 1237 306 321

82 382 154 436 test.
203 367 251 438 0b
265 371 294 437 id
309 385 395 438 acute
411 374 509 438 statim
527 374 596 438 illud
613 373 737 454 adiecit,
761 378 825 456 Ego
841 379 967 438 conatu
982 397 1044 437 sun
1059 379 1241 439 renundatus

81 475 136 536 sub
149 489 282 556 poculo,
307 497 372 540 cum
389 475 417 540 id
435 489 523 543 antea
538 477 679 555 dixisset,
702 481 765 557 Ego
781 478 903 540 debebam
921 481 1075 559 aliquando
1087 482 1149 540 seire
1165 481 1236 558 lege.

82 574 169 659 Quae
186 599 251 642 cum
269 578 309 642 illi
328 579 477 660 dicerent,
503 579 632 665 plerique
650 579 679 642 iu
699 590 848 663 stuporem
872 580 1152 663 admirationemque
1170 601 1241 642 con·

81 680 286 745 vertebantur.
333 677 395 744 lam
415 703 488 746 vero
506 692 696 768 posteaquam
712 683 824 747 veritas
842 693 888 746 est
907 683 1144 746 manifestissime
1160 693 1242 767 pate·

83 783 181 863 laeta,
207 805 264 847 non
283 785 370 848 modo
391 785 479 870 longe
497 805 551 848 eos
574 785 747 864 aberrasse,
772 785 824 850 red
842 796 872 848 et
888 805 1029 849 summam
1047 786 1084 848 ad
1108 784 1242 870 blasphe-

80 885 172 949 miam
197 887 370 972 pervenisse
390 898 517 951 constat.
564 884 624 970 Qui
646 909 710 952 curn
732 897 803 952 aute
824 899 1010 973 praeceptum
1033 887 1166 973 corporis
1189 907 1243 950 ex-

82 998 185 1072 pertes
197 989 311 1054 vixisse
328 991 421 1054 velint
436 991 559 1070 animas,
584 1011 640 1054 nec
656 990 715 1054 ullo
732 1012 784 1076 per
800 1011 867 1054 sese
882 1001 1002 1076 peccato
1017 1009 1105 1076 posse
1121 989 1242 1075 corripi,

82 1091 171 1154 aliam
198 1091 336 1178 deinceps
356 1091 386 1156 iu
409 1093 576 1179 opinionem
600 1093 710 1179 delapsi
730 1115 814 1158 suum
836 1093 905 1157 illud
928 1093 1032 1177 dogma
1057 1093 1105 1156 vel
1128 1092 1244 1179 seipsos

81 1193 182 1279 potius
199 1204 382 1260 everterunt.
430 1191 566 1282 Corpora
583 1196 660 1260 enim
677 1195 780 1260 iisdem
797 1195 853 1259 illis
873 1205 975 1281 postea
991 1195 1073 1259 velut
1088 1195 1118 1258 iu
1135 1193 1244 1281 suppli·

80 1296 160 1359 cium
179 1295 338 1378 fabricant,
363 1298 440 1386 quod
459 1310 529 1365 ante
546 1319 652 1386 corpus
672 1298 872 1384 peccaverint.
919 1296 1088 1383 Quinetiam
1108 1299 1242 1362 convicia

80 1399 140 1462 illis
164 1411 339 1479 occurrunt,
371 1411 402 1464 ul
422 1401 528 1466 vinclis
554 1423 588 1466 ac
612 1401 723 1488 pcdicis
749 1401 845 1464 simile
867 1421 935 1465 esse
957 1422 1064 1486 corpus
1086 1401 1240 1478 affirment,

80 1502 198 1586 aliaque
219 1503 326 1567 stolida
342 1504 371 1568 id
387 1523 481 1588 genus
496 1504 641 1568 effutiunt.
688 1505 731 1568 At
747 1524 821 1568 vero
837 1505 937 1588 longe,
960 1503 1003 1568 uti
1020 1502 1100 1583 dini,
1125 1514 1243 1567 contra·

79 1606 127 1668 rio
145 1606 232 1670 ruodo
249 1625 317 1670 sese
334 1625 383 1670 res
400 1607 498 1670 babet.
531 1602 658 1692 Oportet
673 1607 751 1670 enirn
769 1607 856 1671 etiam
874 1617 942 1670 ante
960 1616 1110 1691 peccaturo
1126 1605 1243 1691 corpori

81 1718 251 1772 consertam
278 1708 404 1772 animam
424 1711 527 1774 luisse.
573 1707 693 1793 Alioqui
713 1731 778 1773 cum
798 1710 894 1773 aninra
913 1709 993 1773 nollo
1013 1727 1066 1793 per
1087 1729 1154 1772 sese
1176 1729 1245 1793 pcc-

80 1821 150 1874 cato
173 1811 247 1875 affici
270 1822 375 1896 queat,
399 1813 478 1876 nullo
503 1823 587 1898 pacto
612 1823 680 1875 ante
702 1833 809 1898 corpus
834 1833 958 1898 peceare
984 1813 1139 1898 potuisset.
1188 1807 1243 1876 Sin

80 1914 234 1998 peccarit,
265 1915 368 1978 laisum
392 1925 438 1978 cst
463 1915 542 1979 nullo
564 1937 627 1978 eam
653 1926 775 1999 peccato
801 1933 854 2000 per
876 1936 943 1980 sese
968 1914 1101 2001 potuisse
1122 1913 1242 1998 corripi,

80 2016 214 2100 quinimo
232 2017 317 2080 laeile
334 2017 370 2080 ab
390 2037 425 2080 eo
440 2016 539 2082 invadi
557 2017 780 2103 expugnarique
798 2018 902 2104 potuit.
949 2015 1033 2084 Unde
1055 2027 1084 2081 et
1102 2016 1172 2080 licet
1194 2016 1244 2079 de·

80 2139 142 2182 nuo
159 2139 268 2204 corpus
291 2120 361 2184 illud
382 2141 440 2182 nou
458 2120 598 2206 accipiat,
624 2120 758 2205 peccabit
773 2120 979 2201 nibilominus,
1003 2119 1243 2204 quemadmodum

79 2233 241 2306 antequam
261 2243 325 2285 cum
342 2223 392 2286 illo
410 2223 640 2308 coniungeretur
656 2222 820 2288 iamdudum
841 2224 964 2288 lecerat.
1006 2218 1157 2304 Quorsum
1170 2242 1244 2286 vero

79 2345 191 2410 corpus
210 2324 329 2388 omniuo
349 2337 415 2412 post
436 2326 594 2390 admissum
614 2326 750 2390 delictum
769 2325 921 2412 capiebat,
946 2335 996 2389 aut
1015 2324 1082 2409 quid
1100 2324 1151 2386 illo
1171 2343 1244 2408 opos

79 2427 230 2492 babebat?
275 2425 309 2493 si
329 2437 360 2493 ut
379 2429 521 2515 supplicio
539 2449 573 2492 ac
590 2429 691 2493 dolore
706 2430 883 2506 afficeretur,
908 2448 962 2492 cur
976 2447 1040 2490 cum
1058 2446 1182 2512 corpore
1200 2426 1244 2488 lu·

79 2551 155 2594 xum
174 2530 271 2615 potius
289 2531 468 2615 deliciasque
490 2534 642 2595 sectatur?
686 2531 811 2596 Arbitrii
827 2551 900 2595 vero
917 2529 963 2594 sui
984 2529 1149 2592 libertatem
1172 2547 1245 2612 quo·

80 2634 172 2697 ruodo
189 2633 320 2698 retinere
336 2635 366 2698 iu
382 2633 438 2698 boc
455 2635 563 2698 mundo
578 2633 714 2698 uidetur'l
757 2629 890 2698 Credere
908 2633 1004 2711 enim,
1030 2641 1081 2695 aut
1103 2652 1161 2694 non
1179 2651 1245 2696 cre·

79 2737 154 2800 dere
171 2737 202 2800 in
222 2747 326 2802 nostra
342 2747 388 2802 est
405 2737 557 2801 voluntate
576 2736 714 2820 positum.
760 2733 816 2802 Ubi
836 2745 931 2800 autem
949 2745 1104 2819 utrumque
1120 2733 1194 2798 iuris
1210 2753 1245 2797 ac

78 2840 245 2905 voluntatis
262 2850 308 2903 est
325 2851 461 2918 nostrae,
485 2859 670 2922 consequeus
684 2849 729 2902 est
746 2849 779 2902 ut
792 2850 822 2902 et
836 2850 917 2902 recte
934 2857 1024 2922 agere
1042 2837 1090 2900 uel
1107 2857 1242 2923 peecare,

79 2943 151 3007 boni
171 2941 279 3027 aliquid
298 2943 398 3006 lacere
415 2942 462 3006 vel
479 2941 558 3020 mali,
583 2941 622 3004 sit
639 2941 796 3026 integrum.
833 2937 968 3023 Quonam
987 2950 1072 3026 pacto
1091 2951 1245 3025 praeterea

79 3048 212 3111 luterum
229 3045 298 3108 illud
313 3044 451 3110 iudicium
470 3043 620 3130 expectari
637 3043 760 3128 amplius
783 3053 896 3130 potest,
920 3065 977 3128 quo
997 3045 1027 3107 iu
1048 3043 1157 3108 iudicio
1180 3042 1245 3106 uni·

80 3151 191 3236 cuique
211 3149 283 3212 deus
304 3169 357 3234 pro
376 3167 496 3233 operum
514 3146 629 3210 ratione
648 3168 682 3210 ac
700 3147 862 3211 studiorum
878 3147 1036 3232 rependet,
1061 3155 1090 3210 et
1112 3165 1169 3208 uon
1194 3166 1246 3231 po·

78 3255 140 3316 tius
156 3253 216 3317 iam
234 3252 339 3315 adesse
353 3249 533 3329 censebitur,
558 3249 583 3314 si
599 3249 679 3333 gigni
695 3269 730 3313 ac
747 3249 845 3313 subire
861 3248 891 3312 iu
906 3269 1012 3335 corpus
1028 3247 1153 3312 animam
1168 3247 1245 3312 idem

79 3365 130 3418 est
150 3375 187 3418 ac
208 3352 348 3432 iudicari,
373 3364 403 3416 et
420 3353 590 3416 mentorum
617 3353 747 3437 praemia
767 3353 936 3439 percipere,
961 3351 1053 3414 ernori
1073 3361 1178 3416 contra
1200 3363 1244 3416 at·

78 3478 139 3542 quc
164 3477 183 3521 a
207 3476 331 3541 corpore
356 3454 471 3540 seiungi
497 3454 568 3518 nibil
593 3465 637 3519 est
661 3456 736 3520 aliud
760 3477 846 3540 quam
867 3453 986 3520 libcrari
1007 3475 1041 3518 ac
1064 3454 1243 3532 refocillari3

78 3570 241 3646 propterea
266 3559 342 3642 quod
369 3567 489 3644 peccato
513 3567 581 3622 aute
606 3579 713 3644 eorpus
735 3559 863 3622 admisso
889 3558 917 3622 iu
943 3557 1020 3620 idem
1041 3556 1110 3620 illud
1134 3558 1242 3634 auimo,

80 3663 168 3726 velut
185 3663 221 3724 ad
237 3660 408 3746 supplicium
425 3661 574 3741 damnata,
594 3661 789 3747 compellitor,
812 3682 886 3745 quae
901 3669 1002 3724 vestra
1017 3668 1064 3721 est
1079 3659 1245 3722 sententia?

80 3763 147 3828 lam
173 3763 244 3826 illud
267 3763 339 3826 satis
363 3783 527 3848 superque,
551 3763 632 3827 velut
655 3764 891 3843 exabundanti,
916 3762 1050 3826 oratione
1071 3771 1172 3824 nostra
1195 3761 1245 3823 de-

79 3875 283 3931 monstratum
299 3875 362 3946 cst,
385 3865 449 3929 deri
467 3887 526 3930 uon
544 3887 631 3949 posse
648 3875 679 3928 ut
698 3887 805 3952 corpus
827 3866 943 3930 animae
961 3862 1053 3932 veluti
1074 3863 1244 3928 carnificina

78 3991 114 4034 ae
139 3968 291 4036 vinculum
313 3968 468 4032 habeatur.

172 4071 273 4154 Atque
298 4071 366 4135 illud
393 4069 507 4157 quidem
535 4073 668 4136 sufficere
696 4070 829 4149 ridetur,
860 4072 936 4154 quod
961 4090 1002 4134 ex
1028 4069 1122 4133 sacris
1149 4069 1367 4148 litaniaeque.

79 4175 289 4254 ostendimus,
313 4175 437 4260 primum
462 4183 595 4238 nostrum
613 4184 783 4260 parentem,
814 4173 902 4238 etiam
927 4181 996 4237 aute
1020 4173 1175 4262 delictum,
1204 4193 1243 4237 cx

79 4297 214 4364 corpore
230 4277 383 4362 animaque
398 4276 490 4341 luisse
507 4278 675 4356 condatum,
696 4286 782 4362 alque
796 4275 836 4340 ita
852 4275 1016 4361 disputandi
1031 4276 1117 4339 linem
1131 4277 1241 4340 iacere.

78 4379 153 4466 Ego
169 4399 245 4444 vcro
259 4399 372 4444 summa
387 4402 465 4444 nuuc
477 4379 593 4446 illorum
609 4380 705 4466 capita
719 4377 927 4465 perstringam,
952 4378 1095 4443 duntaxat
1110 4389 1142 4442 ut
1156 4398 1243 4462 argu·

78 4494 271 4562 mentorum,
296 4480 400 4566 quibos
420 4494 558 4566 utuntur,
583 4482 727 4569 praesidia
746 4503 781 4546 ac
799 4482 980 4548 lirmameuta
1000 4481 1181 4562 convellam,
1205 4499 1243 4544 ue

143 4581 234 4640 (lorpes
247 4581 383 4628 Haemoni.
395 4580 425 4626 11.
438 4584 458 4628 2
998 4590 1036 4654 21
