3148 4938
363 269 500 323 rsnsnn
517 265 622 326 trun.
640 268 722 324 rum.
736 272 768 324 n.
785 271 884 325 esen.
898 273 988 326 uxrr.
1190 258 1252 325 tet
1291 237 1296 244 ’

102 381 201 456 πππῗὶπ
215 389 341 476 propriis
355 380 473 456 seiiius
488 391 535 456 ins
551 391 638 457 ullum
655 392 778 458 oblinet.
824 389 960 476 Quonam
977 391 1067 476 igitur
1084 393 1169 458 sturio
1186 415 1250 476 ope·
1261 411 1384 476 spent

102 505 185 556 retur
200 499 230 555 ἐπ
239 496 318 574 filiis
332 495 552 569 molesmum,
578 495 656 558 siout
671 495 809 580 seriptum
827 497 892 559 esti
930 493 1140 560 Sei'nistirum
1157 515 1252 582 oeque

103 597 245 681 quomotlo
261 615 316 660 uus
331 591 468 660 Christus
487 597 662 676 redemerit,
686 596 885 683 redemptique
900 597 954 682 ipsi
976 596 1135 676 fuerimus,
1159 615 1254 684 neque

103 699 247 784 quomotlo
262 697 451 762 maledietum
476 719 528 784 pro
553 699 637 762 uobis
661 698 810 780 extiterit,
843 700 970 764 furiosus
992 699 1042 764 ilie
1060 697 1253 765 Mseioltseus

103 799 254 885 intelligit·
288 801 335 884 qui
351 812 452 886 aperto
478 821 530 864 ure
550 803 637 864 multu
659 801 796 866 effutiens
814 822 888 887 quoe
905 803 975 866 iioit
988 802 1113 888 prolerre
1129 823 1186 865 nou
1205 823 1255 887 po—

104 913 172 967 test
218 901 298 966 Eone
323 904 399 966 enim
426 905 454 966 in
481 903 612 968 seountlu
635 905 713 967 illius
738 906 867 969 uiveutu
890 927 924 968 uu
951 904 1136 968 restitutione
1156 903 1256 968 muntii

101 1005 298 1070 voeileruoles
323 1005 390 1068 illus
406 1006 555 1085 riiemuS,
589 1011 622 1068 lu
644 1012 753 1069 nomine
770 1019 818 1068 tuo
835 1011 1016 1082 comedimus,
1050 1011 1107 1069 st
1092 1029 1123 1070 ts
1142 1011 1367 1073 mutorum
1372 1015 1405 1064 2

103 1123 149 1170 rso
168 1112 314 1172 moeris
329 1115 470 1171 rememsis.
518 1105 633 1191 Quibus
652 1110 699 1174 ille
717 1109 883 1196 respondit,
915 1113 1056 1172 mereatu
1074 1130 1092 1170 o
1107 1131 1150 1170 me
1166 1073 1365 1216 mule-bufli.
1357 1117 1406 1175 ,ι

100 1216 189 1287 uem
212 1217 305 1274 umor'o
326 1233 385 1274 eos.
425 1208 489 1276 Cur
506 1231 570 1275 oum
589 1231 655 1276 euru
677 1212 913 1290 tronliteuntur,¹
906 1233 968 1298 rpse
987 1223 1084 1276 tomen
1101 1211 1253 1277 illosexu·
1269 1223 1350 1278 Ml·

101 1315 219 1376 erutor?
238 1311 317 1396 Quiri
335 1325 432 1377 notem
453 1313 529 1377 oliuu
549 1313 733 1378 meletiietum
751 1315 825 1398 legis
841 1325 886 1380 est
900 1326 1017 1400 praeter
1032 1333 1162 1392 oruoeut,
1181 1329 1256 1397 quus

103 1427 223 1502 propter
239 1428 356 1502 peuuotu
376 1415 559 1480 maledictum
580 1415 655 1500 legis
670 1427 723 1480 est
740 1418 835 1480 luctui
878 1413 1042 1482 Etenim
1016 1439 1042 1480 st
1065 1416 1129 1502 quis
1151 1417 1182 1480 iu
1203 1418 1255 1480 ie·

100 1521 170 1582 liuto
188 1520 387 1604 depreltonsus
404 1531 495 1597 esset,
520 1519 556 1582 tle
574 1539 611 1584 eo
628 1519 679 1582 lex
698 1519 754 1584 istu
769 1518 904 1598 iubebat,
928 1523 1111 1601 Sospeodeo's
1127 1521 1407 1597 illuminemus

100 1627 199 1703 Ιὶςππε
230 1643 286 1684 nun
302 1626 469 1683 orosiietsul
484 1643 570 1703 super
590 1625 658 1694 illo,
692 1634 722 1683 et
740 1645 826 1703 super
845 1627 982 1686 moerere
995 1627 1070 1696 eius,
1102 1625 1153 1683 sed
1171 1625 1254 1702 depo·

99 1728 191 1786 nendo
208 1728 349 1805 deportetis
365 1745 437 1798 eunt,
462 1736 492 1785 et
504 1727 667 1806 sepientes
680 1727 820 1806 sepeliens
836 1737 902 1787 unte
918 1729 987 1787 soh‘s
1004 1743 1143 1798 uocarunt,
1167 1745 1256 1806 quott-

98 1833 157 1889 r'um
175 1831 338 1889 maledictus
353 1833 442 1892 omnir
458 1833 510 1909 pur·
520 1832 627 1908 perdet
640 1832 669 1890 in
682 1832 773 1908 lr'gnm
821 1824 922 1912 itaque
940 1826 1057 1892 enotuit
1073 1825 1170 1889 errrois
1187 1845 1255 1910 sop-

97 1927 217 2016 piieium
236 1931 392 1994 constitute
413 1931 452 1993 sit
479 1930 660 2006 maledictio,
694 1925 831 1994 Christus
856 1949 945 2015 porro
970 1930 1094 1994 veniens
1114 1928 1146 1992 iu
1168 1947 1256 1994 oruoe

97 2041 222 2119 peouulp
241 2042 341 2096 nostru
367 2033 535 2111 sustulerit,
570 2055 605 2095 ue
630 2032 817 2117 semetipsum
845 2044 1067 2096 nostrorumst
1091 2030 1255 2111 trudiierit,

95 2136 165 2200 eius
182 2156 235 2200 uns
252 2136 371 2218 sanguis
389 2137 523 2212 retlemit,
548 2136 696 2220 ipsiusque
714 2155 820 2220 eorpus
836 2137 1044 2200 exeorstiuues
1059 2145 1177 2198 nostrus
1197 2134 1257 2198 iis·

97 2237 211 2316 eussit,
238 2251 305 2300 eum
321 2238 433 2302 soilieet
450 2238 627 2323 poenitentis
645 2239 740 2301 erneis
757 2239 941 2322 adventuque
957 2258 1012 2302 suu
1026 2247 1145 2322 peuouts
1155 2247 1257 2302 uostn

96 2341 248 2406 dissuluit.
281 2335 428 2422 Quoeiruu
448 2361 542 2424 neque
560 2339 610 2404 lex
627 2339 808 2404 meleiiutum
825 2341 897 2420 luit,
921 2361 976 2404 nee
993 2338 1178 2425 evangelium
1195 2359 1257 2403 ssu·

95 2443 238 2506 iedietnm
256 2443 402 2528 suscepit,
428 2463 482 2508 nee
500 2443 659 2506 dominus
652 2463 713 2528 rpse
731 2453 896 2527 postremo,
922 2445 973 2507 setl
987 2443 1090 2506 merlis
1106 2444 1185 2509 illius
1208 2446 1258 2509 ite·
1293 2495 1302 2514 ,

95 2547 208 2610 neiioio
230 2547 372 2610 adversus
396 2556 514 2632 perusto
538 2546 695 2608 constituto
719 2546 822 2608 mortis
844 2557 890 2610 est
911 2565 1005 2631 poeno
1027 2545 1210 2612 sultam.-

177 2647 262 2733 Quot
279 2669 352 2712 vero
367 2649 439 2712 illud
459 2648 569 2726 obiicit,
594 2653 656 2710 teo
671 2652 955 2710 semimortuorum
971 2649 1157 2723 erutione
1174 2650 1256 2735 pluro
1273 2650 1397 2772 ἄξῃ

95 2763 193 2816 anteo
210 2751 355 2829 diximus,
378 2750 677 2834 idqueostentliurus,
703 2771 884 2835 nequequam
902 2752 995 2835 legem
1010 2752 1114 2814 mortis
1131 2751 1253 2816 utimini·
1240 2783 1330 2830 qo„
1330 2785 1396 2842 ‚qq

94 2865 194 2920 straus
212 2855 314 2918 luisse.
348 2851 418 2917 Non
440 2855 517 2916 enirn
534 2853 653 2915 eaedem
668 2851 907 2938 prueoipieltul,
899 2875 957 2916 turo
976 2875 992 2916 e
1010 2855 1172 2933 eontrario,
1191 2859 1258 2922 Noe
1270 2869 1410 2928 nutent

94 2961 223 3020 muer.
271 2953 383 3020 Verum
399 2957 474 3040 quod
491 2955 665 3020 ltumioiism
683 2955 806 3020 iuteriei
823 2955 956 3034 iubebat,
981 2965 1013 3019 ut
1029 2957 1115 3020 unius
1133 2956 1259 3024 bominis

94 3077 179 3124 neue
194 3057 348 3144 purrioitliu
372 3057 612 3141 prohiberentur,
643 3069 673 3120 et
698 3059 784 3122 unius
812 3058 947 3142 exemplo
972 3059 1103 3123 deterriti
1127 3059 1258 3144 plerique

93 3161 318 3247 improbitatem
341 3181 423 3224 sunm
445 3169 636 3239 coercerem,
668 3181 725 3224 neu
749 3161 873 3247 emplius
896 3163 1014 3226 esetlem
1042 3170 1257 3246 perpetrarent,

93 3263 141 3328 uit
166 3261 196 3326 itl
220 3268 402 3325 miniterium
419 3268 519 3324 murtei
539 3283 605 3326 esse
622 3264 744 3342 dieitur,
777 3285 835 3327 uon
863 3265 937 3348 quui
966 3265 1069 3327 mortis
1087 3262 1258 3327 oimiuistrs

92 3366 160 3445 sit,
185 3366 236 3428 seul
260 3367 335 3450 quod
352 3365 515 3450 psrrioiiue
535 3376 657 3428 mortem
674 3366 837 3448 infligeret,
869 3387 905 3440 ne
923 3367 1019 3452 plures
1037 3387 1074 3430 en
1096 3387 1128 3430 ee
1145 3366 1259 3430 scelere

92 3468 229 3554 amplius
245 3467 475 3552 obstringerent.
520 3465 628 3530 Postea
646 3487 719 3530 rere
742 3469 872 3533 soluetur
887 3469 1049 3546 resedens,
1073 3491 1138 3534 eunt
1155 3470 1259 3554 poetio-

91 3591 200 3657 gopus
215 3570 348 3634 homines
366 3571 551 3655 uestigusset,
576 3569 681 3632 bunum
698 3571 838 3655 temporis
856 3582 966 3656 portem
982 3571 1012 3634 in
1029 3571 1177 3636 ostentis
1192 3593 1258 3657 per·

90 3673 275 3738 lentioribus
290 3674 472 3738 ulooumeutis
488 3671 659 3756 insumpsit,
690 3693 876 3758 summopere
897 3695 961 3736 oum
983 3673 1062 3738 hisee
1080 3674 1154 3759 legis
1175 3695 1258 3738 mun·

90 3776 181 3840 detis
199 3777 406 3854 eonsentiens,
431 3779 496 3837 Nmr
514 3779 639 3849 sectiles,
663 3779 729 3838 Non
743 3777 902 3858 furum,
927 3779 992 3838 Non
1002 3778 1114 3859 sulem
1134 3783 1258 3840 momu-
1272 3791 1409 3848 uestem.

88 3885 182 3944 ns'uut
201 3883 290 3952 diues,
316 3878 355 3940 ilu
371 3879 434 3958 ipse
451 3878 614 3963 praesepile
646 3881 760 3959 Siquis
778 3879 977 3942 &mummii
989 3881 1134 3941 nomilites
1150 3885 1257 3942 oees'de-
1266 3885 1411 3946 utili-⁵22

88 3988 160 4056 rr't,
183 3983 289 4062 proebe
304 3985 352 4042 illi
363 3993 393 4042 et
406 3984 540 4053 alterum,
567 3989 598 4042 nt
615 3980 770 4064 parricidio
789 3980 905 4065 penitus
923 3981 1056 4044 exlinotn
1074 3981 1152 4044 silue
1169 3981 1259 4046 stimi·

90 4084 240 4152 nistrslie
259 4083 442 4148 suouetleret.
489 4079 582 4146 Cuius
599 4083 676 4146 enim
694 4083 815 4147 moxills
834 4083 1012 4168 perentitur,
1041 4083 1070 4146 is
1085 4085 1120 4148 ud
1139 4087 1258 4150 nseiem

89 4187 276 4276 putrentium
292 4208 351 4249 uon
369 4197 524 4271 provuout,
550 4186 600 4248 sed
619 4185 746 4248 intentes
765 4184 926 4249 ltomioitlue
945 4205 1048 4249 merrus
1066 4187 1167 4265 solvil,
1191 4190 1258 4253 tluur

87 4291 183 4358 iliius
208 4289 365 4373 nequitiem
397 4287 555 4372 suiipsius
582 4287 746 4351 abiectione
768 4287 925 4352 demuloet.
971 4287 1070 4372 Atque
1092 4288 1148 4352 hou
1172 4291 1258 4356 motio

87 4405 191 4460 vetus
207 4413 240 4456 uu
259 4412 366 4456 novum
383 4399 586 4460 testamentum
607 4389 662 4453 sibi
679 4390 709 4453 in
726 4390 859 4454 omnibus
878 4403 1076 4456 consentanee
1092 4401 1171 4458 sunl.

156 4513 183 4564 ‘l-
202 4504 281 4564 sisoi
302 4512 370 4563 oriri
385 4525 441 4562 mss«
475 4512 581 4562 Fortasse
596 4504 691 4570 sinoti,
708 4512 759 4560 lto.
777 4509 877 4563 σαυτοῦ,
