3186 4928
374 237 437 301 402
802 250 925 302 ειμοτι
942 249 1113 302 εειειιιαιι

374 367 405 431 έν
419 373 485 442 ταῖς
498 369 644 443 διανοίαις
661 373 720 432 τιῦν
737 363 936 450 ἠπατημένων
953 365 1127 450 ίνστησηται
1140 373 1203 442 τοῖς
1220 369 1388 449 νομίζουσιν
1408 363 1474 432 είναί
1488 393 1506 430 τι

373 465 446 550 μετά
462 465 515 534 τόν
531 465 616 548 ῦντα,
638 471 690 534 καί
707 466 749 546 τίς
765 471 858 534 εἰπεῖν
875 471 908 535 έκ
923 471 979 535 δύο
998 473 1102 554 βίζυν,
1123 467 1145 551 ἢ
1159 468 1215 535 δύο
1233 466 1331 556 άρχολν
1347 472 1506 554 ἐνεργεῖσθαι

372 569 410 635 τά
427 569 534 651 πάντα,
556 569 629 656 ὅπερ
647 573 708 637 έστί
724 570 845 638 πάντων
860 573 1090 655 δυσσεβίοτατον
1106 573 1156 636 καλ
1173 568 1406 658 μοχθηρότατον.
1445 570 1507 636 ’Ana'

372 676 441 760 περλ
462 672 570 740 τούτου
592 667 685 752 αὖθις
706 677 773 762 έρεὸ.
815 672 866 739 Ἐν
886 672 1002 751 τούτοις
1019 672 1077 760 γάρ
1094 670 1112 740 ό
1127 675 1341 760 προειρημένος
1355 671 1507 746 Σκυθισνδς

372 777 544 858 τυφλωθεὶς
558 775 614 860 τήν
629 774 774 856 διάνοιαν,
796 776 897 860 λαβάν
910 775 993 862 παρά
1007 775 1196 862 Πυθαγόρου
1212 773 1266 853 τάς
1280 773 1454 864 προφάσεις,
1472 774 1507 842 οῦ-

370 905 430 956 τας
445 878 610 965 ἐφρόνησε,
632 882 684 946 καλ
706 883 826 964 βίβλους
843 881 983 965 τέσσαρας
1000 879 1095 968 ἐαυτῷ
1111 877 1283 958 πλάσσεται,
1304 886 1343 969 τῇ
1359 885 1416 968 μιᾷ
1435 877 1508 958 ὄνομα

369 967 498 1064 θέμενος
512 985 706 1067 Μυστηρίυν,
728 989 767 1072 τῇ
785 983 817 1048 δέ
832 983 953 1069 δευτέρᾳ
972 985 1161 1063 Κεφαλαίυν,
1183 986 1317 1072 τῇτρίτη
1335 979 1508 1068 Εῦαχγέλιιν,

291 1145 295 1154 .
370 1111 407 1174 τη
423 1082 548 1175 τετάρτη
568 1088 734 1171 Θησαυρόν
740 1135 749 1163 ,
772 1086 804 1150 έν
821 1082 872 1161 αίς
884 1084 921 1150 τά
938 1083 1058 1171 ίσόζυγα
1074 1087 1127 1151 καί
1141 1082 1178 1151 τά
1196 1082 1342 1170 ίσόρροπα
1358 1082 1415 1150 δύο
1432 1081 1509 1168 α’ρχιλν

370 1185 508 1266 συζεύξας
526 1185 671 1272 πρόςυπα
685 1185 757 1253 καθ’
772 1185 898 1270 έιιάστην
915 1185 1081 1267 ύπόθεσιν,
1104 1185 1201 1263 οὕτως
1215 1184 1377 1269 ύπολαβιίν
1394 1184 1413 1252 ό
1430 1186 1509 1260 τάλας,

369 1291 421 1355 καλ
437 1287 534 1367 οῦτως
548 1289 623 1356 κατά
638 1297 725 1356 τοῦτο
743 1288 776 1357 τό
791 1292 881 1376 μέρος
897 1288 1084 1372 έφαντάζετο,
1106 1288 1149 1369 δίς
1162 1316 1191 1355 τι
1205 1291 1279 1375 μέγα
1295 1285 1390 1373 εύρον
1404 1297 1446 1378 τῷ
1458 1292 1509 1374 βίᾳ.

370 1393 432 1456 Καί
446 1399 488 1482 τᾳῦ
508 1390 572 1459 όντι
588 1394 663 1479 μέγα
682 1391 779 1459 κακόν
798 1391 904 1480 εῦρατο
924 1399 964 1482 τῷ
982 1396 1057 1483 βίᾳ,
1079 1390 1151 1458 καθ’
1168 1394 1276 1459 ἑαυτοῦ
1298 1393 1349 1458 καί
1371 1399 1432 1458 τοῖν
1451 1386 1505 1454 9ότι

371 1491 465 1561 αῦτοῦ
487 1497 693 1578 πλανωμένων.

237 1609 305 1681 Κιφ.
320 1609 352 1680 χ’.
453 1594 574 1681 Ἐπειδὴ
591 1599 624 1664 δέ
643 1596 663 1666 δ
683 1596 758 1684 άνὴρ
781 1601 813 1664 έν
829 1596 946 1675 τούτοις
962 1590 1017 1681 ἦν,
1045 1593 1170 1680 άιιηιιόει
1189 1597 1221 1662 δέ
1236 1604 1303 1672 ποῦς
1323 1600 1355 1662 οί
1374 1603 1512 1683 προφῆται

368 1701 421 1767 καί
437 1697 456 1766 ό
471 1699 564 1784 νόμος
585 1699 790 1788 προεφήτευον
814 1703 882 1786 περλ
898 1709 950 1784 τῆς
966 1707 1021 1766 τοῦ
1043 1698 1158 1782 κόσμου
1177 1697 1358 1779 συστάσεως,
1387 1701 1437 1766 καλ
1456 1697 1512 1780 περὶ

368 1809 423 1869 τοῦ
445 1801 512 1880 ένδς
528 1803 580 1869 καλ
595 1802 762 1890 μονάρχου,
784 1811 840 1870 τοῦ
858 1802 903 1869 άελ
922 1801 1024 1882 ὄντος,
1051 1803 1103 1868 καλ
1126 1801 1167 1885 μὴ
1190 1805 1393 1878 διαλείτσοντος
1412 1807 1463 1868 τοῦ
1481 1795 1512 1862 εί·

247 1929 298 1974 με·
313 1917 358 1964 ⁸¹⁰·
370 1929 435 1984 ναι,
458 1903 571 1990 πατρός
590 1907 715 1972 καὶτοῦ
734 1903 828 1974 αύτοῦ
842 1908 913 1972 υίοῦ
928 1907 1050 1971 καὶτοῦ
1072 1903 1161 1990 άγίου
1184 1903 1366 1988 πνεύματος,
1389 1901 1514 1987 ἠθέλησε,

367 2010 557 2096 περιττοτέρᾳ
573 2011 633 2075 εινλ
648 2008 812 2095 φερόμενος
827 2005 1002 2095 ἡδυπαθείᾳ
1020 2010 1072 2073 καλ
1094 2005 1169 2074 κατά
1188 2006 1241 2074 τδν
1264 2005 1413 2074 ἰδιωτικόν
1434 2002 1514 2070 αύτοῦ

366 2117 439 2176 νοῦν
454 2110 659 2190 ἐπιτωθάζων,
681 2113 732 2176 καί
748 2114 850 2198 βαρεῖς
864 2113 1008 2195 στρήνους
1022 2113 1054 2176 έν
1069 2112 1163 2200 έαυτρῦ
1182 2107 1335 2196 άγόμενος,
1356 2111 1515 2174 στέλλεσθαι

366 2209 421 2296 τόν
437 2215 559 2300 πορείαν
577 2216 628 2281 έπλ
650 2212 687 2278 τά
703 2211 891 2299 Ἰεροσόλυμα
916 2215 1006 2298 1περί
1026 2211 1098 2288 τοῦς
1119 2210 1245 2299 χρόνους
1261 2219 1321 2278 τῦν
1342 2209 1514 2284 οίποστόλυν,

368 2311 410 2392 τός
432 2320 528 2400 δῆθεν
543 2317 636 2384 έκεῖοε
653 2314 832 2400 ποιούμενος
845 2314 899 2382 τόν
915 2314 1004 2400 λόγον
1020 2317 1089 2401 περί
1103 2313 1176 2390 τοῦς
1194 2313 1232 2380 τά
1250 2317 1344 2400 ’περὶ
1364 2316 1517 2398 μοναρχίας

366 2417 575 2504 κηρόττοντας,
596 2421 705 2485 καλ
665 2446 723 2484 των
738 2425 792 2488 τοῦ
809 2425 886 2484 θεοῦ
902 2415 1077 2500 κτισμάτων.
1119 2415 1202 2482 Ὀδέ
1215 2415 1305 2542 τρίλας
1320 2413 1487 2482 άνελθτόν’
1471 2439 1514 2478 αν
1561 2489 1562 2492 ¹

365 2519 511 2602 τιβάλλτιν
525 2520 633 2610 ἤρξατο
648 2519 726 2608 πρός
740 2519 811 2598 τοῦς
827 2523 919 2588 έκεῖσε
936 2521 1168 2606 πρεσβυτέρους,
1189 2517 1260 2595 τούς
1275 2517 1351 2585 κατά
1365 2517 1421 2602 τὴν
1436 2542 1515 2598 νομο-

364 2627 472 2690 θεσίαν
488 2623 616 2691 θεοῦ
581 2651 676 2714 την
648 2651 688 2690 τοι
674 2631 829 2714 ’Μαύσῇ
844 2627 987 2689 δοθεῖσαν
1007 2625 1059 2688 καί
1079 2647 1251 2712 προφητικρ
1236 2620 1392 2688 ’ἑκάστου
1407 2617 1515 2745 προυά

365 2749 420 2792 τσο
442 2727 617 2816 διδασκαλίᾳ
634 2691 831 2810 βιόῦντας,”
812 2753 874 2806 οτι,
898 2732 972 2802 Πῶς
993 2751 1069 2806 φατε
1090 2726 1142 2790 ένα
1161 2723 1235 2792 θεόν
1260 2723 1335 2789 8τόν
1356 2723 1516 2807 ποιήσαντα

364 2825 459 2893 νύκτα
473 2853 504 2893 τε
521 2832 573 2895 καλ
590 2793 716 2914 όμέραν,
737 2828 835 2915 σάρκα
851 2854 882 2894 τε
897 2831 949 2894 καλ
964 2827 1081 2912 ψυχὴν,
1102 2826 1193 2913 ξηρόν
1214 2852 1244 2892 τε
1266 2822 1362 2893 καλ
1339 2823 1452 2914 υγρδν,
1473 2820 1515 2890 οῦ

365 2928 459 3016 ρανόν
474 2955 505 2996 τε
520 2933 573 2997 καλ
586 2939 651 3018 γῆν,
675 2931 782 3008 σιιότος
796 2957 828 2997 τε
843 2934 895 2997 καλ
910 2938 991 3011 φῦςς
1014 2933 1046 2996 οἱ
1059 2931 1092 2996 δέ
1108 2938 1213 3013 σαφοῦς
1227 2932 1391 2996 ἐδείκνυον·
1416 2927 1455 2996 ού
1469 2925 1516 3012 γάρ

363 3028 529 3116 ἡάληθεεα
549 3037 802 3121 παρακέκρυπται.
844 3031 878 3098 ‘0
898 3034 930 3099 δέ
951 3031 1109 3118 άντιλέγοιν
1129 3031 1185 3099 οῦκ
1202 3030 1354 3123 ᾐσχύνετο·
1376 3032 1472 3116 μηδὲν
1490 3028 1515 3091 δὲ

364 3133 531 3219 δυνάμενος
547 3143 724 3223 περαιῶσαι,
748 3136 830 3220 ὅμως
844 3143 881 3226 τῇ
898 3133 1087 3224 ἀναισχυντίᾳ
1109 3143 1161 3220 αἴης
1179 3134 1375 3219 χαλεπότητος
1393 3136 1516 3218 ἐφέρετε.

362 3233 414 3313 Ὡς
429 3238 462 3303 δέ
477 3235 534 3306 οῦκ
551 3240 651 3324 ίσχυσέ
668 3266 696 3305 τε
711 3236 834 3320 άνόσαι,
856 3236 927 3304 άλλά
947 3236 980 3304 τό
1003 3231 1093 3324 ἦττον
1107 3246 1216 3321 μᾶλλον
1228 3235 1439 3322 Ἰἀπηνέγκατο,
1461 3237 1517 3300 έπε-
1561 3263 1562 3276 ¹

362 3337 542 3422 τήδευσεδί
559 3334 602 3408 όν
625 3339 683 3426 εἶχε
705 3349 839 3428 μαγικιῦν
861 3344 983 3424 βιβλίων
1003 3343 1066 3424 (καί
1088 3339 1144 3428 γάρ
1165 3342 1218 3408 ιιαλ
1238 3338 1309 3427 γόης
1325 3333 1365 3424 ἦν
1387 3336 1453 3407 άπδ
1473 3343 1519 3418 τῆς

362 3447 424 3507 τῶν
435 3439 538 3509 'Mdv
554 3447 605 3510 καλ
618 3447 793 3531 Αἰγυπτίαν
806 3445 857 3510 καλ
874 3441 1054 3526 έθνομύθσυ
1069 3448 1192 3526 σοφίας,
1214 3441 1474 3528 ἐμπορευσάμενος
1487 3434 1518 3502 ιε’

318 3604 325 3620 ,
363 3543 443 3611 δεινά
457 3547 510 3612 καί
524 3543 658 3641 όλετήρια
671 3553 725 3630 τῆς
739 3550 884 3633 γοητείας)
907 3550 1073 3628 φαντασίαν
1086 3545 1152 3612 τινά
1170 3547 1220 3612 έπλ
1234 3545 1369 3628 δείματος
1385 3541 1518 3611 άνελθάν

361 3649 412 3713 καλ
432 3648 641 3732 ἐπιτηδεύσας,
664 3648 747 3732 ὅμως
764 3647 852 3716 ούδέν
869 3646 1003 3731 ἰσχύσας,
1026 3646 1097 3715 όλλά
1110 3647 1285 3716 καταπεσόν
1299 3650 1333 3714 έκ
1346 3655 1407 3714 τοῦ
1425 3645 1518 3730 δύμο-
1561 3649 1562 3670 ³

360 3774 412 3825 τος
425 3751 499 3817 τέλει
513 3759 567 3818 τοῦ
584 3755 653 3835 βίον
673 3748 823 3838 ἐχρήσατο.
860 3743 918 3815 Ἦν
935 3751 967 3816 δέ
983 3755 1142 3838 διατρίψας
1160 3754 1224 3818 ἐκεῖ
1236 3749 1324 3818 ίκανό
1342 3751 1408 3836 έεη.
1452 3755 1517 3814 Μα-

361 3851 461 3936 θητήν
476 3855 509 3920 δέ
525 3857 598 3938 έχων
615 3855 668 3920 ἕνα
685 3851 778 3936 μόνον
793 3850 861 3938 μεθ’
877 3856 997 3934 ἑαυτοῦ,
1018 3853 1071 3920 τόν
1084 3856 1296 3941 προειρημένον
1310 3859 1328 3899 ⁴
1340 3856 1518 3940 Τέρβινθον,

363 3945 388 4043 ᾧ
404 3957 456 4021 καλ
472 3955 510 4022 τό
525 3959 589 4022 ίδια
602 3958 772 4023 ἐπίστευσεν
788 3954 829 4034 τίς
847 3954 1050 4045 πιστικιοτάτᾳ
1064 3959 1116 4024 καλ
1132 3954 1195 4023 κατ’
1212 3955 1329 4024 εύνοιαν
1348 3953 1439 4045 αύτῷ
1461 3958 1517 4031 έξν

362 4060 584 4147 πηρετουμένᾳ·
607 4057 644 4136 ῦς
661 4061 883 4144 τελευτήσαντος
899 4063 953 4125 τοῦ
968 4065 1146 4125 Σκυθιανοῦ
1160 4057 1276 4142 κηδεύει
1291 4059 1344 4142 μέν
1359 4055 1460 4125 αὐτόν
1475 4083 1519 4138 φι-

362 4161 595 4246 λοφρονέστατα,
616 4161 668 4227 καλ
684 4161 793 4244 θάψας
812 4163 965 4230 σκέπτεται
981 4159 1022 4245 μὴ
1039 4159 1115 4249 πρός
1134 4160 1167 4229 τό
1185 4159 1309 4248 γύναιον
1329 4158 1518 4242 άναιτάμψτι,

395 4411 454 4468 9
439 4435 475 4485 ορ
474 4411 577 4473 ἀὑτοῦ
595 4422 645 4472 cod.
664 4423 760 4488 Βλιδιρ.
954 4411 1039 4492 πρε.

398 4483 456 4533 (δικ
455 4435 570 4538 φ.--λλλ
606 4486 694 4545 λίπλ
716 4491 879 4555 ενδλλλιεδλς.
904 4509 921 4544 ιε
987 4494 1237 4550 λΗίτλεδΗελου
1257 4497 1447 4552 Ονλσπνδίσαεε.
