3176 4930
348 267 417 330 244·
774 275 898 329 εκαετι
917 275 1090 328 εεινεειαιι

348 391 568 480 πεφλυάρηται,
586 389 678 475 ’ὅμως
701 390 754 476 τήν
779 395 888 480 ἔλεγξιν
913 391 1131 479 παραθήσομαι
1151 389 1204 474 ἀφ’
1222 385 1264 458 ολν
1284 395 1316 458 ἐν
1336 398 1378 481 τῷ
1400 391 1502 481 πράτφ

354 503 468 585 Ψαλμφῖ
485 493 646 581 ἐξηγήσατο
662 495 737 562 κατά
753 503 812 562 τῶν
829 495 883 579 τὴν
899 493 1057 562 ἀνάστασιν
1072 501 1126 579 τῆς
1146 499 1269 578 βεβαίως
1287 499 1407 572 ἐλπίδος
1424 491 1503 578 ἡμῶν

349 597 595 664 πεπιστευκότων.

220 713 287 780 Κεφ.
305 707 331 765 ι’.
433 703 496 766 Καί
514 697 593 766 ἐστιν
610 697 651 776 ἀς
666 701 756 786 λέγει,
779 699 839 766 Διά
855 707 943 768 τοῦτο
962 697 1018 768 οάιι
1035 698 1245 784 ἀναστήσονται
1264 698 1380 783 ἀσεβεῖς
1395 701 1429 765 ἐν
1447 703 1502 782 κρί·

346 826 398 870 σει.
429 800 517 884 Εἶτα,
535 799 576 878 ἀς
592 805 665 878 ἔθος
680 804 759 868 ἐστίν
774 799 855 891 αότῷ
870 801 931 868 α’πό
945 809 1005 867 τῶν
1018 801 1165 870 ἐκδόντων
1180 803 1348 884 φαντάζειν,
1370 799 1504 884 Ὁμοίως,

347 907 431 990 φησί,
456 909 634 984 Θεοόοτίων,
656 901 792 984 Ἀκόλας,
815 903 986 989 Σύμμαχος.
1025 902 1103 970 Είτα
1117 907 1251 992 ἐπιφέρει
1264 904 1340 972 κατά
1354 912 1417 970 τόν
1433 907 1506 969 υίαῖν

346 1015 399 1093 τῆς
421 1005 564 1092 ἀληθείας
584 1011 780 1083 σκωπτοιόαῖς.

430 1109 603 1190 Ἐντεῦθεν,
625 1113 733 1193 φησίν,
757 1112 789 1175 οἱ
802 1105 996 1197 άπλοόστεροι
1011 1117 1073 1176 τῶν
1086 1109 1324 1178 πεπιστευκότων
1338 1107 1503 1195 όρμεόμενοι
1562 1155 1563 1158 =

346 1218 497 1297 νομίζουσι
520 1211 593 1289 τοάς
610 1209 724 1296 ἀσεβεῖς
745 1219 799 1296 τῆς
818 1209 1006 1290 ἀναστάσεως
1024 1211 1065 1296 μὴ
1089 1216 1251 1291 τεύξασθαι
1272 1217 1325 1279 καλ
1345 1220 1399 1296 τῆς
1421 1217 1505 1286 θείας

345 1321 468 1402 κρίσεως
484 1313 525 1398 μό
541 1319 769 1395 καταξιωῦσθαι,
790 1319 819 1382 τί
835 1323 974 1392 νοοῦντες
988 1312 1042 1399 τὴν
1057 1312 1217 1382 ἀνάστασιν
1233 1317 1285 1380 καλ
1301 1312 1442 1398 ποταπὴν
1453 1312 1505 1396 τὴν

344 1423 441 1506 κρίσιν
457 1417 672 1502 φανταζόμενοι
687 1415 724 1484 οά
740 1416 822 1484 πάνυ
837 1422 1053 1501 σαφηνίζοντες.
1098 1416 1167 1483 Κάν
1181 1417 1291 1496 δόξωσι
1307 1421 1376 1504 περί
1392 1416 1506 1482 τούτων

346 1519 590 1603 ἀποφαίνεσθαι,
610 1517 632 1603 ἦ
651 1519 784 1604 βάσανος
802 1516 912 1596 αάτοός
934 1521 1085 1607 διελίγξει,
1107 1519 1140 1586 τό
1164 1521 1230 1604 έξῆς
1251 1517 1430 1596 ἀκολούθως
1451 1517 1506 1585 σοι’·

345 1631 402 1703 ζειν
420 1621 457 1690 οά
476 1625 675 1706 δυναμένους,
704 1621 745 1707 μή
765 1621 983 1708 κεκρατηκότας
1003 1621 1055 1688 τόν
1075 1623 1145 1709 περὶ
1163 1620 1350 1699 ἀναστάσεως
1371 1624 1424 1688 καλ
1445 1626 1504 1706 κρί·

344 1749 419 1803 σεως
434 1724 553 1812 τρόπον.
595 1723 666 1790 Ἐάν
683 1718 739 1791 οὖν
755 1724 986 1808 πυνθανώμεθα
1005 1729 1085 1802 τίνας
1105 1723 1264 1801 ἀνάστασις
1282 1729 1408 1811 γίνεται,
1433 1721 1505 1788 ἀπο-

343 1834 505 1914 κρίνονται,
527 1829 629 1910 φησίν,
653 1827 699 1892 ότι
714 1826 934 1910 τῶν-σωμάτων
949 1820 993 1892 ολν
1007 1831 1201 1913 περικείμεθα
1214 1834 1278 1892 νῦν.
1323 1823 1402 1891 Εέτα
1416 1851 1505 1912 προς-
1562 1879 1563 1886 ,

345 1928 592 2016 επερωττγσάνταν
609 1926 694 2012 ημῶν
713 1929 838 2015 πότερον
859 1938 912 2014 τῆς
932 1928 1035 2006 οὐσίας
1056 1929 1127 2012 ὅλης
1150 1927 1264 2009 νότιόν,
1286 1927 1412 2013 ἢοάχλ,
1435 1955 1506 2014 πριν
1562 1941 1563 1950 ’

344 2037 503 2116 βασανίσαι
519 2031 695 2118 λέγουσιν”
676 2059 723 2098 οτι
739 2041 793 2116 τῆς
810 2032 891 2116 ὅλης.
933 2029 1005 2097 Ἐάν
1019 2033 1052 2097 δὲ
1069 2031 1343 2120 προςαπορήσωμεν
1365 2054 1506 2116 σνμπερν

345 2133 504 2220 φερόμενοι
526 2141 562 2224 τῇ
586 2132 770 2221 ἀκεραιόιιγιι
790 2132 906 2215 αὐτόν,
936 2137 988 2200 ιιαλ
1012 2132 1101 2201 οὐδέν
1122 2137 1191 2221 περί
1208 2141 1263 2201 τοῦ
1285 2130 1409 2219 βευστιγν
1431 2131 1508 2199 είναι
1562 2163 1563 2224 3

344 2236 399 2321 τήν
415 2235 520 2304 οάσίαν
538 2235 730 2317 ἐξετάζοντες,
754 2239 781 2302 εέ
795 2236 1042 2320 σνναναστήσεται
1057 2236 1092 2302 τά
1109 2235 1334 2323 ἀπορρεόσαντα
1350 2239 1382 2302 ἐν
1398 2239 1506 2318 φλεβο-
1562 2255 1563 2316 3

345 2343 510 2423 τομίαις”
476 2365 585 2424 αιματα
601 2366 654 2405 ιιαι
643 2341 703 2404 αί
723 2342 886 2406 ἐκτακεῑσαι
904 2339 987 2406 ἐν’
952 2362 1052 2416 νοσαις
1074 2337 1195 2426 σάρκες,
1222 2342 1275 2406 ιιαλ
1295 2343 1391 2426 τρίχες
1410 2345 1507 2404 πᾶσαι

344 2445 377 2508 αί
392 2440 512 2508 πάποτε
527 2440 696 2528 γενόμεναι,
718 2439 740 2524 ἢ
757 2441 847 2524 μόναι
862 2445 896 2508 αί
913 2438 989 2528 πρός
1006 2449 1042 2532 τῇ
1058 2440 1152 2530 ἐξόδῳ
1168 2440 1361 2525 θλιβόμενοι,
1384 2437 1436 2506 ότέ
1454 2441 1508 2525 μὲν
1562 2433 1563 2506 λ

343 2544 564 2630 προςκόπτουσι
587 2545 695 2634 καλιῇ
717 2545 856 2634 γινομένῃ
879 2543 1023 2624 ἐξετάσει,
1045 2542 1174 2627 οἰόμενοι
1194 2546 1445 2629 δεῖνέπιτρέιτειν
1464 2550 1506 2632 τᾷ
1562 2563 1563 2606 ῖ

342 2653 406 2736 θεῷ
422 2645 440 2713 λλ
459 2647 599 2730 βούλεται
613 2649 681 2731 περὶ
696 2645 811 2714 τούτων
827 2656 943 2728 ποιεῖν,
966 2643 1014 2712 ἀτί
1037 2647 1070 2712 ὄέ
1086 2651 1243 2722 δοκοῦντες
1260 2651 1508 2732 συγκαταβαίνειν
1562 2699 1563 2726 ,

342 2747 396 2824 τάς
410 2750 459 2814 ἐπλ
473 2750 547 2814 τέλει
562 2747 672 2831 ταύτης
689 2757 741 2832 τῆς
758 2755 834 2831 ζωῆς
851 2753 950 2834 τρίχας
965 2749 1057 2831 φασλν
1074 2746 1147 2832 ἡμῖν
1162 2747 1455 2831 συναναστήσεσθαι,
1479 2749 1510 2812 οἱ
1562 2811 1563 2814 ,

343 2851 375 2917 δέ
396 2849 594 2936 γενναιότεροι
616 2847 735 2930 αάτάυ,
761 2855 812 2917 'tva
834 2850 875 2934 μὴ
898 2849 1115 2938 ἀναγκάζωνται
1137 2849 1173 2914 τά
1193 2853 1303 2933 αἵματα
1327 2859 1508 2938 συναγαγεῖν

219 2981 271 3030 μσς.
283 2947 385 3042 ισστῷ
399 2951 494 3041 λόγῳ,
516 2951 552 3016 τά
570 2951 710 3028 πολλάκις
727 2950 929 3038 ἀποκριθέντα
948 2961 1009 3019 τῶν
1024 2951 1169 3036 σωμάτων
1190 2949 1293 3036 ἡμῶν,
1315 2955 1369 3020 καὶ
1387 2954 1442 3032 κάς
1459 2981 1509 3037 με·

342 3052 543 3138 ταβαλλοάσας
559 3053 671 3140 σάρκας
690 3057 721 3120 ἐν
737 3054 837 3132 νόσοις
856 3057 899 3132 εἰς
914 3057 1041 3142 ίδροιῑτας
1061 3053 1083 3139 ἢ
1100 3057 1168 3121 σίαν
1190 3053 1300 3138 δήποτε
1315 3057 1408 3140 όλιγν,
1431 3058 1510 3139 φωσλ

342 3155 378 3224 τό
400 3159 450 3224 ἐπλ
471 3159 544 3224 τέλει
564 3154 650 3240 ἡμῶν
671 3154 848 3224 ἀνίστασθαι
870 3156 999 3242 σάματι.

204 3685 272 3754 Κεφ
289 3681 330 3738 ια’.
432 3670 533 3737 Ταῦτά
549 3669 664 3739 ἐστι
629 3699 667 3737 τα
683 3679 737 3737 τοῦ
756 3672 972 3757 προειρημένου
992 3670 1179 3752 ἐθελοσόφυυ
1197 3669 1406 3795 ἐπαπορητικό
1431 3670 1516 3758 πρός

340 3773 394 3859 τὴν
417 3771 561 3857 ἀλήθειαν
579 3777 714 3850 λεξείόια·
745 3772 764 3837 ἃ
758 3769 950 3859 ἀναγκαίως
970 3775 1145 3858 παρεθέμην
1168 3775 1210 3848 είς
1233 3771 1424 3857 παράστασιν
1446 3786 1516 3852 τοῖς

341 3878 532 3960 βουλομένοις
547 3873 712 3942 εἰδέναι
680 3900 733 3940 τον
754 3873 850 3940 πάντα
868 3881 941 3942 νοῦν
957 3871 1055 3941 νότων
1070 3883 1123 3958 τῆς
1139 3872 1245 3961 περλ’
1224 3873 1418 4000 αναστρλσεοις
1441 3875 1516 3945 ἀτει-

232 3983 233 3986 ’
342 3983 430 4056 στίας.
475 3981 536 4044 Καί
562 3975 618 4065 γάρ
643 3977 694 4042 καί
716 3973 788 4042 ἀλλα
808 3980 865 4061 ἔχει
884 3974 992 4104 μεθ’”
974 4003 1058 4064 ετερα
1080 3975 1189 4056 πολλά,
1218 3979 1251 4043 ἐν
1271 3975 1366 4068 ταότγγ
1389 3987 1434 4070 τῇ
1458 3990 1516 4048 ταῦ
1562 4067 1563 4070 ρ

347 4089 473 4164 Ψαλμοῦ
496 4079 673 4170 ἀκολουθίᾳ.
719 4078 832 4147 Φάσκει
855 4078 928 4166 γάρ,
960 4078 1020 4144 Διά
1043 4087 1130 4146 τοῦτο
1151 4075 1208 4145 οάκ
1233 4077 1463 4162 ἀναστήσονται
1486 4090 1519 4152 οἱ

341 4175 456 4265 ἀσεβεῖς
474 4185 506 4249 ἐν
525 4188 626 4270 κρίσει.
668 4180 824 4248 Ἐντεῦθεν
847 4183 880 4248 θλ
896 4181 1124 4266 ἐπιλαμβάνεται
1140 4183 1191 4248 καλ
1208 4182 1350 4248 ἐπέκεινα
1365 4191 1435 4250 τοῖν
1458 4186 1519 4273 τήν
1562 4233 1563 4238 1

341 4280 458 4367 ἀσφαλῆ
474 4282 634 4352 ἀνάστασιν
651 4282 812 4372 όριζόντων
826 4285 878 4350 καλ
893 4283 948 4368 τὴν
964 4289 1088 4370 βεβαίαν
1108 4288 1211 4354 ἐλπίδα
1229 4289 1284 4368 τῆς
1304 4289 1366 4349 τάν
1388 4299 1518 4376 νεκρῶν
1562 4315 1563 4358 ;

339 4383 526 4462 ἀναστάσεως
546 4387 761 4470 πιστευόντων,
784 4383 826 4464 ός
847 4384 992 4476 ἀκεραίων
1010 4385 1120 4472 όντων,
1142 4387 1234 4455 πολλά
1257 4387 1404 4475 μοχθηρά
1430 4395 1518 4462 ἐκει-
1562 4409 1563 4412 ’
