3186 4928
354 234 489 289 usuam!
508 233 571 288 Lib.
588 235 621 286 ll.
639 233 720 286 ΤΟΜ.
736 231 769 284 ΙΙ.
787 231 885 284 ΗΔΕΗ.
900 231 994 284 nxvt
1188 217 1250 280 427

99 380 171 424 ese
192 357 342 445 praedicat
364 365 563 441 propugnator
585 352 681 439 petius
706 372 741 418 ae
762 353 901 418 defensor
920 361 1056 436 apparat,
1080 361 1251 436 tantumque

99 462 183 528 abest
199 472 231 525 ut
246 458 324 524 illam
342 457 448 537 oderit,
473 469 504 524 nt
519 455 676 522 amicitiam
693 475 809 540 quoquo
826 475 890 518 curu
908 473 942 518 ca
959 453 1250 538 communionemque

99 562 249 648 suscipiat.
294 559 371 627 Nam
388 570 419 624 et
432 559 623 624 substantiam
642 557 692 622 ille
709 557 826 637 tribuit,
850 567 881 619 et
897 567 1046 620 aeternam
1064 575 1130 620 esse
1149 557 1251 622 deleu-

99 667 160 745 dit,
191 685 227 728 ac
252 685 317 728 cum
342 663 397 728 deo
422 681 539 746 semper
565 681 651 740 esse,
685 679 740 724 uec
768 680 893 744 unquam
922 657 1058 722 desinere
1085 657 1248 744 probtetnr.

99 765 194 834 Porro
211 787 277 832 cum
293 765 323 830 iu
344 764 423 829 omni
448 763 643 849 disputatione
665 761 755 826 variis
776 761 854 826 illam
878 760 1043 826 nominibus
1066 761 1209 846 appellet,
1233 781 1251 824 a

99 870 224 935 veritato
238 867 339 955 procul
356 867 495 932 aberrare
512 865 758 952 deprehendetur,
781 885 846 928 cunr
865 884 905 928 cx
923 863 1019 929 allatis
1035 862 1071 926 ab
1088 861 1154 948 ipso
1169 862 1251 929 testi-

99 974 204 1038 moniis
219 970 328 1056 liquido
344 969 511 1036 constiterit
526 967 692 1053 quicquida
709 967 764 1032 deo
781 965 928 1033 conditum
948 977 994 1031 est
1015 966 1091 1032 bene
1112 987 1147 1030 ac
1169 975 1251 1030 recto

98 1076 189 1142 inisse
211 1083 408 1161 procreatum.

181 1178 280 1260 Atque
295 1175 366 1240 illud
383 1173 503 1260 primurn
518 1173 675 1238 ridendum
688 1181 746 1252 est,
766 1172 843 1256 quod
859 1191 922 1240 cem
939 1171 1091 1238 manniam
1106 1169 1249 1249 nominet,
1281 1165 1354 1287 {qq-¹

97 1282 125 1347 id
145 1281 222 1368 quud
243 1299 284 1344 cx
305 1278 383 1342 illins
403 1275 549 1342 sententia
573 1274 649 1339 idem
674 1285 721 1340 cst
739 1295 773 1338 ac
796 1272 956 1358 corruptio.
1003 1271 1115 1338 Verum
1137 1274 1162 1338 si
1185 1295 1251 1338 cor·
1355 1272 1362 1286 '

96 1383 195 1469 ruptio
210 1382 266 1461 sit,
291 1381 375 1444 cuius
387 1379 445 1444 erit
464 1377 579 1442 taudem
596 1377 765 1464 corruptio?
809 1373 844 1442 Si
859 1376 981 1440 odorum
1000 1386 1056 1456 est,
1080 1386 1252 1444 constanter

95 1485 320 1570 ipsemecum,
343 1481 507 1544 iamdudum
528 1480 625 1544 omnia
645 1499 835 1564 corrumpere
851 1477 966 1558 debuit,
990 1499 1025 1544 ac
1042 1478 1105 1542 sola
1126 1489 1185 1544 tam
1208 1479 1252 1542 iu·
1327 1547 1331 1558 ¹

95 1587 179 1652 finito
199 1597 331 1670 tempore
348 1583 530 1660 consistere,
554 1584 622 1646 dnm
640 1583 746 1646 virium
768 1601 886 1646 suarum
904 1580 1101 1646 efficacitatem
1124 1582 1250 1661 exserit,

96 1687 205 1756 neceb
221 1688 280 1752 ullo
295 1685 487 1752 rescinditurc
513 1685 538 1748 si
555 1704 627 1750 vero
646 1683 753 1748 suimet
767 1683 860 1769 ipsius
875 1693 921 1748 est
936 1684 1096 1769 corruptio,
1120 1705 1252 1751 currum-

96 1811 171 1877 peus
194 1810 229 1854 ac
252 1790 426 1875 perdomans
445 1808 514 1852 sese
534 1797 565 1854 et
585 1807 761 1852 consumens
787 1808 822 1850 ac
845 1787 969 1872 perdens
992 1785 1097 1872 peribit
1122 1787 1251 1866 tandem,

96 1913 195 1978 neque
209 1893 364 1968 consistet,
383 1911 448 1954 cum
464 1891 510 1956 sui
525 1889 770 1975 consumptriccm
782 1911 818 1954 ac
833 1887 1045 1975 corruptricem
1060 1888 1118 1954 viru
1132 1890 1249 1956 babeat.

96 1994 184 2080 Quae
202 2015 266 2060 cum
285 1994 324 2058 ita
339 1995 415 2072 siut,
441 2013 563 2077 quanam
580 1993 694 2056 ratione
713 2003 794 2056 tanto
812 2003 961 2076 ternpore,
983 2003 1015 2056 ut
1029 1991 1078 2056 ille
1094 1993 1252 2059 circulator

95 2098 224 2176 assent,
256 2097 351 2181 potuit
374 2096 527 2162 existeret
569 2093 732 2161 Praeterea
757 2117 811 2160 nec
838 2095 925 2160 ullam
951 2095 1070 2160 omuino
1098 2117 1163 2160 cuna
1191 2095 1252 2160 vita

96 2200 335 2266 communionem
359 2198 466 2264 babere
486 2198 609 2284 poterit,
634 2219 728 2283 neque
748 2221 814 2264 cum
831 2219 866 2262 ca
888 2209 940 2270 aut
955 2219 1021 2262 cum
1037 2197 1168 2262 bonitate
1185 2219 1253 2264 ver·

94 2303 222 2368 sabitur.
269 2299 331 2365 lam
353 2323 426 2366 vero
449 2322 513 2368 curn
530 2299 561 2364 io
584 2322 758 2386 unaquaque
781 2311 947 2366 creatarum
971 2321 1086 2379 rerum,
1111 2321 1183 2384 quas
1204 2301 1253 2366 ille

97 2408 259 2491 vituperat,
283 2404 422 2468 bonitatis
436 2403 508 2468 insit
522 2403 646 2488 aliquid,
673 2415 733 2468 tota
751 2403 815 2468 eius
832 2403 867 2468 de
884 2403 995 2466 malitia
1011 2402 1167 2488 disputatio
1183 2425 1253 2468 con·

93 2509 175 2572 oidat
188 2527 313 2574 necesse
326 2518 384 2586 est,
407 2525 443 2570 eo
456 2507 532 2592 qnod
549 2506 671 2570 alterim
687 2505 804 2570 illorum
818 2526 892 2590 quae
909 2507 1148 2570 commemoravit
1161 2528 1253 2592 quac·

93 2613 163 2676 dam
176 2611 217 2674 sit
229 2631 296 2674 mm
313 2609 407 2675 altero
421 2610 568 2687 societas,
593 2618 623 2671 ut
640 2607 676 2672 dc
691 2608 890 2694 serpentibus,
916 2608 1081 2692 ceterisque
1098 2610 1252 2676 venenatis

91 2713 200 2778 bestiis
224 2711 356 2776 nonnihil
381 2713 506 2778 dicatur.
551 2709 635 2774 llaec
659 2711 874 2790 raimundia,
906 2733 980 2796 quac
1002 2714 1038 2777 ab
1061 2713 1111 2778 illc
1134 2713 1253 2778 nomine

91 2818 162 2902 ipso
179 2815 394 2900 vituperentur,
418 2816 454 2883 ad
471 2835 555 2881 usum
573 2814 698 2900 aliquem
716 2813 928 2899 utilitatemque
946 2827 1099 2900 procreata
1118 2826 1199 2895 suut,
1222 2825 1253 2880 ct

91 2921 125 2982 in
144 2917 190 2982 bis
207 2917 273 2980 mali
291 2918 450 2982 remedium
467 2916 626 2995 invenitur,
652 2917 728 3001 quod
747 2917 783 3004 ad
801 2930 954 3004 serpentes
970 2918 1140 3004 reliquaque
1157 2919 1184 2982 id
1201 2939 1252 3004 gc·

92 3043 155 3086 nus
171 3019 322 3085 convenit.
368 3018 418 3084 Ex
435 3020 538 3084 iisdem
554 3019 632 3084 enim
654 3020 740 3084 letale
759 3017 842 3084 virus
864 3034 894 3084 et
914 3035 1018 3086 contra
1036 3031 1161 3086 mortem
1178 3021 1253 3086 iudi·

91 3135 235 3207 ctumque
259 3122 295 3186 ab
317 3121 390 3208 ipsis
409 3122 504 3186 labem
528 3123 688 3188 remedium
711 3120 748 3187 ab
771 3123 808 3186 iis
832 3123 880 3208 qui
907 3125 979 3189 laesi
1002 3135 1071 3190 sunt
1094 3124 1251 3210 colligitur.

91 3223 152 3292 Sic
169 3225 231 3289 dies
255 3224 369 3309 quidem
390 3225 523 3290 bumauis
542 3237 589 3288 est
611 3225 787 3290 exercendis
812 3226 949 3311 operibus
972 3227 1147 3307 constituta,
1171 3227 1254 3294 cuius

85 3327 241 3394 beneficio
260 3326 469 3395 collustrantur
490 3348 524 3390 ac
543 3327 714 3394 discernunt
732 3328 842 3392 omnia.
888 3327 948 3398 Sed
967 3342 994 3396 et
1013 3352 1091 3410 uox,
1116 3329 1162 3396 cui
1184 3351 1252 3416 pro·

84 3433 216 3496 brorum
237 3430 308 3496 illud
327 3451 434 3495 nomen
453 3429 602 3508 attribuit,
627 3432 662 3494 ad
681 3431 829 3495 bominum
850 3432 976 3517 quietem
998 3445 1043 3498 est
1065 3456 1081 3498 a
1104 3434 1160 3497 deo
1182 3453 1252 3496 coo·

83 3553 194 3598 cessa.
239 3534 340 3618 Atque
354 3533 395 3598 ita
413 3533 571 3618 quamlibet
584 3553 682 3598 rerum
702 3535 831 3599 omnium
849 3535 955 3600 bonam
972 3556 1040 3600 esse
1057 3537 1250 3622 reperiemus,

82 3655 192 3721 neque
211 3657 229 3700 a
250 3634 507 3721 peccatisnostris
526 3656 594 3702 csse
611 3637 872 3718 denominandam,
897 3649 948 3704 ant
964 3639 1064 3703 cadem
1087 3660 1153 3702 cum
1175 3639 1252 3704 malo

81 3737 293 3825 appellatione
315 3742 504 3804 censendam.

185 3837 262 3906 Sunt
276 3842 353 3906 enirn
368 3843 445 3908 bona
461 3863 496 3906 ac
511 3842 637 3908 iucunda
652 3863 774 3930 prorsus
792 3845 902 3925 omnia,
926 3865 1020 3932 neque
1037 3846 1191 3932 quicquam
1206 3856 1254 3910 cst
1287 3861 1348 3928 cap.

78 3945 174 4034 quod
193 3944 381 4009 reiicienduro
399 3947 544 4011 videatur.
590 3946 676 4031 Quod
701 3967 740 4012 ex
760 3949 804 4014 bis
822 3948 922 4013 verbis
946 3958 1083 4034 apparet:
1115 3953 1157 4012 Et
1176 3971 1249 4024 ecce,
1270 3931 1363 3985 xlm·

73 4139 163 4198 vius,
188 4135 251 4197 qnod
270 4137 341 4184 etiarn
357 4137 486 4186 Goranrrtn
508 4139 601 4188 mutatu
617 4151 658 4188 nc·
692 4141 744 4199 tor,
762 4142 803 4186 ont
821 4139 937 4188 bcctwtr'c.

73 4209 166 4258 euim
191 4205 367 4264 (interpretatus
380 4209 413 4256 cst
426 4207 502 4256 cnunc
523 4221 604 4272 neque
621 4203 657 4253 si-
725 4203 749 4256 4.
773 4207 809 4256 lto
828 4208 959 4258 emendavit
973 4209 1092 4260 Petuntur.
1127 4209 1191 4260 nnn
1208 4211 1252 4260 tc·

72 4271 147 4328 mul
166 4287 222 4321 cum
239 4269 305 4334 nita,
323 4287 403 4340 neque
418 4290 473 4324 cum
486 4271 599 4324 bonitate
614 4289 657 4324 re·
692 4275 743 4324 bcnt
760 4271 786 4327 ἐν
801 4271 906 4334 ἑαυτοῖς.

71 4339 235 4414 perdetur),
269 4343 290 4390 et
317 4345 426 4402 mobcnit
451 4344 583 4394 Gctodm
608 4345 622 4392 l.
641 4347 656 4394 t.
725 4343 749 4394 5.
776 4345 811 4394 lto
827 4345 979 4394 emendor-unt
998 4347 1126 4398 comanus
1145 4348 1167 4402 tl
1183 4349 1252 4401 Prte-

66 4409 511 4546 ,ΨΜ
691 4426 751 4534 ι
768 4405 1056 4550 ‘a
