3186 4928
369 267 505 324 rsnsnn
523 267 586 321 urs.
603 269 637 320 n.
655 269 735 321 ron.
752 269 771 320 ι.
789 269 889 322 nuru.
905 269 998 324 cxlv.
1201 257 1261 325 tet

107 393 283 474 msist'filios
310 394 405 454 mae
429 395 468 452 nd
493 413 552 464 nse,
586 393 684 452 sanent
711 395 784 454 ιιιιιιι
805 401 994 472 cotrognano
1019 395 1176 468 marom,
1209 393 1264 456 hoc

108 505 156 558 est
173 493 466 579 simplicissimorum.
511 491 741 578 Responderunt
759 503 856 558 autem
876 493 927 557 tilti
953 491 1106 575 rudiores,
1129 515 1203 580 qnos
1221 496 1264 560 di·

108 597 169 675 eis,
199 595 286 662 huius
308 617 366 681 quo
389 595 604 660 circumdamur
626 596 760 681 eorporis
782 597 1037 660 resuscitationem
1057 617 1138 661 csse.
1184 597 1263 664 Tuos
1345 625 1349 632 ¹

110 719 183 764 vero
206 698 303 762 denuo
325 696 491 783 compellati
514 696 569 761 abs
589 709 619 762 te
642 709 673 764 et
696 699 888 783 interrogati,
920 695 1024 763 Utrum
1050 699 1198 780 universi,
1226 721 1264 764 so

108 801 222 886 partis?
243 799 304 880 illi,
329 799 468 866 Universi
484 799 617 884 corporis
635 801 827 886 respondent.
873 798 958 884 Quod
976 821 1040 864 com
1055 812 1085 864 tu
1104 804 1264 868 secuudum

108 903 255 969 modulum
275 903 452 968 multifariae
468 914 536 966 tuse
553 904 729 986 nugacitatis
745 902 809 967 lieri
825 923 912 988 posse
929 923 1040 988 neges,
1064 915 1184 990 propter
1198 925 1265 969 son·

107 1005 226 1090 quinem
241 1003 289 1090 qui
304 1025 430 1091 corpore
445 1004 545 1083 effluit,
568 1016 689 1091 propter
701 1027 807 1070 carnes
820 1018 849 1070 et
864 1005 974 1086 crines,
999 1017 1174 1092 propterque
1190 1006 1264 1072 alios

107 1129 159 1174 res
174 1127 248 1193 quse
271 1127 325 1194 per
343 1119 429 1194 sputa
452 1107 637 1192 quotidiana,
662 1129 715 1193 per
733 1129 821 1174 nares
837 1119 868 1172 et
885 1120 1018 1172 stercora
1035 1109 1171 1189 effluunt,
1195 1130 1265 1175 ecce

107 1211 220 1296 grande
246 1221 411 1295 tuaequae
436 1229 557 1295 pravam
582 1211 666 1275 idem
693 1211 825 1295 sequitur
850 1211 979 1276 medicae
1006 1212 1130 1276 rationis
1157 1213 1265 1278 veneli-

107 1313 199 1392 cioro,
219 1314 303 1378 cuins
320 1333 413 1398 nugas
428 1313 484 1376 inm
501 1333 590 1398 supra
606 1315 768 1378 confutarit
782 1313 832 1378 ille
846 1315 938 1378 multo
953 1313 1051 1402 potior
1067 1314 1152 1379 uobis
1170 1335 1266 1380 senex

109 1416 316 1497 beatissimus,
340 1427 370 1480 et
391 1413 573 1480 Methodius.
618 1416 662 1481 At
683 1417 770 1480 etiam
797 1437 813 1480 a
841 1417 943 1496 uobis,
973 1418 1021 1502 qui
1044 1417 1127 1502 porvi
1150 1437 1263 1495 sumus,

108 1539 202 1604 pauca
218 1519 332 1584 audies.
365 1516 512 1603 Quicquid
527 1518 605 1582 enim
623 1519 785 1603 quaeritur,
807 1519 992 1604 purissimum
1007 1520 1171 1606 quaeritur,
1189 1522 1265 1605 qood

106 1633 206 1688 ιιιιιιιιι
223 1632 370 1706 superest,
395 1622 536 1684 reiectum
555 1643 571 1684 a
587 1623 713 1706 puritate
728 1634 776 1686 est
792 1631 823 1684 et
838 1643 895 1686 noo
913 1620 1123 1706 quaerendum.
1165 1621 1266 1687 Vesti-

106 1735 238 1788 meutum
257 1723 362 1809 quippe
377 1723 542 1788 absolutum
559 1743 598 1786 ex
615 1745 673 1808 quo
691 1734 827 1790 texturae
844 1745 917 1810 opus
933 1745 1051 1809 passum
1069 1736 1133 1804 est,
1156 1724 1266 1810 ipsum-

107 1847 167 1912 que
184 1837 230 1892 est
245 1827 314 1892 illud
331 1827 407 1910 quod
429 1827 464 1889 de
480 1825 538 1890 tels
551 1837 722 1906 resecatur,
747 1845 841 1910 neque
860 1837 976 1890 auctum
995 1847 1090 1912 neque
1111 1828 1264 1892 minutum.

106 1927 197 2012 Quod
224 1949 289 1994 curn
311 1929 413 1992 lulloni
438 1928 612 2007 tradideris,
644 1949 702 1992 uon
727 1929 873 2009 deterius,
902 1939 968 1994 uta
992 1927 1119 2008 tollore,
1148 1941 1265 2016 repete·

107 2043 176 2112 tur,
199 2031 251 2097 sed
268 2031 398 2096 eiusdem
421 2030 538 2094 lullonis
557 2049 627 2094 cura
649 2030 891 2116 perfectissimum
911 2032 1059 2111 redditur,
1084 2045 1116 2098 ut
1130 2032 1265 2098 omnibus

105 2137 221 2200 olorum
241 2135 281 2198 sit
295 2146 328 2197 et
343 2133 398 2198 hoc
412 2153 481 2198 esse
497 2134 526 2198 iu
543 2135 724 2219 perfectione
740 2145 770 2198 et
785 2155 892 2220 corpus
909 2155 976 2200 esse
994 2135 1064 2198 nihil
1082 2135 1264 2200 imminutum

105 2237 167 2302 uisi
197 2235 333 2302 sordibus
359 2246 390 2300 et
415 2237 555 2321 spurcitie
583 2246 655 2322 qua's
684 2235 842 2317 abiecerit,
879 2259 934 2302 nec
959 2240 1087 2303 loturum
1113 2259 1179 2302 esse
1206 2241 1265 2304 ullo

105 2341 198 2406 modo
213 2351 245 2404 ut
267 2339 304 2404 iis
320 2339 414 2404 semel
429 2339 548 2404 reiectis
565 2341 633 2403 ideo
654 2361 720 2402 com
740 2339 876 2404 sordibus
899 2339 968 2406 illud
986 2361 1002 2402 a
1023 2341 1107 2405 uobis
1131 2353 1267 2428 reposcet

106 2443 239 2520 artifex,
263 2441 316 2505 sed
337 2439 431 2526 ipsum
456 2442 552 2526 potius
574 2441 781 2506 vestimentum
800 2442 913 2506 salvum
933 2453 964 2506 et
980 2461 1082 2508 sanum
1103 2454 1133 2506 et
1151 2461 1267 2508 emacu-

104 2545 294 2611 latissimum.
339 2544 474 2610 Alterum
491 2565 563 2608 vero
581 2565 684 2610 rursus
701 2544 880 2631 exemplum.
927 2543 1012 2630 Apud
1031 2556 1060 2609 te
1076 2545 1152 2610 euim
1171 2546 1206 2610 de
1221 2545 1266 2610 eis

105 2669 186 2735 quse
205 2669 258 2735 per
272 2647 425 2732 sangoinis
442 2647 599 2712 missiones
616 2659 648 2711 et
663 2647 781 2712 morbos
804 2659 833 2710 ιι
854 2658 1005 2726 stercora,
1036 2669 1145 2733 perque
1167 2659 1266 2733 sputa-

104 2753 221 2816 minum
237 2763 268 2814 et
283 2771 434 2816 munorum
451 2752 622 2814 retrimenta
641 2760 861 2828 excernuntur,
886 2749 1019 2834 quaestio
1037 2749 1128 2814 mista
1150 2762 1211 2815 cst:
1236 2762 1267 2815 at

105 2865 141 2918 tn
156 2855 194 2918 iis
211 2875 285 2939 quse
301 2854 416 2940 prolers
430 2852 502 2939 ipsis
519 2851 706 2918 relutalreris.
720 2852 736 2939 ll
756 2846 831 2918 Non
851 2853 927 2916 enim
949 2873 1037 2916 unum
1054 2853 1123 2918 illud
1140 2853 1220 2918 inest
1234 2855 1265 2918 iu

104 2976 253 3044 corpore,
277 2955 329 3020 sed
346 2975 386 3020 ιι
402 2956 487 3019 uobis
505 2956 593 3020 etism
611 2955 723 3020 bestiae
739 2965 911 3035 nascuntur,
936 2955 1060 3040 pediculi
1077 2957 1214 3022 videlicet
1231 2977 1266 3021 sc

105 3059 231 3139 lendes,
256 3080 330 3143 quae
347 3079 441 3144 oeque
458 3069 544 3122 extra
564 3079 669 3142 corpus
690 3068 760 3122 sunt
783 3057 926 3142 usquein
949 3059 1082 3144 corporis
1102 3061 1162 3124 ulla
1184 3071 1266 3146 perte

105 3173 313 3228 numerantur.
360 3161 406 3226 Ae
426 3181 513 3226 censo
530 3172 681 3226 excretam
703 3183 743 3226 ιι
766 3181 890 3247 corpore
908 3182 962 3225 suo
985 3162 1117 3241 leodem,
1147 3173 1178 3227 ut
1197 3185 1268 3228 con·

104 3277 265 3345 servaret,
289 3263 432 3351 quaesiit,
455 3265 507 3328 sed
527 3274 560 3328 ut
577 3275 697 3328 necaret
714 3263 827 3349 potius,
853 3285 947 3349 neque
963 3263 1072 3328 illatam
1092 3265 1129 3328 ab
1146 3285 1182 3330 ee
1201 3287 1267 3352 per·

105 3369 219 3434 niciem
236 3368 386 3434 adsciscit.
432 3365 492 3432 Sed
509 3386 604 3450 neque
620 3367 645 3430 si
664 3367 776 3452 perdita
792 3367 843 3431 illa
858 3369 1047 3452 extinctaque
1063 3369 1167 3447 luerit,
1191 3368 1220 3432 id
1237 3369 1267 3433 in

105 3473 218 3536 damno
236 3471 393 3558 reputabit.
438 3466 490 3534 Sic
512 3489 586 3553 quac
605 3490 622 3532 a
644 3469 729 3534 uobis
752 3469 919 3550 duxerunt,
943 3471 1059 3534 tametsi
1080 3473 1121 3534 its
1141 3482 1190 3534 tus
1212 3473 1268 3536 lert

104 3575 223 3662 opinio,
242 3595 258 3637 a
273 3575 357 3638 uobis
372 3573 444 3660 ipsis
459 3592 641 3657 nequaquem
656 3572 761 3638 stolide
776 3573 975 3658 requirentur.
1006 3571 1114 3658 Neque
1129 3571 1178 3636 illa
1195 3574 1267 3637 deus

103 3677 320 3744 incendendis
339 3677 424 3740 uobis
439 3675 706 3761 componendisque
726 3677 877 3754 restituet,
900 3676 952 3739 sed
969 3687 1104 3768 tanquam
1123 3675 1266 3740 maculam
1388 3703 1392 3711 ·

103 3781 275 3865 relinquet,
299 3798 374 3865 quae
399 3799 439 3842 ex
458 3778 589 3842 vestibus
613 3789 720 3844 exorta
742 3778 847 3842 nitoris
870 3778 1094 3862 elegantiusque
1111 3777 1208 3840 studio
1224 3775 1266 3840 di·

101 3884 219 3963 luitor,
245 3883 325 3948 illam
344 3901 418 3945 vero
440 3879 600 3966 perlectam
619 3881 839 3965 absolutamque
855 3891 985 3959 vestem,
1009 3899 1104 3964 neque
1120 3899 1265 3959 maneum,

103 4006 209 4072 neque
230 3985 459 4062 redundantem,
484 4005 537 4069 pro
553 3981 695 4068 singulari
712 3984 783 4046 artis
801 4003 872 4048 suae
890 3983 995 4069 peritia
1013 3983 1123 4046 artilex
1141 3982 1264 4046 relieiet.

102 4087 224 4158 Omnia
246 4087 351 4174 quippe
374 4087 404 4150 iu
424 4088 488 4152 cius
505 4096 574 4150 suut
597 4097 742 4172 potestate
761 4087 867 4171 posita.
913 4085 1077 4170 Quodnisi
1099 4085 1140 4148 ita
1162 4105 1196 4148 se
1216 4105 1267 4150 res

103 4193 253 4271 haberet,
277 4189 461 4256 cheminom
480 4189 715 4268 insauctissioso,
737 4199 826 4274 atque
842 4209 880 4252 cx
899 4190 1025 4254 verbosa
1044 4189 1092 4252 illa
1109 4189 1266 4254 calliditate

147 4329 191 4385 tt.
208 4326 254 4384 oda
269 4319 349 4398 aiones
366 4329 418 4380 cod.
431 4343 475 4380 sns.
710 4343 769 4396 prae
788 4327 842 4394 ipse
865 4343 946 4376 carne.
981 4329 1043 4378 tiele
1062 4330 1135 4392 tpttur
1154 4331 1267 4391 interpre-

146 4403 187 4454 15.
207 4403 266 4450 Voce
279 4397 391 4452 πιιιίλιιι
407 4401 434 4449 tn
450 4399 501 4448 eod.
519 4401 602 4450 ιἰιιιιι
616 4399 677 4448 ιἰισι-
709 4401 772 4448 lotus
786 4403 819 4448 est
833 4399 890 4447 noso
902 4399 975 4446 verto
988 4397 1111 4448 Petoutss.
1241 4431 1245 4438 -

99 4475 146 4540 pst
159 4471 204 4537 fol.
219 4465 278 4522 387.
292 4483 313 4519 ι.
743 4464 782 4518 17.
799 4454 822 4518 oi
837 4471 985 4516 conecmmt
1001 4467 1130 4520 comorius
1144 4471 1213 4530 otqtse
1222 4467 1266 4518 Ρι-

148 4537 189 4592 16.
207 4539 237 4588 li.
252 4549 272 4586 ι.
290 4535 421 4604 negleget,
449 4535 518 4588 nihili
533 4531 673 4586 aestimabit
706 4534 791 4584 taulus.
825 4535 890 4586 Libri
907 4533 990 4584 toumt
1007 4523 1051 4593 oie.
