3148 4938
346 251 613 309 narrantium
634 249 990 308 nemausensem.
1197 237 1260 306 tat

99 389 159 438 unu
175 383 207 438 nt
223 393 259 437 eo
276 374 363 438 moin
379 393 413 438 se
431 374 540 439 habere
557 375 673 460 penitus
686 369 871 454 definiamus,
896 373 948 438 sed
963 383 996 438 nt
1009 373 1055 458 pie
1072 371 1261 438 nihilomiuus

100 476 137 540 de
153 471 266 540 Christi
284 476 394 540 domini
415 477 509 541 nostri
530 477 732 541 incarnatione
749 477 931 554 sentiamns3
954 475 1096 560 siqnidem
1115 475 1261 540 eiusmodi

100 597 167 643 esse
184 579 291 643 debean
308 579 365 642 loni
383 579 468 644 hnins
484 580 645 644 sententia.
692 577 874 663 Qraamqmm
892 597 979 642 nemo
998 597 1109 662 ungere
1130 597 1185 642 nos
1208 599 1260 663 pn·

102 691 161 745 test
175 671 383 745 antechristo
398 679 506 746 dietum
523 679 592 746 iiind
610 683 826 746 existimemus.
853 674 1064 745 Verumtamen
1081 689 1113 743 nt
1129 676 1263 744 adCitri·

99 793 175 848 mum
192 794 327 870 spumam
343 784 463 861 demus,
493 801 579 850 snum
601 785 711 849 habere
728 795 825 870 potest
839 801 977 862 sensum,
1009 782 1058 867 qni
1079 803 1139 846 non
1157 782 1262 846 vatini-

100 886 198 950 nanto
217 886 383 964 conteras,
408 887 461 950 set
480 905 522 950 en
547 887 635 952 animi
660 887 769 973 pietate
791 887 941 970 pmisotns
967 895 1030 964 est,
1063 903 1101 948 ne
1122 905 1208 969 qoem
1230 886 1262 948 in

99 989 185 1052 tenna
205 989 311 1052 eadere
330 989 476 1052 detentum
492 988 688 1069 arbitremur,
712 999 761 1054 ant
784 987 835 1052 iiiii
855 985 1039 1053 divinitatem
1058 986 1189 1052 essentia
1212 1009 1262 1072 pu·

98 1093 154 1154 tris
170 1091 341 1156 interiorem
356 1107 423 1155 usae
442 1091 497 1154 siti
516 1093 669 1178 qnisquam
686 1091 873 1178 persuadeat.
920 1087 998 1154 Nam
1016 1101 1046 1154 et
1061 1089 1195 1154 nonnulii
1213 1111 1262 1154 or·

98 1193 296 1257 titudoxurnm
323 1203 437 1279 patran
462 1193 557 1258 ionum
580 1195 661 1260 ilium
680 1193 851 1259 Salomonis
874 1193 909 1256 du
928 1193 1131 1258 incarnatione
1150 1189 1265 1258 Christi

98 1295 286 1380 interpretati
304 1307 390 1374 stant,
415 1301 551 1358 Domim
563 1301 692 1378 possedit
706 1315 764 1372 me,
788 1308 817 1358 et
829 1299 964 1378 suadeant
980 1317 1032 1358 me.
1079 1293 1193 1381 Estque
1216 1295 1263 1359 tio

98 1398 214 1460 &mom
240 1413 347 1461 sensns
367 1398 468 1483 pietati
484 1410 719 1479 nomentanam,
743 1418 809 1462 oum
826 1400 882 1476 itu,
913 1408 946 1462 nt
968 1397 1049 1477 dixi,
1080 1399 1176 1482 magni
1199 1399 1264 1483 qni·

97 1500 165 1562 dam
186 1511 284 1585 patrm
299 1499 514 1564 iuteiienerint.
562 1497 678 1584 Quibus
693 1502 719 1564 si
739 1501 805 1585 qnia
825 1501 879 1564 huo
900 1501 930 1564 in
948 1511 1031 1586 partu
1048 1499 1189 1566 assentiri
1211 1499 1264 1564 mi·

97 1603 179 1666 nime
195 1601 284 1683 reiit,
308 1603 375 1687 ungi
394 1603 474 1667 nniio
491 1604 578 1666 modo
598 1613 706 1689 potest.
753 1600 842 1686 Quod
856 1613 956 1666 antem
974 1603 1010 1666 ari
1034 1604 1148 1668 alienos
1168 1623 1184 1666 a
1208 1602 1263 1667 fide

97 1715 132 1768 ut
150 1704 315 1768 inuretioos
339 1706 461 1783 attinet,
493 1706 603 1769 nniinna
627 1705 748 1770 omnino
765 1707 901 1768 namnum
927 1705 995 1768 trion
1017 1717 1150 1770 metners
1175 1705 1264 1769 debe-

97 1825 177 1870 mus.
211 1801 319 1893 Neque
336 1808 413 1871 euim
430 1809 466 1872 ad
484 1807 571 1872 nilum
591 1807 752 1873 divinitatis
769 1807 1003 1871 imminutionem
1021 1807 1170 1893 pertinere
1186 1807 1263 1870 istud

96 1919 215 1995 potest,
240 1929 316 1994 qnae
334 1910 427 1975 iibera
445 1921 503 1991 est,
528 1921 559 1974 et
573 1929 639 1974 oum
658 1921 743 1996 patra
757 1927 875 1996 semper
887 1909 999 1976 extitit.
1044 1907 1140 1974 Porro
1158 1929 1264 1995 pausus

96 2023 149 2074 est
163 2012 279 2096 quidem
298 2009 437 2078 Christus
456 2011 660 2097 quodnamque
685 2015 801 2076 demum
824 2027 928 2097 putres
951 2022 1015 2092 est;
1045 2012 1097 2076 sed
1116 2033 1175 2076 nou
1199 2011 1264 2075 eins
1322 2077 1327 2096 ⁸

96 2123 204 2176 natura
221 2125 331 2178 mutata
347 2125 411 2194 est,
435 2127 523 2200 atque
541 2115 673 2178 eiusdem
687 2113 827 2178 divinitas
845 2115 875 2177 in
891 2135 945 2178 sna
964 2115 1012 2178 iiia
1039 2113 1187 2200 passionis
1208 2133 1264 2178 ex·

97 2226 184 2301 perte
200 2217 370 2282 sortitione
388 2219 528 2302 perstitit.
575 2214 680 2300 Quare
695 2237 761 2280 enm
779 2218 816 2280 du
832 2216 949 2302 propria
967 2217 1120 2280 voluntate
1140 2237 1194 2300 pro
1210 2216 1264 2279 ho·

99 2318 211 2382 minum
227 2320 323 2384 sainte
344 2320 403 2405 pati
427 2319 649 2398 eonstitnisset,
673 2320 749 2403 qnod
767 2312 905 2383 divinitas
921 2318 1034 2404 perpeti
1055 2317 1125 2382 nihii
1149 2328 1262 2402 posset,

100 2439 176 2506 qnae
194 2439 248 2506 per
269 2422 397 2507 teipsam
421 2439 530 2507 expers
547 2420 695 2506 passionis
714 2432 777 2500 eut,
807 2439 914 2505 eorpus
932 2432 1083 2498 nostrum,
1108 2421 1183 2504 quud
1205 2419 1265 2505 pati

98 2521 243 2586 videlieet
256 2534 372 2609 potest,
396 2525 490 2588 induit
505 2519 605 2588 divina
624 2523 674 2588 iiia
689 2515 851 2608 sapientia,
885 2533 918 2586 nt
941 2523 971 2585 in
995 2521 1062 2607 ipso
1081 2532 1187 2606 sponte
1210 2541 1264 2585 una

99 2635 271 2710 pateretur,
296 2647 332 2690 so
349 2627 506 2692 eortinneta
530 2645 595 2690 unm
619 2645 710 2690 earne
730 2623 883 2688 divinitate
900 2623 1073 2689 offertiones
1093 2635 1212 2688 nostrus
1232 2625 1264 2688 in

99 2745 173 2792 sese
197 2729 373 2814 susciperet.
419 2727 538 2793 Etenim
562 2728 701 2792 diviuitas
724 2723 788 2813 ipsa
812 2738 900 2792 extra
925 2747 1042 2790 ornnem
1065 2735 1113 2790 est
1137 2727 1266 2812 patiendi

100 2829 314 2894 uenditionem.
361 2829 519 2914 Quomoio
532 2831 611 2896 enim
630 2839 753 2894 mortem
770 2829 796 2892 is
811 2829 894 2892 obire
911 2840 1012 2914 posset
1027 2829 1076 2914 qui
1095 2829 1176 2910 dioit,
1200 2834 1266 2911 ligr

97 2951 165 2994 uin
179 2937 259 2994 n'nr
290 2930 392 3017 itaque
409 2953 475 2998 unm
492 2933 638 3019 passienis
658 2951 768 3018 expers
784 2941 959 3016 perseveret
975 2933 1066 3010 dens,
1090 2953 1154 2996 enm
1175 2953 1267 2996 earne

97 3043 202 3098 tamen
221 3034 348 3120 putitnr,
372 3036 448 3100 adon
467 3047 500 3099 nt
520 3034 666 3100 divinitati
684 3034 782 3118 passio
801 3034 848 3099 iiia
865 3034 1026 3113 tribuatur,
1051 3055 1118 3097 oum
1134 3034 1206 3098 nihii
1224 3045 1267 3098 tn·

97 3157 171 3202 rnen
190 3155 242 3222 per
257 3155 325 3202 sese
344 3137 391 3200 iiia
408 3138 547 3223 patiatur·
597 3135 635 3203 Ut
656 3137 792 3202 nimirum
809 3133 891 3201 salus
911 3135 997 3200 nobis
1014 3153 1067 3220 per
1083 3136 1170 3202 mum
1186 3157 1266 3202 oom-

97 3249 242 3326 paretur,
268 3259 338 3305 narn
355 3251 452 3304 antem
469 3240 532 3326 ipsa
552 3240 695 3304 dnntaxat
713 3239 875 3318 affiniatnr,
905 3249 938 3302 nt
952 3259 990 3302 nu
1006 3236 1194 3323 passionibus
1215 3240 1267 3302 ub-

98 3341 247 3420 noxinur,
277 3344 329 3407 sed
351 3342 389 3406 ab
413 3343 450 3406 iis
476 3341 571 3427 potins
587 3342 746 3406 immunem
772 3343 856 3406 deum
880 3337 1060 3422 trabeamnsp
1090 3341 1139 3426 qni
1161 3353 1267 3428 sponte

96 3463 157 3508 ana
181 3464 237 3508 uno
259 3445 317 3509 niia
340 3443 519 3510 summitate
542 3455 662 3508 onaotns
685 3445 811 3511 eundem
829 3445 909 3508 iiiam
926 3443 1114 3510 affectionem
1130 3444 1268 3532 imputari

96 3543 159 3611 sibi
183 3547 266 3611 reiit.

189 3649 232 3712 At
248 3649 298 3713 isti
315 3669 382 3713 nam
398 3647 562 3713 Hebraioas
578 3668 670 3712 voees
685 3669 723 3712 ne
742 3647 897 3732 attigerint
912 3645 1046 3732 qnidam,
1071 3658 1122 3713 aut
1139 3648 1197 3712 uiin
1216 3668 1266 3712 ea·
1302 3652 1364 3718 cap,

94 3771 168 3816 rum
187 3751 356 3835 cognitione
372 3752 484 3836 periuri
496 3751 567 3831 sint,
585 3771 681 3836 nuqnu
699 3747 767 3836 quid
783 3750 839 3814 sibi
854 3749 948 3816 velint
961 3747 1139 3836 intelligant,
1154 3762 1265 3816 temere
1299 3717 1386 3774 m·
1409 3729 1417 3740 ⁸

96 3875 138 3920 uo
156 3852 325 3938 petulanter
338 3854 531 3918 vehementes
547 3853 648 3918 hostes
666 3853 840 3938 insurgunt,
865 3852 1052 3917 occasionem
1072 3852 1199 3938 undique
1217 3873 1267 3916 oa·

98 3965 241 4043 ptentes,
265 3975 321 4041 qna
337 3956 591 4036 iden-nostram,
615 3956 663 4020 vsi
677 3956 793 4040 seipsos
808 3956 905 4041 potiar
925 3954 1011 4038 (nihil
1027 3955 1105 4018 anina
1122 3956 1268 4020 adversus

96 4056 262 4122 veritatem
287 4061 426 4142 possunt)
453 4077 633 4144 qnaonmqne
659 4058 776 4121 ratione
797 4057 985 4121 iubeiaotent.
1031 4053 1117 4121 Uaria
1139 4077 1204 4122 enm
1227 4057 1269 4122 ita

95 4160 246 4244 seriptu-
263 4160 462 4246 reperissent,
493 4165 630 4224 mmmm
647 4165 755 4222 oronnr't
770 4181 829 4234 one,
854 4159 980 4244 insipide
996 4179 1032 4222 uo
1053 4157 1119 4223 sine
1138 4161 1198 4224 utin
1222 4161 1268 4224 in·

95 4263 201 4342 dicio,
226 4263 308 4327 velut
325 4281 379 4348 per
395 4261 558 4342 somnium,
589 4261 654 4328 visa
678 4262 780 4327 neseio
804 4283 880 4346 qnae
905 4259 961 4325 sibi
981 4261 1149 4343 tinxerunt,
1178 4275 1268 4348 atque

134 4415 161 4468 3.
181 4412 242 4470 θεὸν
259 4413 358 4486 ῑχωμεν
377 4418 430 4468 cod.
446 4419 494 4468 iun.
527 4411 554 4470 ἓν
573 4413 671 4486 {propter
741 4417 801 4468 Car.
811 4407 897 4466 XXV.
909 4442 942 4454 -
957 4411 979 4467 i.
996 4413 1031 4478 Cf.
1041 4409 1172 4467 torenton
1182 4419 1268 4478 Pitrpn

92 4487 151 4538 eom
172 4486 273 4549 ittam.
310 4481 369 4539 tuin
388 4481 477 4554 ἔχομεν
494 4487 558 4536 rriitr'.
704 4501 729 4548 p.
743 4483 800 4538 ‘tia'n

995 4567 1065 4636 40*
