3168 4926
306 223 347 286 44
735 231 1043 286 εινστιεειειιιινιι

305 355 401 435 δῆθεν
420 349 552 418 Πιλάτου
569 349 691 434 αάχοῦσι
708 349 763 434 τήν
778 347 934 437 ἀκρίβειαν
949 347 1120 436 εὑρηκέναι,
1142 351 1175 416 έν
1190 346 1238 428 οίς
1252 351 1407 437 έμωέρεται
1424 357 1463 440 τῇ

306 442 365 540 πρό
382 451 460 520 όκτῶ
474 459 639 520 Καλανδῶν
653 451 825 539 Ἀπριλλίων
839 452 892 519 τδν
904 460 1024 538 σωτῆρα
1036 454 1230 531 πεπονθέναι,
1250 455 1301 518 καλ
1316 453 1349 518 έν
1363 454 1464 541 ἐκείνη

305 564 341 647 τῇ
356 555 451 646 ἡμέρᾳ
463 557 620 640 βούλονται
636 555 715 643 άγειν
729 554 762 622 τό
779 555 885 639 Πάσχα
901 553 990 643 όποίιγ
1005 551 1032 620 δ’
1048 553 1086 620 άν
1101 557 1213 644 έμπέση
1229 552 1464 640 ἡτεσσαρεςααι-

305 658 413 742 δεκάτη
430 668 481 742 τῆς
496 659 626 744 σελήνης·
674 663 714 724 Οί
726 660 759 724 δέ
773 661 805 724 έν
821 666 858 747 τῇ
874 661 1075 746 Καππαδοκία
1090 655 1144 740 τὴν
1157 655 1251 740 αὐτὴν
1266 661 1335 740 μίαν
1348 654 1465 743 ἡμέραν

305 761 360 845 τὴν
376 761 434 847 πρό
454 760 532 828 όκτῶ
550 765 715 828 Καλανδῶν
730 760 901 846 Ἀπριλλίων
918 758 1030 845 άγουσι.
1074 762 1136 825 Καὶ
1146 762 1182 826 ’έν
1199 757 1301 835 αὐτοῖς
1314 760 1346 825 δδ
1362 757 1466 836 στάσις

306 862 359 948 οόχ
378 862 399 948 ἦ
420 872 562 948 τυχοῦσα,
592 871 652 930 τῶν
676 865 729 946 μέν
746 861 890 948 λεγόντων
910 870 946 954 τῇ
963 863 1256 952 τεσσαρεσκαιδεκάτῃ
1272 869 1326 946 τῆς
1340 861 1466 945 σελήνης

305 973 364 1033 τῶν
385 965 445 1053 πρό
468 965 547 1034 όκτεδ
564 971 730 1032 Καλανδῶν
744 965 932 1052 Ἀπριλλίων·
964 968 1006 1031 ἔτι
1027 967 1059 1031 δέ
1077 965 1202 1052 είίρομεν
1219 964 1385 1052 ἀντίγραφα
1406 968 1465 1031 ⁸32

303 1077 364 1136 τῶν
381 1067 528 1149 Πιλάτου,
552 1072 585 1135 ἐν
601 1067 648 1145 οίς
664 1073 799 1151 σημαίνει
812 1068 871 1152 πρό
888 1069 1045 1134 δεκαπέντε
1061 1072 1226 1134 Καλανδῶν
1240 1067 1413 1154 Ἀπριλλίων
1427 1066 1464 1134 τό

304 1169 407 1248 πάθος
421 1179 607 1258 γεγενῆσθαι.
657 1169 779 1254 Τάληθῆ
797 1172 845 1250 δέ,
868 1168 909 1247 ῶς
924 1173 1081 1254 έκπολλῆς
1096 1169 1248 1256 άκριβείας
1264 1173 1410 1256 ἔγνωμεν,
1432 1171 1466 1236 έν

303 1282 340 1364 τῇ
355 1273 419 1360 πρά
432 1279 594 1357 δεκατριῶν
608 1277 772 1340 Καλανδῶν
785 1270 958 1358 Ἀπριλλίων
973 1272 1025 1338 τδν
1041 1279 1159 1357 σωτῆρα
1171 1275 1356 1340 πεπονθέναι
1370 1297 1466 1339 κατει-

303 1375 449 1460 λὴφαμεν.
498 1377 581 1452 Τινὲς
595 1378 627 1442 δὲ
641 1384 678 1466 τῇ
692 1375 751 1462 πρό
767 1378 839 1442 δέκα
855 1381 1018 1442 Καλανδῶν
1032 1373 1203 1457 Ἀπριλλίων
1216 1378 1358 1462 λέγουσιν.
1386 1373 1466 1452 Ἐξέ-

304 1502 396 1545 πεσον
419 1480 456 1545 δέ
474 1481 526 1544 καί
545 1471 628 1544 οὗτοι
649 1487 704 1545 τοῦ
721 1480 925 1562 προκειμένου.
969 1479 1063 1544 Δέδια
1079 1479 1111 1544 δὲ
1127 1481 1179 1544 καί
1196 1481 1265 1564 περὶ
1280 1476 1396 1544 τούτων
1413 1479 1466 1544 έπλ

305 1591 440 1648 πλεῖστον
463 1589 619 1665 4μηκῦναι
639 1581 692 1648 τόν
711 1581 814 1668 λόγον·
837 1580 930 1646 πολλά
951 1579 1007 1666 γάρ
1030 1584 1133 1664 ἔχομεν
1152 1583 1253 1667 λέγειν.
1474 1585 1476 1588 ’

168 1701 235 1771 Κεφ,
253 1701 285 1776 β’,
391 1683 558 1770 Πληρῶσας
579 1683 634 1771 γάρ
656 1683 674 1750 δ
692 1686 859 1767 νομοθέτης
881 1682 933 1750 τόν
947 1683 1044 1749 πάντα
1063 1683 1305 1767 νόμονΜωσῆς,
1336 1685 1370 1748 έιι
1386 1689 1465 1749 θεοῦ

302 1785 402 1870 λαβῶν
417 1785 450 1852 τό
475 1795 616 1873 Ιπρῶγμα
635 1790 667 1854 έν
683 1795 719 1877 τῇ
737 1786 844 1876 ἐσχάτη
859 1791 969 1875 βίβλῳ,
1000 1791 1233 1870 Δευτερονομίου
1248 1788 1393 1865 τουτέστι,
1423 1789 1465 1850 τί-

302 1900 377 1973 θησι
390 1889 488 1966 πάσας
503 1889 556 1965 τάς
571 1889 717 1974 κατάρας,
739 1888 777 1955 υό
791 1889 884 1972 μόνον
897 1891 964 1973 περὶ
982 1895 1127 1972 Πασχῶν,
1150 1887 1222 1954 α’λλά
1236 1891 1287 1954 καί
1301 1891 1369 1975 περλ
1382 1914 1465 1973 περι-

301 2000 394 2076 τομῆς
408 1994 459 2058 καλ
474 1995 542 2079 περί
560 1995 748 2068 δεκαταίσεως
764 1994 814 2058 καί
831 1998 1026 2078 προςφορῶυ,
1057 1991 1128 2066 ῶςτε
1143 1983 1216 2070 οὖν,
1247 1994 1274 2056 εί
1287 1997 1359 2074 μίαν
1374 1989 1464 2057 κατά-

302 2121 359 2180 ραν
381 2093 577 2182 πεφεύγασιν,
610 2099 652 2172 είς
675 2093 785 2171 πολλάς
807 2091 932 2170 ἕαυτοός
952 2095 1111 2180 ένέπειραν.
1155 2091 1385 2178 Εόρεθήσονται
1407 2093 1464 2180 γάρ

176 2247 180 2270 ,
302 2196 525 2283 έπικατάρατοι,
553 2197 593 2281 μη
611 2195 865 2283 περιτεμνόμενοι,
893 2195 1116 2280 έπικατάρατοι,
1144 2195 1184 2281 μὴ
1203 2192 1464 2274 άποδεκατοῦντες,

302 2301 353 2366 καί
367 2299 577 2386 έπικατάρατοι
591 2305 735 2387 γίνονται,
758 2298 799 2383 μή
816 2302 858 2375 τίς
869 2296 1058 2383 Ἰερουσαλήμ
1073 2301 1299 2386 προςφέροντες.
1344 2301 1415 2378 Καὶ,
1439 2291 1465 2363 ῶ

302 2411 361 2470 τῶν
375 2411 491 2470 πολλῶν
505 2401 679 2490 άυθρῶπων
689 2410 748 2468 τῶν
761 2404 802 2479 είς
816 2398 926 2478 πολλάς
939 2399 1062 2478 έαυτοδς
1075 2404 1235 2487 έρεσχελίας
1247 2400 1463 2485 ἐμβαλλόντων·

301 2503 424 2588 άληθῶς
440 2505 496 2592 γάρ
511 2510 588 2572 ἔστιν
605 2509 697 2572 εἰπεῖν
711 2508 805 2572 έκεῖνο
823 2501 856 2570 τό
872 2508 953 2589 βῆμα
969 2502 1003 2569 τό
1019 2502 1207 2570 συνετδντυῦ
1225 2503 1463 2588 2’Ῑίκιιλησιαστι-

300 2615 374 2688 κοῶ,
403 2607 436 2673 τό
460 2609 492 2674 έκ
511 2607 679 2691 πνεύματος
697 2605 783 2693 άγίου
805 2605 877 2690 ἡμῖν
893 2607 1111 2689 διεσταλμένον,
1141 2605 1202 2687 ὅτι,
1238 2613 1331 2698 Τοῦτο
1348 2609 1423 2693 ἔγνω
1447 2605 1466 2672 ό

296 2708 539 2793 Ἐκκλησιαστης,
570 2709 616 2776 ότι
638 2709 656 2776 ό
677 2708 751 2786 θεός
770 2707 891 2774 συνετόν
908 2707 1072 2795 άυθρωπον
1095 2712 1232 2793 ἐποίησεν
1254 2707 1346 2794 τάθη·
1377 2707 1465 2800 αὐτοὶ

300 2813 333 2878 δέ
355 2809 497 2894 ἐζήτησαν
519 2810 627 2888 πολλάς
652 2814 793 2887 θὲαυτοῖς
814 2809 913 2888 όδοός.
1382 2805 1383 2808 “

387 3013 494 3081 Πόθεν
510 3014 566 3102 γάρ
584 3015 621 3081 οό
637 3020 788 3082 διαπίπτει
805 3015 918 3082 τούτων
935 3013 956 3100 ἡ
971 3015 1089 3084 διάνοια
1095 3046 1104 3095 ,·
1139 3019 1265 3102 Πρῶτον
1282 3017 1338 3102 γάρ
1358 3004 1413 3082 4ίεί
1425 3043 1463 3108 τη

299 3117 595 3208 τεσσαρεςκαιδεκάτη
611 3117 643 3184 τό
661 3116 767 3203 Πάσχα
782 3117 897 3206 άγουσι,
920 3123 1018 3205 χρείαν
1032 3121 1131 3202 έχουσι
1146 3117 1178 3184 τό
1192 3117 1345 3204 πρόβατον
1359 3124 1464 3204 λαβεῖν

300 3217 359 3286 dud
378 3219 517 3305 δεκάτης,
539 3225 591 3288 καὶ
604 3231 703 3308 τηρεῖν
719 3219 791 3287 αότδ
808 3223 864 3297 ἕως
879 3219 1200 3304 τεσσαρεςκαιδεκάτης,
1222 3223 1274 3286 καί
1293 3219 1392 3287 οάκέτι
1409 3227 1464 3305 μία

299 3319 394 3410 ἡμέρα
411 3325 489 3390 έσται
504 3330 557 3407 τῆς
570 3330 719 3408 νηστείας,
743 3321 814 3388 άλλά
829 3325 928 3404 πέντε,
954 3321 1044 3408 ίῆτοι
1060 3321 1167 3406 δεκάτη
1183 3325 1233 3388 καὶ
1251 3323 1392 3408 ἑνδεκάτη
1411 3329 1464 3391 καλ

174 3442 288 3498 mm.
302 3425 470 3508 δωδεκάτη,
499 3429 550 3490 καί
566 3425 806 3510 τριςκαιδεκάτη,
836 3429 887 3491 καλ
904 3423 1209 3512 τεσσαρεςκαιδεκάτη.
1251 3423 1320 3490 Ἐάν
1335 3428 1368 3492 δὲ
1385 3426 1463 3513 πρός

300 3531 425 3614 ἑσπέραν
447 3535 527 3618 τυθῇ
548 3527 582 3594 τό
601 3527 721 3612 Πάσχα,
752 3526 773 3611 ἦ
790 3525 866 3611 αὕτη
882 3527 1177 3615 τεσσαρεςκαιδεκάτη
1196 3527 1409 3610 έπιφῶσκουσα
1427 3537 1464 3610 ἳξ

299 3637 426 3698 διατελεῖ
439 3629 551 3716 ἡμέρας
569 3633 601 3696 έν
616 3637 651 3720 τῇ
668 3635 801 3720 νηστεία,
824 3632 875 3696 καλ
891 3629 988 3698 οάκέτι
1006 3635 1058 3715 μία
1075 3633 1154 3696 έσται
1170 3641 1223 3715 τῆς
1239 3638 1388 3714 νηστείας·
1410 3635 1462 3698 καλ

300 3737 433 3800 διέπεσεν
454 3731 476 3817 ἦ
497 3734 565 3815 περί
582 3739 652 3814 μιᾶς
667 3730 779 3820 ἡμέρας
796 3731 895 3799 αότῶν
912 3731 1043 3817 ζήτησις,
1073 3731 1110 3798 οιί
1127 3739 1179 3816 μία
1198 3761 1241 3810 τις
1260 3727 1344 3800 οὖσα.
1379 3734 1463 3819 Ἔχει

299 3835 354 3922 γάρ
370 3835 405 3901 τά
420 3834 602 3922 πρωτότυπα
617 3837 835 3921 συνεζευγμένα,
857 3837 908 3900 καί
924 3838 1096 3920 έζημίωνται
1112 3833 1167 3901 οὐκ
1181 3834 1282 3922 όλίγην
1296 3835 1371 3902 κατά
1386 3836 1463 3904 θεόν

300 3944 509 4025 πραγματείαν.
544 3935 629 4002 Ἔδει
643 3936 697 4024 γάρ
715 3938 767 4003 τόν
782 3937 912 4025 Χριστόν
926 3942 958 4005 έν
971 3939 1265 4030 τεσσαρεςκαιδεκάτη
1280 3937 1376 4031 ἡμέρη
1389 3940 1463 4006 θῶε-

335 4127 362 4180 3.
378 4131 485 4180 Formae
501 4123 604 4184 Ἀκτων
619 4144 663 4193 με
684 4127 714 4183 έν
730 4131 781 4184 τῶν
797 4145 865 4195 τορο-
898 4135 1013 4195 reperim
1029 4129 1108 4202 βίβλῳ
1124 4131 1329 4200 Δευτεροναμίου,
1347 4132 1466 4188 τουτέστι

296 4201 400 4249 mudum
416 4203 456 4247 αλ.
896 4199 984 4266 τίθησι
1001 4207 1052 4252 τελε.

331 4267 356 4315 4.
374 4260 484 4330 μηκάιαι
500 4272 564 4316 extat
579 4271 658 4331 υαλςσ.
929 4269 1034 4320 2110oe
1054 4272 1254 4332 νείυεειτίμλυτο
1275 4275 1316 4320 εει.
1349 4273 1466 4322 Petamus

334 4333 392 4382 Οιε.
409 4335 440 4381 ΙΙ.
458 4361 491 4370 -
511 4336 533 4382 1.
551 4335 651 4385 Servavi
664 4337 788 4400 πρᾶγμα,
805 4337 828 4384 λι.
841 4349 860 4385 ε.
895 4330 1250 4402 οοπετετολἘκκλητιαατοῦ.
1272 4341 1393 4388 Alvum&
1401 4342 1463 4390 καί·

297 4401 434 4468 negotium,
452 4403 516 4464 ηυοιλ
528 4404 582 4452 libri
595 4405 731 4454 vindicant:
749 4405 861 4454 Ρτίαυίυε
893 4409 971 4466 ptores
989 4403 1153 4454 Εεαίειίεειεα
1172 4404 1370 4462 Εααλειίαιιὶτηαι
1386 4409 1463 4456 inler-

297 4473 389 4520 υολευολ
402 4466 558 4538 πρόσταγμα·
577 4497 611 4510 -
637 4474 710 4534 ίυλςο
725 4473 860 4524 amiantum
894 4473 952 4522 ιλιαα
960 4475 1080 4536 ορμονστι
1087 4478 1169 4524 πολιαι
1180 4479 1219 4525 ιιι.
1241 4475 1282 4526 sic
1295 4476 1389 4528 Τπλιιλλ,
1398 4477 1463 4527 Δδν.
