3148 4938
350 239 488 292 rnuanu
506 241 614 295 mun.
631 242 714 295 rom,
728 243 761 294 n.
779 241 879 294 nunu.
896 243 989 298 uxvt.
1194 237 1256 300 549

97 358 171 422 niret
193 379 209 422 e
227 359 311 424 eoelo
331 359 535 426 descenderat.
581 359 661 426 Num
678 383 784 427 revera
803 363 938 428 solvendi
956 364 1070 430 subbati
1087 367 1184 451 gretia
1202 389 1254 432 ve·

96 475 192 544 neret3
223 463 342 529 solvere
364 483 453 548 porro
478 462 503 526 si
527 464 653 529 alienum
680 476 778 544 esset,
810 465 929 530 minime
950 467 1107 552 potuisset.
1152 467 1253 535 Nemo

96 566 170 631 euim
194 566 320 630 alienum
348 587 421 650 opus
447 565 591 646 destruit,
621 566 680 631 uisi
705 567 867 632 alienorum
894 579 1067 653 usurpator,
1098 582 1251 638 eteorum

97 668 264 756 peregrinus
287 666 454 751 inspector,
485 669 533 752 qui
556 667 613 732 sibi
630 669 697 733 lites
720 681 864 734 areessat.
910 667 1013 755 ltaque
1030 673 1107 756 quod
1125 675 1160 738 ad
1183 697 1252 740 sese

97 771 251 858 pertineret
268 770 440 850 sabbatum,
463 770 532 834 ideo
549 776 692 848 dommus,
719 784 783 851 est,
807 773 912 857 iuquit,
927 775 1015 854 filios
1031 777 1151 836 homenis
1168 781 1251 840 enom

93 876 208 936 sabboti.
255 870 342 952 ltem,
366 877 432 936 Non
446 885 567 954 propter
584 877 730 936 sabbatum
749 877 940 955 humefactus
955 888 1016 952 est,·
1039 881 1091 938 sed
1103 879 1250 942 sabbatum

88 979 364 1059 propterlonn'nern.
412 973 513 1059 Quare
529 975 553 1038 si
574 975 727 1041 sabbatum
745 977 816 1040 deus
837 977 962 1041 bominis
982 999 1088 1043 eaussa
1107 979 1248 1059 eontlirlit,
1353 995 1366 1020 ⁰
1457 1023 1461 1030 -

93 1079 179 1166 pluris
200 1079 324 1142 eundem
348 1076 472 1142 sabbato
492 1077 578 1156 leeit,
610 1077 652 1142 oti
669 1080 795 1142 futuram
815 1080 892 1144 illam
911 1081 1039 1164 quietem
1056 1081 1247 1164 intelligeret.

91 1180 170 1245 liaeo
197 1180 276 1245 enim
302 1179 474 1244 coelestium
503 1181 614 1263 figurae
638 1191 724 1259 sunt,
755 1202 821 1244 eum
846 1180 892 1245 bie
916 1203 956 1246 ex
983 1193 1067 1268 parte
1091 1183 1247 1262 duntaxat,

91 1285 185 1348 omnia
209 1285 339 1369 perlecta
361 1281 422 1346 illie
445 1281 637 1367 absolutaque
663 1283 734 1346 sint.
782 1281 980 1365 Quamobrem
1004 1284 1156 1348 sabbatum
1178 1285 1249 1352 illutl

88 1389 154 1470 lege
170 1385 380 1472 praescriptum
402 1385 438 1448 ad
454 1385 545 1468 ipsius
569 1385 726 1448 adventum
746 1407 838 1470 usque
862 1387 1084 1471 perseveravit,
1116 1408 1174 1471 quo
1197 1388 1248 1452 ‹le-

87 1512 163 1554 mnm
184 1489 327 1572 abrogato
349 1508 487 1572 magnum
512 1487 596 1552 nobis
619 1487 771 1551 sabbatum
795 1487 917 1568 obtulit,
942 1489 990 1573 qui
1013 1499 1059 1552 est
1075 1486 1138 1572 ipse
1154 1489 1247 1553 domi·

86 1613 158 1674 nns,
180 1589 316 1676 requies,
340 1589 512 1674 sabbatique
534 1589 704 1660 observatio
727 1599 841 1653 nostra.

165 1898 263 1965 Nemo
285 1898 384 1984 itaque
407 1909 493 1964 vetus
516 1899 553 1962 ab
575 1916 655 1961 novo
678 1906 874 1976 testamento,
898 1897 948 1962 rel
968 1896 1024 1960 boe
1039 1896 1075 1961 ab
1092 1897 1143 1962 illo
1159 1917 1245 1983 sepa-

80 2003 202 2068 rantlum
225 2001 387 2066 existimet.
433 1999 490 2064 Est
517 2000 595 2064 enim
625 1999 777 2064 amborum
805 2021 863 2064 uua
886 1999 1047 2084 eatleruque
1070 2000 1242 2066 coneordia.

80 2105 141 2172 seu
164 2105 284 2190 perinde
306 2125 340 2168 se
362 2123 412 2167 res
436 2103 523 2166 babet
544 2123 579 2165 ae
599 2101 626 2164 si
641 2101 795 2187 imperitus
811 2103 951 2186 quispiam
977 2123 1010 2166 ae
1032 2103 1113 2166 rudis
1138 2103 1243 2168 situlas

79 2211 153 2272 duas
166 2207 335 2271 haurientes
349 2206 452 2270 eodem
474 2225 513 2268 ex
529 2206 609 2268 iente
625 2205 742 2286 videat,
768 2215 826 2269 tum
845 2205 922 2289 quorl
941 2225 996 2269 eae
1009 2205 1145 2270 diversae
1169 2206 1241 2284 sint,

78 2313 213 2375 diversas
232 2309 321 2373 etiam
339 2329 430 2393 equas
448 2327 516 2372 esse
538 2306 721 2392 suspicetur,
746 2306 853 2371 ‹leinrle
869 2327 943 2371 vero
964 2328 981 2370 a
1001 2307 1241 2392 prudentioribus

77 2415 236 2492 doceatur,
269 2411 356 2474 etita
380 2410 535 2494 loquentes
559 2410 674 2474 audiat:
705 2408 755 2473 Ex
779 2419 904 2492 utroque
928 2408 1016 2472 situle
1039 2409 1180 2492 degusta,
1204 2429 1240 2472 ae

76 2515 160 2579 disee
175 2514 247 2576 duas
262 2513 327 2576 illes
345 2533 412 2578 esse
430 2511 562 2596 quidem,
586 2512 638 2575 sed
663 2511 780 2576 unieum
801 2509 989 2574 nibilominus
1009 2512 1131 2574 iontem.
1178 2509 1241 2574 Eo·

72 2619 140 2682 dem
164 2616 248 2679 morlo
271 2635 347 2678 uuus
370 2613 505 2678 (lominus
525 2623 588 2694 est,
613 2633 746 2698 unusque
769 2615 860 2691 deus,
884 2633 960 2678 unns
982 2612 1120 2698 spiritus,
1144 2612 1238 2696 quiin

71 2721 158 2802 lege,
190 2716 339 2803 prophetis
362 2715 576 2800 evangelioque
598 2716 714 2782 loeutus
736 2727 794 2779 est.
842 2711 890 2780 Ob
916 2715 944 2778 id
968 2737 1028 2778 non
1053 2716 1112 2780 duo
1134 2726 1238 2780 vetera

71 2830 250 2885 testamenta
273 2827 360 2897 suut,
389 2837 486 2902 neque
510 2818 566 2882 duo
587 2839 680 2898 nova3
714 2819 850 2902 quoniam
876 2837 971 2902 neque
996 2829 1156 2882 testatores
1179 2818 1236 2882 luo

67 2932 159 3002 sunt,
189 2923 240 2986 sed
267 2940 342 2984 uuus
363 2919 564 2984 tantummodo
582 2919 631 3006 qui
651 2919 803 3004 antiquato
821 2930 924 2984 vetere
946 2941 1054 2985 novum
1076 2920 1235 3001 instauret,

67 3045 127 3089 nee
146 3023 187 3087 ita
211 3033 243 3087 ut
264 3033 352 3086 vetus
369 3022 572 3107 extinguendo
595 3023 709 3102 deleat,
740 3023 793 3086 sed
813 3021 841 3086 ei
859 3023 946 3086 linem
973 3022 1122 3108 imponat,
1147 3033 1178 3086 et
1199 3023 1236 3086 ml

65 3126 231 3192 seeundum
254 3125 398 3189 bonorum
421 3125 641 3211 possessionem
664 3125 835 3189 transferat.

154 3228 256 3292 Alium
279 3248 295 3291 e
318 3227 464 3313 scriptura
486 3228 582 3293 locum
604 3225 800 3292 Mauiebaeus
822 3227 851 3290 in
875 3225 1001 3291 medinm
1024 3227 1122 3290 affert.
1167 3225 1234 3291 llos
1248 3221 1370 3331 BQ„

64 3331 160 3410 euim,
184 3330 291 3414 inquit,
313 3330 448 3410 invenio,
471 3330 604 3416 spiritum
621 3329 686 3394 sine
704 3350 828 3415 corpore
844 3330 967 3394 salutem
986 3330 1133 3412 obtinere,
1157 3337 1235 3419 quod
1372 3320 1378 3333 ’

61 3435 163 3518 ipsum
182 3433 226 3496 bis
241 3431 340 3497 verbis
359 3433 445 3496 doeet
464 3431 630 3518 apostolus:
662 3437 780 3495 Orem'rm
791 3437 911 3495 nuditer
925 3439 954 3496 r'n
973 3437 1050 3497 uubis
1062 3439 1229 3519 smrban'o,
1247 3439 1356 3496 ΝΜ,
1368 3444 1387 3490 t.

60 3549 93 3598 et
116 3539 258 3598 eiusmodi
270 3538 432 3619 meieutrb
455 3557 583 3618 quaene
604 3535 788 3615 tingentibus
808 3541 918 3617 porilem
940 3543 1084 3614 eernr‘tur,
1108 3544 1178 3601 odeo
1201 3551 1235 3601 et

59 3659 186 3700 errorem
208 3641 321 3719 puellum
340 3643 435 3720 patres
456 3639 575 3700 lubeat.-
604 3647 635 3698 et
654 3659 703 3698 uus
724 3643 822 3721 reflati
836 3643 921 3712 estes,
946 3651 975 3700 et
994 3663 1050 3702 non
1072 3647 1165 3722 mugnis
1186 3645 1231 3704 lu-

54 3745 170 3814 xistis,
196 3751 229 3801 ut
250 3743 369 3802 tollatur
390 3745 510 3802 emedrb
525 3743 628 3815 vestri,
654 3743 770 3822 qut'hne
782 3745 904 3824 sortitus
919 3748 1074 3806 commun:
1099 3765 1152 3825 ego
1168 3749 1231 3826 qui-

54 3848 124 3904 dem
153 3845 256 3906 absens
284 3865 418 3924 corpore,
446 3865 585 3924 praesens
608 3855 701 3905 autern
723 3848 845 3925 spr'rt'tm
876 3849 1002 3908 tiedr'euur'
1021 3867 1082 3908 eum
1107 3851 1160 3929 qui
1176 3851 1230 3908 ltoe

53 3947 160 4006 scelus
178 3950 331 4020 eommrbr't,
356 3948 585 4008 conuenientibus
608 3948 703 4021 oobrb,
737 3959 767 4008 et
782 3952 908 4024 domino,
941 3971 1004 4011 rum
1030 3971 1089 4012 meu
1111 3955 1226 4030 optrito,

94 4062 123 4115 6.
145 4059 257 4132 ὑπάρχει
272 4065 323 4114 eod.
341 4065 440 4128 norun.
668 4069 807 4128 terpretetur
821 4071 856 4118 est
872 4065 917 4118 sed
934 4083 996 4117 uuus
1013 4067 1056 4136 qui
1074 4075 1145 4120 retur
1161 4067 1230 4120 euti-

90 4130 118 4183 7.
139 4130 216 4214 ue‘pnp
231 4130 358 4196 pulsaue
373 4133 422 4214 mie
433 4133 467 4200 (u
477 4147 495 4183 e.
507 4127 635 4200 μωΰσιως
667 4141 745 4200 quat,
768 4143 793 4184 et
810 4149 905 4184 novum
922 4145 1033 4187 renovat.

48 4199 122 4266 ἕως)
143 4217 231 4252 aurun
248 4202 300 4250 rod.
315 4201 412 4264 llberlrp.
699 4235 970 4290 emmam-
997 4238 1020 4292 1·
1038 4234 1112 4294 πάλιν
1122 4243 1228 4294 mm

85 4268 114 4319 8.
136 4265 188 4348 equ
205 4281 251 4318 orn
269 4269 306 4318 ιιι
317 4269 399 4318 Petuu.
420 4270 499 4320 caton.
515 4274 585 4332 repet.
662 4305 738 4355 Mt.

84 4333 114 4385 9.
136 4337 189 4388 δυο
205 4349 251 4384 om.
267 4339 292 4386 tn
308 4337 345 4386 eal.
363 4339 446 4387 Petuu.
466 4339 544 4388 Gutum
557 4343 627 4401 repet
737 4320 780 4404 θ’,

88 4402 136 4452 10.
158 4403 294 4466 Vutqoroiu
307 4405 429 4457 παλαιῶνξ
445 4407 576 4456 Artteulunt
588 4408 629 4456 de·
696 4389 721 4442 Ἰ·
740 4405 818 4456 “illm
834 4393 886 4441 Μ·
900 4393 1000 4455 Rbedtp.

42 4473 158 4524 tendum
175 4485 223 4524 esse
236 4473 360 4525 multtum
376 4475 575 4540 cmnertm,qul
591 4477 630 4528 tn·
697 4475 722 4534 ³.
739 4473 904 4548 nerpbr'uod.
914 4478 1013 4552 llbertr'p.
