3168 4926
390 237 526 291 PANARU
544 239 607 292 Lib.
623 239 654 290 ii.
669 237 751 292 'rom
765 239 786 289 Ι.
803 237 902 290 HABR.
917 238 961 290 Li.
1212 231 1253 294 55

95 367 169 434 taes,
201 375 365 443 repurgare
387 357 496 444 iepram
519 369 550 422 et
567 357 686 422 morbos
703 357 868 444 depeiiere,
897 358 1114 444 daemonesque
1136 361 1254 445 propul-

93 481 175 540 sare,
210 481 247 524 aa
270 461 395 524 diceudo
420 461 513 526 sotum
534 463 729 546 persuaderet
748 459 946 540 auditoribus,
978 461 1030 524 sed
1053 459 1254 544 evangetioa'm

93 561 254 628 doctrinam
273 563 357 627 baetis
374 562 461 627 etiarn
480 563 551 650 ipsis
569 563 768 648 praedicaret,
799 573 885 646 atque
904 573 935 626 et
949 562 1071 648 perditis
1088 563 1252 628 bominibus

93 667 242 730 nuntiaret
256 685 344 752 possa
361 665 428 730 itios
446 667 622 751 poenitendo
639 665 825 751 reeuperari,
859 675 888 726 et
905 663 942 728 iis
958 665 1007 749 qui
1022 665 1191 731 aesiderant
1206 687 1253 730 re-

92 778 281 834 surreeturas
297 789 331 832 se
350 789 436 848 esse,
461 779 490 833 et
507 769 555 854 qui
575 769 680 832 mortui
698 777 816 846 essent,
838 767 928 831 vitam
947 787 1014 830 esse
1033 769 1129 832 denuo
1147 789 1252 832 anasse·

93 883 225 936 oatusas.
273 867 331 936 flio
346 871 436 956 igitur
451 869 621 935 Matthaeus
638 867 783 936 Hebraico
802 869 901 954 lingua
919 869 1038 956 soripsit
1052 891 1087 934 aa
1102 872 1253 957 praedius·

92 975 132 1038 rit
147 973 351 1056 evangelium,
376 993 431 1037 neo
448 973 484 1036 ab
499 975 562 1038 eius
578 973 663 1036 initio
679 973 821 1036 duntaxat
836 992 963 1036 exorsus
979 982 1037 1051 est,
1061 975 1112 1037 sed
1130 974 1252 1058 primum

94 1073 202 1142 Cbristi
220 1075 426 1160 genealogiam
440 1075 478 1140 ab
491 1075 640 1138 Abraatuo
655 1074 816 1159 pertexuit.
860 1077 999 1148 Admana,
1024 1073 1128 1159 iuquit,
1149 1082 1252 1156 gennit
1262 1083 1345 1130 sana.
1359 1083 1378 1127 ¹·

93 1185 188 1253 isene,
213 1183 300 1242 Inane
312 1191 406 1242 autem
418 1183 520 1258 gennit
534 1178 620 1240 lnead
634 1189 708 1251 eto„
734 1197 826 1260 usque
842 1178 877 1240 ad
892 1173 1047 1262 losepbutu
1064 1189 1094 1240 et
1110 1175 1249 1242 Mariam.

92 1279 130 1344 Et
149 1281 221 1346 iliud
245 1281 359 1364 quidem
383 1280 467 1344 initio
487 1279 637 1363 praefinita
669 1281 756 1342 biber
774 1283 968 1360 generationis
987 1284 1053 1342 Iesu
1072 1283 1257 1362 Cdrr'sta'filai'

92 1388 191 1447 baadi
242 1382 476 1458 satisdatum,
508 1384 579 1446 Filii
597 1383 736 1444 Adranam.
782 1379 859 1444 Tum
882 1381 918 1446 ad
942 1382 970 1446 id
989 1381 1065 1466 quod
1084 1381 1253 1446 instituerat

93 1507 289 1572 progressus,
314 1489 437 1560 Chresti,
461 1484 571 1568 inquit,
592 1488 740 1564 generatio
754 1488 797 1546 n'o
812 1495 891 1546 erat.-
917 1487 985 1548 Cam
1000 1496 1073 1546 esset
1085 1489 1251 1565 desponsata

93 1603 181 1652 mater
198 1593 290 1670 aperias
304 1592 402 1650 Martia
415 1589 531 1668 Ioseph,
558 1599 706 1668 antequam
720 1591 917 1662 eonuenbent,
942 1592 1055 1650 inventa
1070 1599 1115 1649 est
1127 1591 1156 1650 t'n
1171 1599 1251 1650 atera

92 1695 196 1754 babens
214 1695 251 1754 de
265 1696 371 1772 apabe'ta
386 1701 494 1754 sanata.
540 1692 639 1770 Iasepb
656 1701 765 1764 antem,
797 1708 860 1752 earn
875 1679 1070 1765 aaaetirastusj
1100 1692 1254 1772 quaerebat

94 1797 203 1857 arealis
218 1797 361 1856 dimittere
375 1795 465 1854 illam.
511 1795 553 1854 Et
564 1813 628 1853 eree
641 1795 760 1871 angelus
772 1795 880 1854 dammi
889 1796 1023 1872 apparuit
1033 1795 1081 1856 tta·
1091 1797 1121 1854 in
1132 1798 1248 1868 sananti,

92 1902 203 1970 meam,
228 1899 303 1957 Noa·
313 1897 454 1957 demittere
468 1899 614 1974 coniugem
630 1905 724 1970 taam3
748 1899 823 1976 quad
833 1899 906 1956 enim
921 1899 949 1958 in
966 1899 1027 1976 ipsa
1041 1907 1094 1971 est,
1118 1899 1152 1958 de
1165 1900 1250 1978 aprii-

93 2013 124 2061 taa
145 2011 245 2061 amata
267 2009 319 2060 esi.
367 2001 442 2059 Erae
464 2000 535 2057 enain
557 1998 762 2077 part'atfiia‘urn
779 2009 810 2058 et
825 1998 936 2058 necabis
953 2018 1052 2059 namen
1069 2003 1129 2060 aas
1144 2003 1246 2061 Isaram.

93 2106 146 2164 iiie
164 2102 290 2164 salvabit
304 2103 440 2181 papulam
460 2119 542 2160 suam
563 2104 730 2180 apeaoatas.
775 2103 899 2174 litiae,
931 2098 1042 2184 inquit,
1064 2102 1178 2182 saetam
1195 2112 1247 2175 est,

93 2217 126 2266 sat
139 2207 320 2284 t'mpietetsr,
346 2205 422 2284 qnod
435 2205 539 2264 dietam
554 2213 626 2264 esta
640 2205 751 2264 monna
757 2223 814 2282 per
821 2205 986 2284 prophetam
1000 2207 1152 2276 damiam,
1176 2207 1251 2268 uoce

93 2312 174 2387 uirga
195 2310 338 2387 concipiet
355 2317 408 2368 eta.
455 2307 625 2384 snagan
645 2315 737 2368 autem
756 2326 774 2366 a
793 2327 889 2366 somno
911 2310 952 2368 ita
964 2307 1164 2388 seeitlasepb.
1210 2310 1253 2368 Et

92 2413 201 2491 meepit
222 2429 340 2470 ararem
361 2427 459 2481 suam,
491 2418 521 2468 et
539 2428 595 2469 nan
617 2409 803 2488 eogaasoebat
821 2429 898 2483 eam,
930 2412 1017 2470 donee
1030 2411 1249 2488 peperatfiiiarn

92 2533 173 2574 msa
186 2515 420 2593 primogenitam,
441 2520 470 2570 et
484 2513 595 2572 vaeavit
605 2531 703 2572 nornen
717 2515 778 2572 eiras
789 2514 880 2573 Iasae.
915 2505 1018 2593 Pergit
1032 2509 1154 2574 deiude:
1180 2513 1250 2572 Cam
1260 2527 1376 2574 tantm

91 2627 174 2676 astus
199 2626 275 2700 esset
294 2617 375 2676 Iesus
399 2616 429 2674 a'n
446 2615 587 2674 Bethleem
606 2616 727 2674 Iudaeae
749 2617 778 2674 in
800 2614 899 2674 dr'edas
917 2615 1040 2676 Herodis
1060 2616 1154 2693 regia,
1186 2635 1250 2680 ease

92 2721 176 2797 lagi
190 2719 228 2778 ab
245 2721 354 2778 amente
367 2725 505 2776 uenerunt
517 2718 739 2796 Hierosolymam
752 2719 891 2789 debentes,
921 2715 975 2778 Ubi
986 2725 1030 2776 est
1045 2719 1098 2797 qai
1110 2727 1195 2778 natas
1207 2727 1252 2778 est

91 2843 145 2882 res
157 2821 351 2882 Iudaeorum?
395 2821 520 2880 Vtiiirnaas
534 2823 605 2880 enain
620 2820 730 2880 stellam
745 2822 805 2880 eiras
817 2822 846 2880 t'n
860 2823 976 2894 orr'ente,
1000 2831 1030 2880 et
1041 2823 1166 2881 vennianus
1180 2823 1249 2882 ada.

91 2944 157 2984 rare
173 2945 248 2984 saar.
295 2919 352 2986 Ubi
369 2921 460 3006 igitur
482 2930 528 2984 ast
549 2917 713 2984 Zachariae
735 2919 785 2983 illa
806 2921 901 2984 omnis
921 2919 1062 2984 historia?
1104 2918 1159 2987 Ubi
1179 2933 1315 2988 suntuna
1330 2946 1349 2989 r.

14 3031 18 3046 ’“
92 3045 165 3108 qaae
187 3021 307 3088 sLuea
324 3023 501 3089 narrantur?
543 3019 599 3086 Ubi
616 3019 712 3086 risum
730 3020 799 3086 ittut
819 3023 937 3106 augebit
979 3020 1037 3088 Ubi
1054 3020 1250 3090 loannisBa·

93 3127 197 3210 ptistae
215 3127 388 3212 prophetia?
430 3123 488 3191 Ubi
502 3123 663 3209 increpatio
680 3121 858 3204 Zaebariae,
883 3135 914 3188 ut
929 3125 1006 3210 loqui
1023 3123 1091 3189 ante
1106 3147 1164 3190 uon
1182 3129 1249 3211 pos·

92 3241 136 3292 set
158 3249 246 3314 qusai
270 3230 399 3314 perieata
422 3237 523 3292 esseut
542 3225 640 3290 omnia
660 3247 735 3309 qaae
758 3225 793 3289 ab
813 3227 917 3310 augeio
941 3237 1026 3290 eraut
1043 3227 1149 3292 ottaut
1191 3224 1251 3293 Ubi

92 3343 158 3396 sant
173 3351 251 3416 quae
268 3331 391 3415 augelus
407 3327 524 3394 Mariae
540 3329 657 3393 loeutus
674 3329 740 3392 esti
783 3326 839 3394 Ubi
858 3329 954 3393 oautio
973 3329 1024 3394 itta
1044 3349 1079 3394 aa
1096 3331 1249 3415 prudentia

93 3455 175 3514 qaam
189 3455 248 3498 suo
264 3433 315 3498 itto
328 3435 363 3498 ad
378 3433 512 3517 augebam
529 3451 672 3515 responso
685 3427 782 3494 Maria
800 3451 870 3516 prae
886 3453 919 3494 se
935 3430 1010 3511 satir,
1034 3452 1100 3496 eum
1115 3434 1157 3504 ita,
1168 3434 1247 3498 illum

93 3535 304 3621 iutemogarita
337 3539 477 3616 Quomodo
485 3537 546 3615 fiet
559 3537 646 3608 iilud,
680 3538 809 3616 quantiam
826 3540 917 3596 aarum
934 3549 991 3598 nara
1006 3545 1166 3616 eognoscat
1195 3549 1246 3603 attt
1259 3555 1362 3610 tarda

93 3639 207 3703 sineere
231 3638 283 3702 itta
308 3638 404 3722 sagati
427 3647 621 3720 aromataque
645 3637 688 3700 rei
712 3637 859 3720 gerendae
883 3637 1066 3722 propositio?
1108 3643 1243 3720 Spiritus,

93 3741 200 3826 iuquit,
230 3752 348 3803 sanetus
363 3744 542 3822 superveniet
560 3744 589 3802 in
611 3751 653 3815 te,
685 3750 715 3800 et
730 3744 821 3802 orrens
838 3743 972 3802 altissimi
986 3742 1161 3804 obumbrabit
1181 3743 1241 3804 nti.

174 4047 304 4136 Quinam
321 4068 394 4133 erga
411 4047 517 4112 iactum
534 4047 698 4134 putabimus
712 4057 744 4112 nt
758 4067 831 4131 quae
846 4043 945 4112 Lusus
960 4046 1112 4132 exposuit,
1137 4069 1172 4113 es
1185 4049 1244 4115 siut
1263 4067 1322 4136 cop.
1337 3971 1401 4120 tit.⁵

96 4149 282 4216 abbattbaeo
300 4151 528 4236 praetermissa?
570 4149 651 4215 Naar
668 4147 849 4214 Matthaeum
874 4151 910 4213 ab
933 4152 976 4214 rei
996 4149 1119 4214 raritate
1136 4152 1245 4216 disere·

96 4275 162 4338 pare
178 4255 364 4320 statuemus?
407 4253 458 4318 Aa
476 4265 579 4318 eontra
596 4253 627 4318 in
645 4253 744 4339 primis
760 4251 817 4316 ittts
834 4252 920 4318 rebus
937 4254 1047 4338 gestis,
1077 4277 1149 4338 quas
1165 4251 1244 4319 Mat-

96 4357 193 4422 tbaerm
209 4356 397 4444 persoripait‚
417 4353 530 4420 Luaam
543 4357 636 4444 ipsum
651 4356 767 4422 minime
783 4375 854 4423 reta
870 4359 1027 4423 narrasset
1062 4355 1171 4426 Nonae
1184 4358 1245 4430 siu·

126 4491 150 4546 9.
166 4493 320 4563 Μιγγιλίᾳ
337 4493 390 4544 aad.
406 4493 480 4546 terat
