3168 4942
362 217 497 271 rnnsan
515 220 579 270 nra.
592 221 624 272 n.
641 219 724 272 nom.
738 219 769 272 ιι.
786 219 887 272 nsua.
899 219 997 270 nxrx.
1202 211 1264 276 709

16 355 29 390 n
107 333 221 400 Russus
237 335 316 398 enim
332 357 440 421 magno
463 337 492 401 in
512 359 566 402 nos
589 339 700 424 inpetu
724 337 874 424 sophistae
899 339 1050 417 teruntur,
1083 339 1263 426 excogitatis

16 435 29 494 'r
105 437 272 521 quibusdam
289 459 306 501 a
324 457 357 501 se
375 437 539 504 rationibus
563 440 648 520 lreti,
680 461 804 524 quornm
828 440 956 505 studium
976 460 1062 504 omne
1087 441 1118 504 in
1139 443 1262 528 syllogi-

16 565 26 600 r
103 539 173 603 smis
200 549 231 602 et
259 552 497 624 argumentorum
521 542 755 608 cavillationibus
777 551 950 627 occupatur.
997 537 1031 605 ln
1060 563 1118 626 qno
1148 543 1263 612 ridiculi

16 664 26 712 n
103 641 220 704 omnino
237 652 318 720 sunt,
337 643 385 728 qui
400 664 466 706 cum
485 643 696 708 homunciones
712 645 784 721 sint,
805 645 890 708 deum
908 641 1182 710 ratiocinationibus
1200 647 1263 711 suis

16 772 27 804 n
102 743 351 828 comprehendere
365 756 523 810 nouantur.
558 742 691 828 Quorum
707 745 852 810 insaniam
870 745 915 810 bis
935 745 1035 810 verbis
1054 745 1195 831 propheta
1214 769 1262 812 re·

16 875 26 912 :
102 846 233 929 darguitc
266 849 343 908 Num
368 849 562 928 supplantabat
585 851 689 929 nuqua
711 852 810 922 deum5
842 853 973 928 quantem
995 869 1044 910 cos
1067 852 1258 929 suppuratum
1272 833 1391 939 Mff⁶ffi⁰²

16 981 27 1012 ι
100 955 164 1010 me?
197 945 275 1030 Quid
292 946 383 1031 igitur
402 951 530 1012 audaces
547 949 589 1014 illi
611 969 646 1013 ac
662 949 846 1012 confidentes
864 949 997 1015 homines
1017 949 1163 1014 alleruntl
1194 949 1262 1018 Nos

16 1087 18 1118 n
99 1048 185 1112 aliam
203 1048 278 1113 bane
294 1049 409 1113 illorum
430 1051 626 1115 obiectionem
651 1061 738 1116 antea
763 1051 968 1137 proposuimus
991 1062 1080 1136 atquc
1098 1052 1261 1139 explicavi-

16 1191 48 1240 ...
99 1171 179 1228 nus,
204 1171 290 1235 quam
314 1151 524 1236 interrogando
543 1153 685 1218 eiusmodi
706 1153 792 1218 nubis
809 1153 907 1217 solent
923 1174 1090 1239 opponeres
1122 1154 1186 1219 Aut
1208 1178 1261 1220 vo·

16 1295 25 1328 -,
100 1253 184 1330 lens,
208 1255 359 1337 inquiunt,
386 1254 477 1318 lilium
494 1276 579 1319 suum
597 1256 700 1340 gennit
715 1256 807 1333 dens,
831 1265 883 1318 aut
904 1254 1020 1318 nolens.
1065 1252 1126 1319 Sed
1152 1256 1261 1324 ibidem

97 1356 153 1419 deo
169 1354 329 1439 opitulante
345 1357 575 1421 monstravimus
590 1357 661 1422 nibil
678 1356 707 1420 iu
726 1357 790 1442 ipso
806 1356 882 1442 quod
899 1354 1065 1420 tarditatem
1081 1366 1133 1420 aut
1147 1378 1259 1424 moram

97 1456 218 1521 baberet
235 1457 334 1522 inesse
351 1479 458 1542 posse,
483 1459 534 1523 sed
554 1460 651 1523 onrnin
669 1457 755 1522 simol
779 1459 809 1520 in
826 1478 862 1520 eo
881 1477 948 1520 esse
966 1459 1109 1542 perlecta.
1157 1457 1259 1543 Quane

97 1578 192 1642 neque
206 1559 288 1643 prins
305 1559 368 1622 vult
382 1580 468 1643 quam
488 1560 603 1639 lecerit,
626 1579 722 1644 neque
737 1558 802 1624 sine
821 1559 946 1623 consilio
964 1559 1108 1645 quidpiam
1126 1561 1258 1642 molitur,

16 1707 21 1742 p
97 1661 244 1744 nequead
263 1663 493 1746 praeparandum
509 1662 617 1747 aliquid
637 1661 792 1741 deliberat,
817 1681 872 1725 nec
890 1661 969 1726 illius
983 1663 1171 1748 praeparatio
1189 1685 1260 1728 con-

97 1763 283 1826 sultationem
309 1762 446 1848 requirit.
492 1761 690 1846 Quamobrem
718 1764 765 1847 qui
788 1763 825 1827 nb
853 1784 889 1828 en
915 1765 1073 1849 productus
1097 1775 1143 1828 est
1167 1764 1257 1846 filius,

96 1884 215 1948 semper
239 1875 287 1928 est
303 1865 439 1948 genitus,
471 1886 526 1928 nec
547 1866 606 1929 ullo
625 1876 757 1950 tempore
778 1866 891 1951 coepit,
923 1863 975 1930 sed
999 1876 1117 1950 epatre
1141 1866 1259 1950 genitus

16 2021 18 2040 q
95 1987 161 2028 cum
179 1965 281 2028 endem
300 1966 379 2030 nulla
395 1968 611 2053 interruptione
635 1967 777 2052 temporis
794 1967 909 2032 existit.
957 1965 1059 2052 ltaque
1081 1967 1158 2032 idem
1181 1969 1258 2054 quod

16 2125 18 2154 Ε
96 2078 184 2131 antea
201 2067 334 2132 dixeram
360 2070 417 2132 boc
438 2069 505 2134 loco
528 2080 677 2153 repetam,
708 2090 804 2154 neque
827 2070 975 2134 volentem
1002 2070 1144 2155 genuisse
1164 2089 1260 2156 usque

95 2171 265 2237 nolentems
295 2172 347 2236 sed
365 2172 395 2236 in
412 2192 448 2236 ea
468 2182 590 2250 natura,
615 2192 690 2256 quoe
710 2174 789 2236 omni
808 2181 854 2236 est
873 2171 1085 2237 deliberatione
1108 2173 1255 2256 superior.

16 2335 19 2362 ,ι
93 2271 248 2337 Eiusmodi
267 2275 373 2360 quippe
389 2285 492 2338 natura
510 2273 556 2336 dei
571 2284 618 2338 est
635 2284 666 2336 ut
683 2283 770 2337 omne
788 2273 943 2339 consilinm
961 2285 997 2336 -et
1012 2295 1128 2338 omnem
1149 2274 1257 2338 intelli·

16 2435 17 2462 3
93 2374 225 2459 gentiam
241 2375 499 2460 cognitionemque
519 2374 720 2440 transcendat.
751 2373 830 2440 lluic
845 2383 1017 2458 argumento
1039 2395 1098 2440 oon
1115 2375 1257 2442 dissimile

95 2488 141 2540 est
156 2475 235 2542 alind
251 2478 288 2542 ab
306 2479 392 2543 novis
414 2477 471 2541 illis
486 2477 688 2542 Aristotelinis
705 2475 871 2540 inventurn.
917 2474 995 2540 Nam
1020 2476 1105 2540 buius
1129 2478 1258 2564 pbiloso-

95 2579 144 2664 pbi
164 2581 244 2644 virus
262 2601 348 2644 omne
365 2579 395 2643 in
411 2580 517 2664 seipsis
534 2589 760 2664 expresserunt,
778 2589 808 2642 et
823 2579 1012 2642 innocentem
1026 2580 1147 2664 spiritus
1161 2580 1258 2644 sancti

93 2679 313 2766 simplicitatem
337 2681 607 2766 benignitatemque
629 2680 822 2765 reliquerunt.
871 2675 916 2744 lle
934 2680 1039 2766 quibus
1064 2681 1105 2745 ita
1122 2680 1257 2746 domiuus

93 2783 241 2866 loquiturc
277 2787 386 2846 Drsm'te
400 2805 418 2845 c
432 2807 474 2845 me
489 2789 555 2866 quain
572 2785 648 2846 me'ta‘s
663 2803 741 2856 sum,
765 2795 796 2845 et
812 2785 926 2846 dumr'lrb
943 2786 1045 2846 eorde.-
1068 2796 1099 2845 et
1111 2788 1257 2848 eumaeus
1271 2770 1363 2879 Μιῇηξ

90 2889 218 2968 requiem
241 2887 388 2948 manebus
404 2891 516 2948 amru.
563 2887 606 2950 At
629 2885 671 2948 illi
694 2883 917 2948 mansuetudine
941 2883 1043 2948 relicta
1067 2884 1254 2950 calliditatem

91 2987 190 3072 potins
207 2987 335 3070 amplexi
351 2998 440 3066 sunt,
464 3007 556 3071 seque
574 2997 605 3051 et
620 2986 655 3050 ad
675 2986 868 3051 Aristotelem
892 3005 928 3050 ae
944 2998 1061 3052 eeteros
1080 2986 1179 3051 mundi
1203 2987 1255 3050 bn·

89 3089 138 3152 ius
158 3088 330 3153 dialecticos
354 3090 578 3154 accommodare
604 3089 787 3166 meluerunt,
811 3107 934 3173 qnorum
957 3089 1069 3152 tructus
1092 3089 1134 3151 ita
1150 3107 1257 3152 conse·

90 3199 213 3254 etnutnr
230 3191 338 3254 nullam
357 3201 390 3254 ut
406 3191 534 3256 institiae
552 3192 666 3274 frugem
683 3191 845 3273 proderant,
870 3209 926 3254 nec
940 3187 1030 3253 ullum
1048 3188 1169 3273 spiritns
1186 3211 1255 3252 san-

89 3293 130 3354 cti
154 3292 344 3370 beneficium,
361 3303 461 3378 utpote
477 3291 676 3356 contentionis
692 3291 757 3376 plus
771 3312 867 3376 aequo
885 3291 994 3377 cupidi,
1018 3291 1177 3376 impetrare
1193 3311 1255 3354 me·

88 3393 220 3458 ruerint.
266 3391 349 3478 Ergo
367 3395 407 3458 ita
433 3416 487 3458 nos
505 3393 625 3478 aggredi
652 3393 764 3472 solent,
789 3393 996 3458 condicimus
1019 3393 1198 3458 existentem
1219 3393 1255 3456 li·

89 3495 165 3558 lium
184 3495 258 3580 apud
281 3497 460 3560 existentem
480 3506 590 3580 patrem
609 3495 720 3574 luisse,
746 3495 978 3580 qnandoquidem
996 3496 1037 3558 ita
1054 3505 1139 3580 pater
1152 3491 1255 3579 Moysi

89 3597 259 3661 mandavit:
283 3603 361 3660 Hoee
375 3603 451 3660 dices
465 3602 504 3660 nd
517 3602 610 3678 specs:
636 3601 694 3677 Qui
707 3609 752 3660 est
766 3601 844 3659 misit
856 3617 898 3659 rne
906 3625 915 3674 ‚-
940 3598 1046 3661 deinde
1062 3597 1107 3660 sic
1123 3613 1253 3680 evange·
1263 3614 1362 3673 mom,
1375 3616 1409 3662 rs.

86 3700 163 3763 linus
180 3699 215 3761 de
233 3701 295 3764 lilio
311 3710 452 3764 testatur:
482 3703 516 3762 ln
526 3704 670 3781 praiser'ps'o
693 3699 903 3774 contuendum,
928 3711 958 3761 et
972 3701 1084 3762 uerbum
1099 3710 1165 3760 erut
1176 3701 1253 3778 opud
1263 3718 1342 3764 loun
1352 3715 1374 3774 1,
1387 3717 1407 3763 ι.

85 3806 190 3875 deum,
216 3815 245 3864 et
263 3806 333 3864 dens
350 3815 414 3865 erut
432 3803 556 3864 amdam.
604 3799 654 3864 Ex
671 3800 776 3885 quibus
795 3801 1001 3886 colligentibus
1018 3800 1103 3864 nobis
1121 3799 1255 3864 existen·

84 3915 149 3967 tem
171 3903 262 3967 lilium
280 3905 356 3990 apud
379 3904 557 3967 existentem
577 3913 689 3987 patrem
708 3903 799 3967 luisse
816 3901 855 3966 ita
872 3903 1102 3966 ratiocinanturc
1134 3899 1254 3966 Utrum-

84 4027 159 4069 nam
179 4007 329 4089 quodiam
349 4017 423 4084 erat,
448 4027 484 4068 an
506 4005 582 4090 qnod
599 4005 725 4068 nondum
742 4013 806 4067 eret
825 4014 871 4067 est
886 4005 1037 4088 genitum?
1058 3999 1136 4068 Nam
1155 4002 1181 4068 si
1195 4002 1253 4066 iam

83 4118 176 4186 erat,
202 4109 348 4192 quomodo
372 4107 502 4192 genitum
525 4109 591 4170 estt
635 4103 669 4170 Si
696 4126 768 4170 vero
791 4104 1002 4190 genitumst,
1027 4105 1172 4191 quomodo
1194 4103 1254 4169 iam

82 4210 177 4272 erat?
199 4211 300 4294 Atque
318 4209 372 4272 boo
388 4210 424 4272 ab
442 4209 542 4272 eadem
553 4207 685 4273 vanitate
702 4210 865 4292 prolectam
884 4219 932 4272 est
947 4229 1021 4292 qnae
1038 4207 1069 4271 in
1085 4208 1255 4292 quaestiun-

82 4313 166 4376 culis
187 4311 336 4376 rolutatur
357 4322 387 4375 et
410 4310 545 4375 sublimia
568 4321 745 4375 consectans
764 4331 798 4374 ac
822 4311 964 4374 coelestia
981 4310 1098 4375 curiose
1117 4329 1254 4394 persecu·

83 4424 159 4476 tans
177 4411 246 4476 boni
265 4413 350 4478 efficit
373 4413 455 4480 nibil.
500 4411 568 4479 Nos
596 4423 694 4477 autem
716 4411 761 4478 sie
783 4432 837 4477 eos
864 4413 1063 4507 alloquemur:
1097 4409 1254 4484 Undenau
