3228 4934
325 187 389 262 082
751 203 874 260 ειυσυι
891 203 1061 260 mama

325 317 515 406 ἆριδμιῖντδ
531 317 617 407 ἅγιον
632 326 749 405 πνεῦμα
769 327 823 388 τοῦ
840 327 931 402 θεοῦ,
961 321 1012 390 διδ
1031 321 1065 388 τό
1082 319 1174 408 βητδν
1187 320 1239 403 τό,
1269 319 1317 390 Δι’
1334 317 1431 389 τότοῦ
1450 347 1491 388 τει

326 421 424 488 πάντα
442 424 568 510 ἐγένετο,
591 421 654 490 ῦπδ
668 431 722 490 τοῦ
739 427 832 492 εἰπεῖν
851 423 898 491 δτι
913 423 1035 504 Πάντα,
1058 429 1198 512 μηδαμοῦ
1215 422 1302 502 όντος
1316 422 1374 491 σῦν
1394 421 1491 492 πόσιν

328 523 555 612 όριδμουμένου
570 532 625 592 τοῦ
639 523 729 614 δγίου
744 524 920 610 πνεύματος.
944 519 1021 613 ’Λρα
1036 536 1112 614 γοῦν
1124 530 1176 594 καλ
1189 530 1393 611 διανοηθῆναι
1405 525 1492 607 όφεέ-

326 636 401 707 λετε,
422 626 514 711 ἢκαλ
530 626 616 706 ἄλλος
629 654 673 704 τις
689 632 795 714 χείρων
810 627 895 711 όμῦν
908 631 1024 714 ἕτερος,
1046 627 1167 698 παλτόν
1192 631 1349 714 ιιπατέρα
1366 627 1419 694 διδ
1434 635 1492 698 τοῦ

327 735 398 798 υἱοῦ
417 731 585 818 γεγονέναι,
605 729 682 796 κατὰ
699 729 753 814 τήν
772 733 950 815 βλάσφημον
967 729 1052 816 όμοῦν
1066 729 1223 800 όιτόνοισν.
1271 729 1408 814 ηὉμοῦ
1429 729 1489 819 γδρ

325 832 593 918 συμπεριληπτικός
608 834 687 900 ίστιν
703 831 722 900 ό
744 833 832 920 λόγος
846 834 973 915 φόσκων
987 833 1024 900 τῦ
1045 832 1142 902 πόντοι
1162 832 1201 902 δι’
1217 831 1311 902 αότοῦ
1326 836 1491 922 γεγονέναι.

327 941 370 1004 El
383 939 415 1004 δέ
429 935 607 1021 βλάσφημον
622 938 691 1022 περλ
708 944 761 1002 τοῦ
778 934 891 1022 πατρός
906 941 1074 1022 λογίζεσθαι
1087 936 1120 1003 τό
1143 941 1280 1004 τοιοῦτον
1299 938 1354 1002 κοιλ
1375 933 1490 1022 μωρόν,

327 1039 359 1106 τό
382 1039 489 1124 ὅμοιον
510 1040 561 1106 καί
584 1040 635 1103 έπλ
658 1047 723 1114 τοῖς
743 1041 969 1123 διανοουμένοις
990 1042 1039 1106 ἒπλ
1061 1047 1116 1108 τοῦ
1131 1037 1219 1136 όγέον
1232 1036 1412 1121 πνεύματος,
1433 1045 1491 1106 τοῦ

328 1141 382 1208 σῦν
403 1143 496 1228 πατρλ
519 1139 744 1226 δρνδμουμένου
765 1143 814 1208 καλ
838 1145 903 1230 υέρῦ.
948 1145 992 1209 Εἰ
1009 1140 1067 1228 γδρ
1088 1133 1127 1226 ἦν
1148 1147 1208 1208 τόν
1227 1142 1409 1228 γεγονότων,
1431 1139 1490 1206 οῦιι

329 1243 367 1310 δν
389 1251 431 1334 τρῖ
452 1241 577 1332 οἰκτίστῳ
599 1246 690 1325 πατρί
711 1245 762 1310 καλ
784 1247 841 1332 υἱῷ
863 1241 987 1334 όιττίστφ
1009 1252 1236 1329 συνηριθμεῖτο·
1259 1241 1315 1310 ἄλλ’
1340 1241 1388 1310 ότι
1409 1239 1491 1310 ῦκτι·

204 1376 257 1422 ηις.
270 1365 318 1410 τεο.
331 1341 401 1414 στόν
415 1349 494 1416 ἐστιν
511 1355 747 1432 συναριθμεῖται.
791 1344 871 1413 Ελιτε
891 1345 964 1433 γδρ,
982 1346 1180 1424 Ἀπελθόντες
1192 1350 1350 1430 βαπτίσατε
1364 1347 1408 1422 είς
1422 1343 1489 1412 ὅνο-

327 1477 370 1532 μιι
386 1447 516 1536 πατρός,
538 1451 590 1516 καί
607 1453 694 1528 υἱοῦ,
716 1451 768 1515 καλ
783 1447 870 1536 δηίου
890 1448 1067 1534 πνεύματος.
1112 1455 1188 1526 Πῦς
1201 1449 1235 1514 δέ
1251 1444 1371 1514 κτιστδν
1392 1451 1440 1531 εἴη
1456 1445 1489 1516 τό

327 1560 443 1636 πνεῦμα
458 1551 491 1618 τό
510 1550 755 1638 μαρτυρούμενον
775 1551 837 1632 ότι,
863 1551 916 1618 Ἐκ
934 1559 988 1622 τοῦ
1011 1549 1125 1636 πατρός
1143 1549 1349 1637 ἐκπορεόεται,
1379 1553 1433 1618 καλ
1456 1553 1490 1618 ln

326 1663 380 1724 τοῦ
395 1656 471 1738 ἐμοῦ
486 1655 643 1738 λαμβάνει,
671 1650 710 1720 δι’
731 1646 769 1722 οὗ
792 1657 844 1724 καί
861 1653 883 1738 ἡ
899 1659 991 1722 τελεία
1008 1661 1070 1722 τῶν
1088 1652 1261 1740 όνδροὶπων
1283 1657 1417 1738 σωτηρία
1438 1655 1491 1720 ιταλ

326 1761 468 1844 δυσαρκος
483 1760 640 1840 οἰκονομία
659 1759 701 1832 είς
721 1765 820 1822 πᾶσαν
834 1761 988 1824 δικαίωσιν
1009 1755 1181 1843 λπληροόδη.
1215 1754 1336 1840 Ἔηρισε
1354 1753 1415 1842 γὰρ
1436 1753 1489 1822 αῦ-

326 1859 379 1929 τόν
398 1859 545 1943 πνεόματι
560 1857 651 1947 όγίφ,
682 1861 756 1941 φησλ
773 1857 795 1942 ἦ
812 1857 914 1947 γραφη
931 1861 1000 1945 πτρλ
1017 1867 1072 1926 τοῦ
1089 1863 1203 1945 κυρίου.
1251 1855 1316 1926 Οότι
1331 1857 1370 1924 δν
1386 1859 1420 1924 δέ
1435 1857 1490 1941 τήν

326 1967 472 2049 λυσαρκον
497 1965 672 2043 οἰκονομίαν
694 1959 749 2027 σῦν
771 1967 812 2050 τῷ
832 1969 896 2051 θεῷ
917 1962 996 2050 λόγῳ
1019 1959 1179 2046 ἡνωμένην
1202 1962 1245 2037 είς
1266 1965 1337 2043 μίαν
1357 1959 1490 2046 θεότητιι

326 2068 437 2151 ἔχρισεν
459 2061 589 2148 όπατήρ
605 2067 755 2146 κτίσματι,
785 2061 842 2130 ἀλλ’
861 2062 964 2148 ἐπειδὴ
983 2068 1036 2146 μία
1053 2066 1130 2130 ἐστίν
1148 2060 1281 2149 ἡτριολς,
1303 2068 1371 2149 τρία
1386 2065 1490 2144 τέλεια,

326 2172 378 2251 μία
395 2165 519 2250 θεότης,
543 2168 603 2234 έδει
616 2168 648 2231 ἐν
665 2173 707 2255 τῷ
725 2169 782 2256 υέρῦ
804 2169 1047 2249 Ηοίιισνομιιτῦς
1065 2174 1152 2235 τοῦτο
1169 2167 1324 2252 γενέσθω,
1347 2169 1399 2234 ἵνα
1414 2193 1490 2234 παν-

326 2269 434 2340 τόπασι
452 2270 631 2352 δοξαζομένη
654 2270 685 2334 έν
703 2266 814 2334 ἅπασιν
831 2275 930 2359 νοηδῇ
952 2267 1089 2355 ἡτριῦς·
1119 2267 1260 2354 καθάπερ
1283 2267 1360 2336 κατὰ
1381 2278 1491 2337 πασιίν

324 2380 384 2439 τῦν
400 2373 540 2458 αἱρέσεων
556 2372 623 2457 περί
639 2369 807 2454 πνεόμυτος
824 2370 1015 2457 διηγούμενοι
1035 2370 1073 2439 οῦ
1089 2377 1175 2455 μίαν,
1197 2368 1235 2438 οῦ
1253 2369 1310 2438 δόο
1324 2377 1490 2459 μαρτυρίας

325 2477 526 2562 είςενέγκαμεν
544 2473 590 2539 ότι
613 2479 691 2539 θεοῦ
715 2475 775 2540 ἐστι
800 2481 918 2556 πνεῦμα
941 2472 997 2540 σῦν
1017 2477 1106 2559 πατρί
1130 2476 1181 2542 καλ
1202 2477 1260 2562 υίηῖ
1283 2474 1489 2558 δοξαζόμενον,

325 2575 462 2644 διιτιστον
487 2579 539 2643 καλ
563 2573 708 2662 ἄτρεπτον
731 2579 783 2641 καὶ
805 2578 921 2642 τέλειον.
963 2573 1096 2654 Ἐξέπεοι
1117 2578 1150 2644 δέ
1173 2573 1265 2644 καλό
1287 2579 1356 2663 περὶ
1378 2576 1488 2644 τοῦτον

326 2687 387 2748 τῦν
408 2678 658 2762 φιλονεικούντων
677 2679 764 2766 λόγος
786 2676 806 2744 δ
825 2676 896 2746 καθ’
918 2680 1041 2746 έαοτῦν.

199 2965 266 3036 3²⁹·
281 2962 325 3030 'ff'
413 2984 510 3054 Πόλιν
528 2988 560 3054 δέ
578 2990 620 3062 τίς
642 2985 696 3062 τδς
718 2983 806 3063 δλλας
824 2983 923 3052 αῦτῦν
947 2988 1036 3065 λέξεις
1053 2985 1179 3064 έαυτοῦς
1202 2990 1360 3072 έπιδῦμεν.
1409 2989 1489 3054 Φασλ

324 3088 381 3176 γδρ
398 3088 488 3156 πόλιν
502 3086 535 3157 τό
554 3087 645 3172 δητόν
660 3086 716 3156 οόιι
740 3087 867 3175 εὐλόγως
881 3091 1067 3172 κατέχοντες,
1089 3088 1136 3155 δτι
1151 3088 1243 3167 αότδς
1260 3093 1320 3173 δφη
1346 3087 1488 3175 όσωττὶρ,

330 3197 365 3258 Τί
381 3216 417 3273 με
432 3192 524 3277 λέγεις
545 3189 679 3276 όγαδόνς
711 3187 753 3266 εἷς
768 3193 845 3256 ἔστιν
864 3189 982 3278 όγαδδς
998 3187 1016 3259 ό
1031 3191 1120 3270 θεός,
1143 3194 1193 3258 καλ
1212 3190 1365 3279 όφοόρισεν
1380 3190 1488 3260 ἑαυτόν

325 3296 465 3362 ἐντεῦθεν
480 3291 541 3360 αἰπό
558 3300 611 3376 τῆς
625 3300 680 3358 τοῦ
695 3291 806 3376 πατρός
830 3291 934 3370 οόσίας
949 3318 979 3362 τε
998 3297 1050 3360 καλ
1065 3291 1265 3372 δποστόσεως.
1314 3292 1355 3360 To*
1372 3296 1407 3362 δέ
1427 3302 1488 3360 πᾶν
1599 3339 1600 3346 1

326 3399 387 3462 έστι
403 3399 563 3482 γελοιοῦδες.
608 3398 653 3460 Εἰ
665 3393 722 3481 γδρ
746 3392 764 3462 ό
785 3404 912 3462 τοσαῦτα
935 3389 1007 3480 ἡμῖν
1033 3394 1137 3483 όγυδδ
1154 3395 1329 3480 πεποιηκός
1342 3395 1404 3464 οῦκ
1418 3395 1488 3484 ιῖγα·

324 3497 383 3576 θός
398 3496 466 3586 παρ’
484 3493 589 3575 αὐτοῖς
606 3503 752 3583 κρίνεται,
775 3501 824 3564 ιιαλ
840 3504 885 3574 τίς
897 3501 939 3565 δτι
954 3498 1063 3566 τοῦτου
1078 3498 1302 3586 μοχθηρότερος
1319 3502 1382 3582 τίη,
1404 3497 1452 3567 ότι
1469 3495 1488 3566 ό

325 3601 464 3678 δεδωκός
479 3604 533 3684 την
549 3599 650 3684 ψυχὴν
671 3600 767 3668 αὐτοῦ
780 3599 857 3685 όπλρ
879 3609 938 3668 τοῖν
952 3599 1127 3688 προβάτων,
1158 3598 1177 3669 ό
1191 3608 1227 3692 τῇ
1246 3603 1368 3690 έκουσίηι
1382 3601 1486 3691 γνόμη

325 3702 423 3770 ίλδοδν
448 3706 491 3779 είς
516 3703 548 3770 τό
572 3712 698 3781 παθεῖν,
728 3700 746 3769 ό
768 3699 894 3788 α’παδης
916 3703 990 3781 θεός
1006 3701 1063 3784 τόν,
1093 3704 1140 3771 ότι
1161 3703 1194 3772 τό
1211 3704 1267 3787 την
1286 3700 1405 3788 δωρεοὶν
1419 3701 1488 3787 ἡμῖν

325 3803 526 3890 ποιησόμενος
540 3813 599 3872 τῦν
618 3803 851 3890 δμαρτημῦτων,
881 3806 927 3874 δτι
945 3804 1031 3885 ότδς
1049 3807 1141 3885 ίόσεις
1156 3809 1319 3884 ἐπιτελέσας
1342 3809 1377 3872 έν
1398 3809 1486 3872 παντλ

321 3906 453 3997 Ἰσραὴλ,
483 3907 549 3976 όέιτ
565 3916 618 3992 τῆς
641 3907 736 3974 αὐτοῦ
753 3909 942 3995 αἰγαδότητος
957 3918 1100 3976 τοσοῦτον
1122 3911 1209 3997 γένος
1231 3917 1292 3976 τοῖν
1314 3907 1487 3991 ἀνθρώπων

324 4010 569 4098 περισυναγαγοδν
591 4014 623 4078 έν
646 4009 826 4097 όγαδότητι,
858 4010 876 4078 δ
897 4021 952 4096 τῆς
981 4009 1170 4098 όγαδότητος
1193 4009 1339 4099 πρότονος
1361 4013 1415 4080 καλ
1436 4018 1488 4094 τῆς

325 4113 444 4199 είρήνης
461 4114 626 4193 δεσπόζων,
657 4111 675 4179 ό
698 4111 760 4182 δνω
786 4118 819 4181 έκ
836 4113 950 4202 πατρός
972 4113 1090 4202 δμαθδς
1102 4112 1206 4201 λόγος,
1236 4116 1269 4180 ἐκ
1289 4121 1344 4180 τοῦ
1365 4114 1488 4201 αἰγαδοῦ

324 4216 437 4303 πατρός
451 4219 678 4302 γεγεννημένος,
707 4215 843 4295 όδιδοῦς
858 4216 974 4304 τροφὴν
991 4225 1064 4285 πᾶσι
1081 4219 1187 4304 σαρκὶ,
1218 4213 1235 4284 ό
1254 4214 1417 4302 ἐνεργήσας
1438 4217 1488 4284 διν-

323 4319 461 4407 δρόποις
474 4321 525 4385 καί
542 4327 617 4385 πᾶσι
631 4328 694 4396 τοῖς
708 4317 760 4386 ὑπ’
777 4318 872 4386 αῦτοῦ
887 4322 1108 4408 γεγεννημένοις
1123 4327 1214 4386 πῦσιυ
1231 4316 1417 4406 δγαδότητα,
1432 4319 1486 4386 οῦτ

360 4443 399 4494 11.
416 4441 515 4510 πνεῦμα
532 4443 583 4494 oud.
597 4443 694 4507 Βίκδλς.
960 4443 998 4496 12
1016 4441 1079 4510 έμοῦ
1096 4443 1287 4496 οιτοδοοελοδεί
1302 4443 1434 4496 αδΡιίον.
1445 4445 1487 4494 δὀ-
