3176 4930
385 257 521 310 raanan
537 259 601 312 uss.
614 259 646 312 ιι.
663 257 746 310 uon.
760 258 781 308 1.
799 255 899 308 ιιιιιιι.
916 256 1008 308 uxrv.
1211 238 1273 308 315

208 377 294 464 Quod
312 379 389 443 enim
407 378 565 444 absurdam
582 379 633 458 sit,
658 397 771 464 poenae
787 377 853 442 loeo
870 395 978 462 eorpus
994 373 1110 442 animae
1126 385 1191 462 post
1207 395 1275 464 peo·
1311 383 1371 448 cap.

117 491 219 546 ntum
238 493 373 566 tauquam
389 482 537 548 vineolam
561 481 652 546 inisse
674 482 881 560 coustitutum,
906 489 937 544 ut
955 477 1069 543 addicta
1086 491 1202 542 mortuo
1223 499 1276 564 ge·
1298 452 1390 503 '‘LV''

118 585 213 648 reudo
230 584 326 650 anima
343 604 425 648 mero
443 585 567 670 quodam
582 584 715 670 supplicii
733 603 843 668 genere
858 602 893 646 ao
907 581 1086 666 sempiterno
1102 601 1142 646 ex
1158 581 1274 646 iliorum

117 687 260 773 opinione
274 687 438 768 erueietur,
462 687 567 751 videor
580 687 650 751 iilud
673 688 813 752 haetenus
831 685 946 750 abunde
961 684 1137 770 copioseque
1155 684 1275 748 demon-

116 801 244 854 strasse.
288 788 391 872 Quare
415 790 536 854 minime
559 787 721 854 eohaereus
748 810 783 852 ae
810 787 959 874 probabile
984 787 1102 850 videtur
1121 787 1217 870 laquei
1239 809 1274 852 ae

116 891 229 955 viaeuii
246 892 341 956 instar
356 913 424 956 esse
439 913 566 979 eorpus,
591 892 620 954 in
641 893 717 975 quod
732 893 845 954 animas
865 892 938 954 deos
956 889 1089 975 supplicii
1106 909 1212 954 caussa
1230 889 1274 954 ai·

116 994 276 1058 nilominus
298 994 428 1074 inserat,
452 1015 524 1079 quas
549 1015 566 1058 e
589 995 677 1058 tertio
700 995 785 1058 eaelo
806 993 984 1072 deturbarit,
1008 991 1084 1076 quod
1107 992 1273 1057 mandatnm

116 1115 205 1160 sauna
222 1095 273 1162 ilio
293 1097 323 1160 iu
342 1098 408 1162 loeo
425 1097 573 1161 violarint.
621 1093 699 1180 Quid
725 1107 771 1161 est
787 1097 884 1177 enim,
908 1117 966 1181 quo
985 1105 1044 1160 tam
1066 1105 1178 1159 temere
1201 1094 1287 1158 haee·

116 1199 155 1261 ab
172 1197 231 1264 iilia
246 1200 388 1264 affirmata
405 1199 576 1285 persuaderi
593 1199 727 1283 possint?
760 1196 835 1264 Cum
853 1197 1025 1286 praesertim
1043 1197 1113 1261 nihil
1131 1196 1274 1260 eiusmodi

115 1298 254 1364 Psaimus
272 1301 321 1366 itte
340 1302 507 1380 contineat,
532 1301 649 1366 tametsi
665 1323 718 1386 per
733 1303 793 1366 vim
817 1303 880 1366 eius
904 1301 1080 1366 sententiam
1098 1300 1273 1383 detorquere

116 1405 285 1468 eoneoturi
329 1405 388 1468 Sed
408 1405 509 1468 eudem
528 1404 576 1470 illa
590 1403 682 1468 verba
699 1404 769 1482 libet
781 1405 902 1482 afferre,
927 1425 984 1488 quo
999 1403 1114 1467 iliorum
1130 1404 1274 1487 iuterpre-

117 1505 192 1569 tatio
215 1527 302 1590 quam
323 1506 459 1570 inanibus
481 1507 521 1572 sit
544 1509 654 1572 referta
676 1507 782 1572 fabulis
805 1517 963 1593 appareat,
990 1506 1040 1591 qui
1063 1505 1273 1587 seripturarum

115 1617 230 1672 seeum
251 1608 474 1692 intelligentiam
498 1610 663 1695 repudiant.
709 1609 794 1675 Haeo
813 1610 890 1674 enim
911 1609 963 1672 iiio
984 1609 1012 1672 in
1030 1605 1150 1673 Psalmo
1173 1607 1275 1691 legua-

117 1721 185 1774 tur:
208 1713 343 1773 Prodasti
353 1733 404 1773 aas
419 1715 504 1786 deas,
529 1718 599 1792 apae
610 1735 662 1774 aos
677 1719 862 1787 eaamsirasta',
886 1717 962 1774 saera
975 1717 1155 1774 enuntiantur
1170 1728 1275 1791 argeu-
1287 1724 1369 1781 m.
1382 1725 1415 1772 sa

117 1824 197 1874 um:
221 1817 365 1876 radurdn'
376 1835 428 1876 aas
443 1819 472 1876 ia
491 1817 635 1896 loqueum,
663 1821 789 1896 posuisti
801 1817 998 1878 trr'dalutr'oaea
1012 1817 1041 1878 ia
1058 1819 1141 1877 ιὶιινιο
1157 1825 1272 1876 nostro.-

117 1920 283 1997 a‘arpoara’ata'
303 1919 427 1980 domaires
452 1937 538 1998 anper
564 1922 657 1998 sapito
682 1931 798 1980 norma.-
830 1923 1010 1982 ῑναιιιιιιὺιιιιι
1032 1939 1087 2000 per
1106 1923 1215 1999 ignem,
1246 1929 1278 2007 et

116 2039 234 2099 apuam,
259 2029 288 2079 et
301 2022 538 2081 edormiunt-air
553 2021 747 2103 refrigerium.
795 2017 910 2103 Quibus
928 2019 1025 2085 statiua
1045 2019 1195 2098 adiiciunt,
1220 2018 1276 2084 Hit

115 2119 236 2182 animae
251 2120 437 2184 sermonibus
454 2130 585 2199 utuntur,
611 2144 685 2208 quae
705 2122 736 2186 in
749 2145 856 2209 eorpus
870 2124 952 2188 velut
964 2125 993 2188 in
1010 2124 1157 2208 laqueum,
1181 2143 1198 2186 e
1215 2133 1276 2186 ter·

116 2221 159 2286 tio
179 2222 264 2286 eaelo
282 2221 330 2285 obi
351 2233 382 2285 et
398 2219 556 2288 Paradisus
572 2235 635 2304 est,
660 2227 695 2289 ad
717 2239 866 2290 certamen
886 2227 999 2291 delatae
1017 2237 1096 2291 suot.
1141 2223 1218 2289 Nam
1237 2224 1274 2288 iis

115 2325 238 2404 verbis,
266 2329 457 2388 diuam'or'maa
470 2345 526 2407 per
539 2331 633 2408 spaera
651 2341 681 2390 et
695 2351 812 2410 apuam,
838 2341 889 2394 aot
909 2329 1024 2392 animae
1042 2338 1205 2392 maternum
1223 2347 1276 2412 per

116 2440 236 2494 uterum
254 2426 283 2490 in
306 2427 537 2494 annemundum
559 2430 699 2494 transitus
718 2431 910 2517 exprimitur,
935 2433 1010 2516 qood
1029 2429 1058 2494 in
1076 2440 1157 2494 tanto
1173 2428 1275 2494 ineen-

116 2530 168 2593 dio
184 2540 273 2612 atque
286 2530 409 2594 humore
425 2541 574 2611 versetur,
594 2542 646 2597 aut
658 2533 788 2599 eiusdem
806 2535 837 2597 in
852 2533 928 2598 haue
944 2535 1061 2597 vitame
1076 2533 1160 2597 eaelo
1177 2533 1274 2616 lapsus

117 2634 303 2710 ostenditur,
327 2631 358 2696 iu
377 2655 434 2717 qno
455 2653 519 2699 oum
543 2633 621 2719 ignis
640 2636 730 2701 veluti
750 2639 863 2718 fontes,
889 2648 948 2701 tum
969 2637 1064 2716 itiam,
1089 2655 1165 2720 quan
1186 2655 1275 2720 supra

114 2737 406 2815 firmamentumest‚
430 2757 571 2821 aquarum
590 2739 647 2802 rina
667 2739 838 2826 copiamque
853 2739 1035 2804 transmittit.
1072 2735 1185 2802 Contra
1202 2757 1276 2821 quos
1400 2815 1404 2824 1

115 2837 218 2902 visum
230 2849 277 2902 est
293 2835 362 2902 miti
377 2839 538 2925 disputare.
581 2840 647 2926 Age
663 2843 773 2926 itaque,
798 2841 986 2926 Aglaophon,
1011 2852 1041 2904 tn
1057 2861 1110 2925 pro
1124 2841 1182 2906 iliis
1199 2860 1274 2926 qnae

115 2939 220 3006 afferri
243 2939 280 3003 ab
301 2941 338 3004 iis
361 2953 485 3026 possunt
505 2943 695 3028 respondeas.

206 3039 344 3128 lapsioris
365 3043 443 3108 enim
459 3042 620 3125 Paradisus
638 3047 704 3126 itte,
728 3047 764 3110 de
783 3068 840 3131 quo
857 3047 888 3110 iu
913 3047 1005 3131 primo
1028 3053 1130 3110 nostro
1153 3056 1275 3131 parante
1291 3045 1388 3166 'lippi'

115 3145 226 3210 deieuti
245 3146 352 3210 inimus
371 3147 498 3212 eximius
515 3148 629 3232 quidam
647 3148 824 3214 hauddubie
842 3149 896 3212 hau
912 3149 942 3212 in
960 3161 1038 3212 terra
1057 3149 1139 3213 loeus
1158 3161 1220 3226 est,
1245 3160 1276 3212 et

114 3249 155 3312 ad
173 3246 350 3332 exquisitam
368 3250 510 3332 quandam
528 3271 563 3314 aa
577 3249 816 3317 iucundissimam
838 3253 950 3339 piorum
972 3251 1101 3336 requiem
1123 3251 1275 3316 habitatio-

115 3371 246 3436 nemque
262 3361 407 3415 secretus.
452 3349 585 3416 indidem
599 3375 687 3438 porro
702 3353 805 3440 Tigris
822 3367 852 3419 et
867 3354 1031 3441 Euphrates
1049 3364 1205 3438 ceteraque
1222 3353 1275 3417 du-

116 3454 198 3518 mina
214 3453 449 3539 prodeiseuutur‚
475 3473 597 3540 quorum
613 3457 642 3519 in
660 3458 859 3522 continentem
878 3469 1007 3522 nostram
1028 3457 1226 3522 derivationes
1240 3477 1275 3520 eo

118 3559 266 3622 deenrsus
284 3557 447 3622 exundant.
493 3556 563 3622 Nou
588 3559 714 3625 enimin
733 3573 828 3625 terras
852 3583 870 3626 e
892 3561 975 3625 coelo
994 3561 1111 3646 delapsa
1134 3558 1276 3644 praeeipi-

115 3669 194 3724 tuut.
241 3655 350 3744 Neque
366 3661 443 3723 euim
462 3671 571 3725 tantam
590 3681 730 3746 aquarum
745 3665 850 3730 molem
871 3685 935 3728 eum
953 3663 1064 3747 ingenti
1083 3683 1123 3726 ex
1141 3661 1200 3725 alto
1222 3661 1277 3724 im·

114 3769 189 3850 peta
207 3763 376 3848 depressam
392 3763 541 3828 sustine-re
558 3775 641 3830 terra
660 3767 815 3852 potuisset.
861 3763 922 3830 Sed
941 3785 995 3830 neo
1017 3765 1165 3849 apostolus
1183 3762 1276 3828 Para·

116 3865 217 3930 disum
242 3863 330 3928 tertio
354 3865 385 3928 iu
410 3866 494 3929 ooeio
516 3867 657 3947 enlioeat,
688 3859 713 3932 si
738 3871 803 3953 quis
824 3869 901 3933 iliius
920 3871 1010 3932 verda
1033 3867 1129 3931 subtili
1153 3868 1274 3951 quadam

114 3967 314 4050 intelligentia
329 3977 484 4052 penetrare
501 3971 604 4056 possit.
650 3973 734 4046 Nona}
760 3973 865 4056 iuquit,
889 3975 1025 4034 iomanem
1038 3981 1150 4052 mptum
1164 3975 1203 4032 od
1218 3982 1275 4032 rer-
1286 3981 1429 4039 noestam

115 4078 189 4135 triam
212 4073 335 4147 eoelum,
365 4083 394 4132 et
415 4077 531 4136 eundem
549 4079 618 4137 nom·
636 4077 788 4150 immitem,
817 4077 876 4136 siae
896 4080 925 4136 ιἰι
951 4095 1084 4156 empore,
1113 4077 1172 4136 asiae
1192 4085 1277 4136 aaa

113 4197 240 4256 coeptu,
264 4178 333 4236 deus
347 4181 419 4251 aest,
444 4181 573 4257 quantum
595 4187 695 4257 raptus
711 4189 756 4239 est
770 4182 799 4240 ιἰι
815 4181 991 4239 Paradisum.
1038 4173 1154 4258 Quibus
1176 4178 1276 4242 verbis

115 4280 176 4342 dno
192 4276 249 4342 sibi
271 4276 391 4342 usnimi
408 4279 549 4342 momenti
567 4281 712 4366 patrinatu
728 4279 891 4365 signifieat,
916 4301 981 4342 oum
997 4279 1041 4344 bis
1058 4279 1211 4367 perspieue
1227 4301 1275 4345 es·

117 4392 167 4446 set
191 4391 376 4464 assumptus,
407 4382 530 4466 primunt
555 4383 672 4453 tertiam
693 4385 724 4451 io
748 4383 880 4462 eoelum,
911 4381 1016 4448 deindo
1038 4383 1068 4448 iu
1089 4381 1273 4452 Paradisum.

151 4519 176 4571 2.
194 4521 305 4572 Furtum
320 4515 393 4586 paui.
