3168 4926
371 303 507 359 ranunrr
524 307 587 360 ura.
602 309 635 360 u.
650 307 733 362 rou.
750 309 770 361 r.
786 307 939 360 ursam.
1193 294 1233 360 63
1314 274 1317 280 ’

108 435 152 488 ret.
191 421 280 509 ltaque
297 423 481 505 Matthaeus,
505 447 570 492 cum
584 426 612 492 id
627 449 715 492 onum
729 429 936 513 exposuisset,
961 428 996 492 de
1011 427 1117 513 spiritu
1131 439 1234 492 sancto

109 538 243 610 susceptam
264 529 344 592 illum
374 530 579 614 eugenitem,
614 531 649 594 de
675 531 899 594 circumcisione
926 529 1031 609 tacuit,
1066 551 1121 594 nec
1150 531 1236 594 ullam

108 650 186 692 earum
204 651 297 696 rerum
318 630 415 716 attigit
437 653 511 716 quae
533 644 602 696 ante
622 633 771 696 biennium
790 632 977 710 acciderunt,
1009 631 1061 696 sed
1078 611 1235 717 Magdrum

108 731 197 796 deum
211 735 359 800 enarravit
373 735 544 814 adventum,
568 736 810 820 quemadmodum
826 735 999 800 verissimus
1016 735 1062 799 dei
1077 757 1177 800 sermo
1192 749 1236 800 te-

107 844 192 916 statur3
219 859 282 901 cum
302 837 417 902 scilicet
434 850 541 919 tempas
562 861 579 900 a
596 841 694 918 Mogr's
711 842 866 920 eequalrr'm't
879 843 1017 913 Herodes,
1043 861 1077 902 ac
1099 839 1387 908 nosochomium.

107 958 163 1020 qnae
176 950 344 1025 apparuerat
360 953 497 1004 accurate
511 940 678 1004 sciscitatus
694 951 751 1005 est.
786 941 833 1005 Ad
850 941 921 1005 baec
937 939 1093 1026 Magorum
1108 963 1236 1006 comme·

106 1052 195 1104 memte
209 1042 381 1128 responsio,
405 1043 440 1108 de
457 1044 566 1106 duobus
582 1049 665 1106 onar's
681 1056 711 1105 et
724 1046 819 1126 ahfro:
843 1053 874 1106 ut
891 1044 1038 1108 diversum
1055 1043 1091 1106 ab
1108 1065 1145 1108 eo
1163 1055 1235 1108 tcm-

104 1163 145 1226 pas
164 1163 223 1208 esse
245 1156 362 1210 constet
388 1146 463 1230 quod
486 1143 585 1210 Lucae
610 1145 780 1210 narratione
804 1167 856 1210 sua
880 1147 1052 1231 complexus
1075 1158 1132 1210 est.
1178 1146 1235 1211 llic

104 1243 163 1308 eninr
182 1268 250 1331 quac
273 1258 341 1312 ante
361 1247 508 1312 biennium
529 1249 598 1313 illud
616 1259 701 1333 gesta
717 1249 777 1312 sint
790 1248 926 1334 exponit.
972 1248 1014 1311 At
1030 1246 1200 1312 Matthaeus
1216 1271 1233 1313 a

104 1347 230 1412 nativitate
244 1351 343 1414 statim
361 1353 396 1414 ad
415 1353 575 1414 secundnm
593 1373 700 1415 annum
718 1371 751 1416 sc
769 1352 909 1431 contulit,
933 1361 965 1414 et
981 1373 1056 1434 qnae
1073 1363 1138 1436 post
1153 1352 1235 1415 bien·

102 1447 163 1512 niam
177 1453 335 1516 acciderint
349 1453 488 1518 declarat.
535 1453 620 1538 Quod
639 1452 774 1518 llerodes
790 1454 888 1518 animo
904 1463 1059 1540 reputans,
1083 1466 1234 1539 postquam

102 1546 166 1634 llagi
181 1554 233 1617 alia
252 1554 302 1618 via
319 1557 532 1636 discesserunt,
557 1558 586 1620 in
603 1557 650 1620 illa
667 1555 820 1620 infantium
838 1557 922 1620 turba
937 1556 1115 1643 deprehendi
1130 1579 1236 1643 pueru-

101 1653 145 1716 lum
164 1656 235 1720 illum
260 1670 349 1743 atquc
372 1659 496 1724 interfici
522 1681 609 1745 posse
634 1659 810 1724 crediderat.
863 1656 994 1722 lnlantes
1017 1659 1094 1723 euim
1117 1674 1387 1738 omnes,stama‚re.

100 1767 218 1842 quotquot
230 1761 260 1824 in
276 1782 348 1845 agro
365 1759 591 1826 bethleemitico
609 1763 717 1839 lorcnt,
741 1783 757 1824 a
772 1761 880 1824 bimatu
895 1772 926 1824 et
938 1760 1014 1824 inira
1028 1762 1114 1826 iussit
1127 1762 1234 1841 occidi,

100 1860 127 1920 ad
144 1861 211 1924 illam
236 1885 331 1948 usqua
348 1865 424 1926 diem
446 1885 502 1949 qua
517 1865 592 1950 apud
614 1885 647 1928 sc
664 1861 746 1948 Magi
767 1863 902 1927 luissent.
948 1861 1074 1948 Exque
1093 1867 1157 1948 quis
1175 1887 1235 1928 uon

99 1961 178 2026 rideat
191 1975 249 2029 tum
268 1987 335 2029 cum
354 1963 437 2051 lllngi
458 1977 604 2030 venerunt
622 1967 760 2030 bimulum
786 1966 876 2030 inisse
898 1969 1040 2051 puerum?
1084 1963 1234 2051 Siquidem

98 2083 125 2126 ea
138 2066 174 2129 rei
187 2079 288 2152 gestae
302 2070 433 2132 narratio
447 2069 600 2134 veritatem
616 2069 707 2154 ipsam
722 2068 943 2134 accuratissime
957 2070 1149 2134 demonstrat.
1181 2067 1235 2133 Et-

97 2167 158 2231 eoim
172 2165 263 2234 Lucas
287 2193 429 2256 puerum,
453 2171 575 2236 simulac
593 2182 757 2250 natusest,
782 2171 880 2234 lesciis
897 2170 1058 2237 involutum
1077 2193 1144 2236 esse
1161 2173 1234 2236 scri·

98 2267 143 2347 lit,
169 2283 196 2334 et
214 2273 244 2336 in
264 2274 400 2358 praesepi
424 2294 459 2337 ac
476 2274 615 2360 spelunca
632 2273 777 2352 iacuisse,
809 2275 885 2358 quod
906 2274 1001 2340 nullus
1019 2275 1049 2337 in
1069 2275 1234 2338 diversorio

97 2369 162 2436 locos
176 2387 263 2440 esset.
311 2374 389 2439 'l'uur
407 2375 483 2440 enirn
500 2397 607 2440 census
625 2375 802 2454 habebatur,
827 2377 921 2461 etqui
937 2376 1079 2440 bellorum
1097 2378 1235 2457 tempori·

97 2471 154 2553 lua,
175 2499 245 2562 quae
262 2478 319 2541 srrb
336 2475 542 2542 Macchabaeis
558 2479 736 2557 extiterant,
761 2479 884 2564 dispersi
903 2480 1030 2557 lucrant,
1053 2478 1158 2562 quovis
1176 2488 1235 2547 ter·

96 2595 174 2642 mmm
196 2591 411 2665 pervaserant,
443 2581 516 2644 odeo
543 2592 573 2645 ut
596 2582 679 2664 parnei
706 2581 824 2646 omnino
849 2578 1008 2644 bethleemi
1033 2591 1232 2644 remanerent.

98 2674 179 2760 Quare
199 2683 230 2748 in
252 2683 381 2768 quodam
406 2684 655 2767 evangelistarum
683 2682 844 2768 exemplari
869 2680 992 2746 navidis
1014 2683 1084 2748 urbs
1110 2683 1233 2764 dicitur;

96 2780 118 2842 ia
135 2785 185 2848 alio
208 2805 283 2849 vero
309 2785 393 2850 vicus
414 2785 592 2871 appellatur,
625 2787 701 2870 quod
720 2807 822 2870 agrum
844 2783 966 2849 haberet
983 2784 1232 2870 augustissimum.

98 2878 155 2948 Cum
169 2887 256 2972 igitur
270 2887 404 2972 Augusti
422 2887 608 2973 imperatoris
621 2889 747 2954 edietum
764 2899 846 2953 esset
860 2888 996 2966 allatum,
1021 2888 1070 2974 qui
1084 2889 1140 2952 hnc
1152 2888 1235 2952 illuc-

95 3007 138 3069 que
152 2991 278 3076 dissipati
296 2999 401 3070 erant,
425 3012 490 3054 cnon
510 2990 626 3055 familiis
641 2991 703 3056 suis
722 2993 758 3054 ad
776 2992 855 3056 illum
874 2991 969 3054 locum
986 2990 1125 3054 censendi
1140 2991 1234 3074 gratia

97 3090 176 3157 venire
194 3094 291 3158 coacti
310 3092 396 3156 facile
415 3093 653 3177 conapleverunt‚
686 3103 717 3156 ut
736 3104 854 3179 propter
873 3093 1020 3157 hominum
1041 3092 1233 3176 frequentiam

97 3191 150 3256 nibil
163 3207 241 3261 esset
261 3195 294 3260 in
313 3195 478 3260 diversorio
494 3196 549 3259 loni
566 3195 711 3261 relictum.
756 3194 830 3260 Post
848 3215 968 3260 censum
987 3216 1059 3259 vero
1078 3193 1235 3278 unusquis·

97 3315 137 3376 que
155 3318 187 3362 eo
210 3299 259 3364 ubi
280 3298 460 3362 domicilium
477 3298 635 3362 collocarat
651 3319 794 3362 reversus.
807 3309 865 3361 est.
909 3295 994 3363 Unde
1010 3297 1108 3362 laxius
1129 3299 1166 3361 ad
1184 3298 1234 3362 ha·

96 3392 217 3466 litandum
237 3401 367 3486 spatium
386 3401 449 3464 luit.
496 3399 600 3486 ltaque
619 3400 715 3487 priore
733 3401 790 3466 iam
809 3421 888 3464 aiano
905 3401 1003 3479 linito,
1034 3411 1063 3464 et
1079 3400 1172 3464 altero
1188 3400 1234 3464 io-

96 3517 179 3583 saper,
210 3503 249 3568 ob
275 3523 380 3568 eorum
402 3513 583 3587 quaegesta
606 3503 665 3567 illic
688 3515 773 3568 erant
789 3502 959 3567 memoriam
985 3523 1021 3568 eo
1043 3513 1233 3588 reperculsa

97 3595 239 3686 domm,
273 3604 361 3668 velut
382 3606 417 3669 ad
440 3605 562 3670 eaodem
580 3606 798 3684 celebritatem,
829 3606 1027 3670 contulerunt.
1073 3603 1141 3689 Quo
1161 3615 1233 3668 tem·

97 3721 149 3782 pore
165 3704 327 3792 llagorum
356 3708 499 3772 adventus
528 3708 670 3772 eiusmodi
699 3709 821 3793 quadam
850 3708 1067 3794 opportunitate
1096 3705 1231 3790 contigit.

98 3799 205 3874 Tametsi
222 3833 286 3874 non
307 3809 338 3872 in
357 3809 458 3873 eodem
477 3811 526 3874 illo
547 3812 681 3876 fortassis
700 3809 864 3876 diversorio
883 3811 1093 3887 versabantur,
1125 3808 1155 3870 in
1175 3829 1232 3892 quo

96 3899 193 3976 badam
214 3935 251 3977 ae
270 3909 432 3997 losepbum
448 3912 654 3998 descriptionis
677 3925 807 3998 tempore
830 3913 974 3978 mansisse
990 3905 1089 3976 Lucas
1109 3921 1233 3976 testatus

97 4019 137 4072 Ν.
171 4012 282 4102 Neque
303 4013 383 4078 enim
399 4011 525 4078 blaciam
545 4015 575 4078 in
593 4015 751 4100 spelunca,
784 4015 832 4080 ubi
848 4024 1021 4101 pepererat,
1046 4023 1230 4099 repererunt,

96 4113 147 4192 ted,
165 4128 194 4181 ut
209 4117 403 4203 evangelium
422 4129 536 4196 namet,
564 4118 650 4182 stelle
666 4117 733 4181 illos
752 4117 870 4182 adeum
887 4117 982 4182 locum
999 4117 1153 4201 perduxit,
1184 4119 1236 4180 aba·

96 4333 174 4403 *lineis
184 4349 295 4409 tenpus,
311 4336 457 4389 declarabat
466 4336 549 4406 ipsum
560 4355 637 4390 excr-
703 4335 728 4390 3.
745 4335 810 4392 κατὰ
824 4334 858 4392 τὰ
869 4340 955 4401 serpe
966 4351 1020 4390 rum
1034 4340 1139 4390 Palania.
1165 4341 1191 4391 la
1205 4341 1235 4390 lt·

97 4407 126 4450 lte
138 4405 214 4460 omae
232 4427 264 4460 ac
281 4408 417 4473 Magorum
431 4405 569 4473 responsio,
587 4413 637 4459 oett.
671 4409 719 4458 bria
730 4413 779 4458 tom
792 4409 878 4470 scripto
891 4421 963 4470 qnam
976 4409 1044 4460 edilia
1055 4413 1119 4458 estol
1134 4407 1178 4460 ael
1191 4404 1232 4460 rol.

103 4470 138 4546 st·
151 4470 349 4532 hummaro
359 4477 411 4528 ced.
420 4476 595 4542 Rhodiaeted.
601 4491 640 4540 pr.
707 4472 732 4528 t.
749 4477 898 4530 Particularia
918 4473 963 4530 ael
978 4478 1103 4530 deleam
1123 4489 1171 4527 ease
1192 4489 1232 4525 aa·

97 4541 263 4600 madramen
279 4547 322 4598 ad.
336 4546 420 4598 eaeo.
672 4547 757 4610 aplcor.
