3154 4930
313 220 375 284 524
738 229 863 284 ειειοτι
880 229 1051 283 εειειιιοιι

314 346 391 412 κατά
403 349 570 429 ἐπιθυμίας
585 345 693 433 γράφει
707 343 726 412 6
741 346 795 429 τὴν
809 348 974 430 ἐπιθυμίαν
988 344 1157 431 έμβόλλοινς
1180 343 1199 413 ό
1211 347 1315 434 λέγων,
1338 345 1402 432 Μὴ
1416 347 1475 412 lu-

313 447 455 539 θομὴσης
470 448 507 514 τά
522 456 576 515 τοῦ
597 453 738 532 πλησίον,
768 449 843 531 μηδὲ
866 446 919 514 τόν
940 452 1017 532 βοῦν
1039 448 1149 532 αάτοῦ,
1172 450 1247 532 μηδέ
1264 447 1299 516 τό
1314 445 1480 534 όποξόγιου

184 581 237 626 μς.
253 570 299 614 εσυ
314 551 426 633 αὐτοῦ,
448 552 522 636 μηδὲ
538 548 592 634 τὴν
608 556 767 633 παιδίσκην
789 547 883 617 αὐτοῦ
889 601 898 630 ,
921 551 995 634 μηδὲ
1015 548 1069 618 τόν
1090 548 1183 636 άγρόν
1198 549 1309 630 αότοῦ,
1332 551 1411 633 μηδέ
1425 547 1481 633 τὴν

313 664 438 742 γυναῖκα
460 651 568 734 αὐτοῦ,
590 654 664 736 μηδέ
686 652 742 720 ὅσα
764 654 826 718 ἐστὶ
847 659 888 741 τῷ
910 657 1035 736 πλησίον
1053 673 1124 718 σου·
1153 655 1180 718 εί
1200 652 1317 737 άναιρεῖ
1334 651 1392 736 τὴν
1415 654 1482 719 έπε-

314 761 445 840 θυμίαν,
467 755 524 822 οόκ
546 753 636 832 αάτός
656 761 710 838 τὴς
731 758 895 837 ἐπιθυμίας
916 756 977 821 έστί
997 753 1132 841 χορηγός.

173 879 241 946 Κεφ,
258 874 302 948 06'·
403 865 477 934 Παῖς
492 851 565 936 οὖν,
588 859 678 940 φησί,
700 859 858 924 ἐνετείλατο
880 864 1037 923 σκυλεῦσαι
1062 854 1133 932 τοάς
1149 858 1349 942 Αἰγυπτίους,
1379 857 1415 922 έν
1438 862 1481 942 τρῑ

313 960 421 1038 ἐξιέναι
436 958 547 1037 αάτοάς
563 963 595 1026 έκ
614 964 670 1045 γῆς
684 959 860 1046 Αίγόπτοος
893 963 971 1039 Ναί,
993 963 1108 1034 δίκαιος
1129 957 1185 1045 γάρ
1210 961 1270 1025 έστι
1288 955 1414 1046 κριτὴς,
1438 983 1482 1034 ις

313 1063 364 1128 καί
389 1059 448 1144 ὴδη
473 1061 615 1138 πολλάκις
642 1065 746 1148 είρηκα
768 1064 834 1148 περὶ
857 1059 973 1128 τούτου.
1018 1063 1080 1126 Καί
1101 1063 1152 1125 ἰ’να
1173 1064 1253 1150 δείξη
1274 1059 1321 1126 ὅτι
1341 1059 1400 1126 οὖα
1425 1057 1481 1124 αό-

312 1162 363 1239 τός
383 1164 528 1229 ιένδεῖται
542 1169 671 1244 θυσιῶν,
694 1166 769 1247 φησί
786 1165 818 1230 έν
831 1169 871 1252 τῷ
885 1160 1038 1252 προφήτῃ,
1062 1161 1120 1245 Μὴ
1135 1166 1247 1240 θυσίας
1260 1163 1482 1248 προςηνίγιιιτί

312 1291 380 1349 μοι,
402 1262 487 1342 οἶκος
501 1263 632 1350 Ἰσραὴλ,
654 1263 870 1352 τεσσαράκοντα
887 1267 955 1348 ίτης
985 1267 1061 1350 λέγει
1080 1263 1192 1349 κάριος.
1241 1269 1304 1330 Ίίνι
1322 1255 1377 1330 οὖν
1401 1255 1483 1346 ἦσαν

313 1371 347 1434 αί
367 1366 622 1454 προςφερόμεναις
653 1365 736 1456 αὐτῷ
762 1369 815 1450 μέν
838 1365 915 1434 κατά
931 1365 986 1449 τὴν
1010 1365 1146 1434 διάνοιαν
1159 1373 1219 1432 τῶν
1233 1363 1483 1453 κροςφερόντιαν,

313 1468 402 1546 αότδς
417 1471 450 1535 δέ
474 1467 527 1552 οάχ
547 1471 645 1536 ἕνεκεν
663 1476 717 1536 τοῦ
741 1472 919 1536 2ἐνδεῖσθαι
936 1471 1143 1555 προςτέταχεν,
1173 1467 1233 1536 ἄλλ’
1255 1473 1305 1534 ίνα
1329 1471 1483 1558 συκεθίση

312 1568 372 1637 άπό
391 1577 557 1648 πολυθεΐας
568 1574 620 1638 ἕνα
635 1570 709 1638 θεόν
725 1571 938 1657 ἐπιγινώσκειν.
973 1570 1098 1654 Ἐπειδὴ
1116 1570 1172 1658 γάρ
1194 1570 1274 1657 έοέρα
1287 1574 1397 1646 θυσίας
1415 1573 1482 1636 hn-

312 1675 490 1757 τελουμένας
504 1683 568 1750 τοῖς
583 1683 669 1751 θεοῖς
685 1680 745 1739 τῶν
760 1676 950 1760 Αἰγυπτίαν,
971 1677 1022 1740 ἳνα
1037 1673 1080 1756 μὴ
1095 1672 1145 1740 διδ
1166 1678 1331 1740 ποίοθεΐαν
1349 1675 1482 1758 τραπέν
1567 1741 1568 1748 ¹

312 1804 348 1842 τα
364 1774 462 1843 αὐτόν
477 1773 514 1842 τά
530 1775 664 1861 νοὴματα
677 1781 876 1858 καταλείψουσι
889 1775 942 1842 τόν
956 1775 1049 1859 μόνον
1065 1777 1117 1842 ἕνα
1130 1777 1214 1842 θεόν.
1247 1774 1319 1841 ’Ότι
1333 1775 1366 1841 δέ
1384 1783 1482 1840 8ουν-

312 1876 435 1963 ηγὴοχεν
453 1878 552 1944 αὐτῶν
573 1878 628 1962 τὴν
650 1875 787 1944 διάνοιαν
809 1876 869 1945 άπό
885 1869 1050 1954 πολυθείας
1067 1877 1119 1944 διά
1134 1884 1245 1944 πολλοῦ
1259 1876 1379 1962 χρόνον,
1401 1875 1483 1944 αότο-

312 1986 473 2058 συνεθίσας
496 1977 607 2057 ου’τοάς
630 1989 682 2064 τὴς
709 1979 848 2063 τοιαύτης
871 1977 1062 2058 ὑποθέσεως,
1092 1979 1208 2066 ἔρχεται
1231 1978 1439 2064 παρακόπτειν
1461 1979 1481 2044 ἃ

311 2081 353 2165 μὴ
375 2080 480 2165 ἤθελε,
502 2085 553 2148 καί
575 2085 684 2169 έλεγεν,
697 2081 813 2148 ‘''Iva
786 2110 813 2147 τι
836 2109 888 2164 μοι
907 2085 1030 2164 λίβανον
1052 2084 1085 2148 έκ
1107 2087 1196 2206 Σαβιῖ
1217 2084 1335 2168 φέρετε,
1357 2084 1412 2148 καί
1436 2109 1481 2148 ιιι-

310 2183 453 2268 νάμαμον
475 2186 506 2250 ἐκ
529 2193 583 2270 γῆς
604 2185 780 2312 μακρόθενς
801 2183 842 2268 μὴ
859 2183 995 2270 φάγομαι
1013 2185 1088 2270 κρέα
1110 2183 1245 2270 ταάραν,
1268 2181 1386 2267 ὴαίμα
1407 2183 1482 2269 τρό-

310 2315 372 2373 γοιν
396 2291 517 2413 πίομαι,
548 2295 641 2354 ταῦτα
665 2287 720 2375 γάρ
744 2285 800 2353 οόκ
823 2285 977 2370 έξεζὴτηοα
1009 2289 1043 2353 έκ
1064 2293 1125 2352 τάν
1146 2293 1252 2372 χειρῶν
1271 2284 1373 2369 άμοῖν,
1403 2285 1480 2352 cm&

311 2399 408 2457 ποιεῖν
423 2388 500 2474 πρός
517 2389 568 2456 τόν
586 2394 711 2473 πλησίον
729 2387 938 2471 δικαιοσόυην,
962 2392 1011 2456 καί
1029 2385 1173 2472 άλὴθειαν
1188 2391 1312 2456 ἕκαστον
1326 2387 1410 2513 πρβς
1427 2389 1481 2454 τόν
1566 2463 1567 2480 ρ

312 2490 441 2574 άδελρόν
466 2491 569 2558 αὐτοῦ.
614 2489 716 2558 Kal‘
698 2498 773 2581 ορᾷς
792 2491 839 2557 ότι
863 2489 1032 2578 προϊόντων
1048 2499 1109 2558 τῶν
1130 2489 1247 2576 χρόνον
1270 2489 1291 2575 ὴ
1315 2489 1481 2568 όπόστασις
1566 2523 1567 2530 ¹

310 2601 364 2678 τὴς
388 2595 544 2678 δυνάμεως
565 2601 625 2660 τοῖν
648 2599 742 2660 θείαν
764 2591 1018 2671 άποκαλόπτεται,
1049 2591 1090 2670 οἷς
1111 2591 1202 2670 αότάς
1227 2593 1316 2660 πάλιν
1341 2595 1419 2679 λέγει
1439 2600 1480 2680 τρῖ

310 2695 468 2780 Σαμουὴλ,
498 2703 613 2783 Χρῖσον
630 2696 684 2762 τόν
701 2695 804 2762 Σαοάλ
824 2699 867 2772 είς
889 2697 1018 2780 βασιλέα.
1054 2694 1199 2782 Ὕστερον
1214 2697 1247 2762 δέ
1266 2694 1382 2774 αάτοδς
1401 2697 1479 2781 mr

309 2824 351 2882 γει
369 2799 478 2883 λέγων,
506 2796 653 2883 Ἐχρίσατε
668 2799 791 2881 βασιλέα
808 2796 846 2865 οά
861 2795 899 2864 δι’
916 2800 1003 2880 ἐμοῦ,
1026 2799 1079 2862 καί
1096 2796 1255 2884 άργοντας,
1276 2799 1329 2864 καί
1343 2796 1402 2884 έγαί
1420 2796 1477 2863 αι’κι

310 2898 497 2982 ἐνετειλάμην
521 2897 600 2983 όμῖν.
642 2897 714 2966 Ἀλλ’
731 2899 834 2983 ἐπειδὴ
852 2898 993 2983 ἐζήτησαν
1016 2906 1106 2966 τοῦτο
1128 2903 1162 2964 αί
1185 2899 1315 2966 διάνοιαι
1338 2899 1476 2977 mxiv.

309 3001 585 3088 παραμυθούμενος
606 3000 624 3068 ό
641 3001 715 3078 θεός
730 3000 876 3086 Σαμουὴλ
901 2999 952 3066 τόν
968 3001 1130 3086 προφήτην
1145 3004 1257 3088 ἔλεγεν,
1288 3001 1336 3066 Οό
1353 3001 1387 3068 σέ
1408 2999 1478 3068 άπε-

308 3102 448 3187 βάλοντο,
471 3102 528 3170 άλλ’
547 3105 614 3187 ἐμέ,
634 3107 709 3190 λέγει
724 3103 840 3189 κόριος·
870 3100 948 3186 πλὴν
964 3112 1065 3189 χρῖσον
1080 3101 1182 3180 αὐτοῖς
1196 3103 1250 3170 τόν
1264 3101 1388 3180 Σαοάλ,
1410 3101 1475 3168 υίάι
1564 3181 1565 3190 ¹

311 3213 377 3282 Κῑς.
412 3205 527 3294 Ὥςπερ
552 3211 681 3283 παιδίοις
700 3215 817 3290 μικροῖς
838 3208 1081 3292 προςφερόμενον
1101 3204 1134 3272 τά
1149 3214 1249 3286 θεῖον,
1271 3208 1324 3270 ἵνα
1340 3202 1476 3292 βαστόση

308 3305 361 3390 τὴν
378 3307 538 3374 άσθέοειαν
556 3317 616 3376 τοῖν
637 3305 863 3387 α’σθενοόντοον,
892 3310 943 3374 καλ
969 3305 1196 3397 ὄάναθοιπεόση
1221 3305 1254 3372 τά
1278 3309 1395 3391 βρέφος
1415 3304 1475 3372 duo*

307 3416 361 3494 τῆς
376 3408 471 3476 αὐτοῦ
488 3409 653 3486 άσθευείας.
690 3407 768 3476 Εἶτα
782 3412 856 3496 λέγει
872 3407 905 3476 τό
923 3407 1117 3492 τελειότατον,
1142 3414 1237 3475 Θοσία
1251 3415 1293 3498 τῷ
1308 3416 1375 3497 θεῷ
1389 3415 1476 3474 πνεῦ-

308 3541 350 3597 μα
376 3513 635 3597 συντετριμμένον·
667 3517 795 3599 καρδίαν
824 3513 1070 3598 συντετριμμένην
1100 3514 1151 3578 καί
1178 3513 1431 3594 τεταπεινωμένην
1458 3507 1474 3574 ό

307 3614 382 3692 θεός
408 3611 464 3681 οάκ
489 3613 693 3691 ίξοοδενοίσει·
724 3617 793 3694 καί,
826 3611 941 3680 Θάσατε
963 3620 1005 3702 τῷ
1026 3620 1092 3703 θεῷ
1112 3618 1223 3680 θυσίαν
1243 3615 1397 3690 αίαέσειος·
1425 3613 1474 3679 καί

308 3716 365 3784 ὅσα
386 3719 448 3784 ἔστι
469 3717 538 3800 περί
559 3715 671 3784 τούτου
691 3718 793 3803 λέγειν.

1562 3841 1563 3884 ι

166 4040 234 4106 Κεφ.
252 4038 297 4108 ιγ’.
397 4019 475 4087 Είτά
491 4044 566 4106 φησι
582 4020 599 4089 ό
616 4019 708 4148 αάτβς
726 4019 855 4105 Μάνης,
873 4021 1019 4103 Ἠθέλησε
1034 4022 1102 4107 περί
1121 4026 1254 4107 Χριστοῦ
1274 4019 1367 4106 λόγον
1389 4019 1470 4086 έκθί·

310 4133 392 4190 σθαι.
437 4122 621 4208 Ὀλαλὴσας
643 4124 699 4210 γάρ
723 4127 756 4190 έν
778 4131 820 4213 τῷ
836 4121 919 4212 νόμρι
936 4125 1026 4208 μέγας
1043 4120 1181 4206 άληθοίς,
1204 4119 1404 4206 όέκθέμινος
1423 4123 1470 4188 καί

343 4243 586 4297 cn.1,xxn.-
620 4245 643 4298 1
662 4244 784 4302 ίνδιείται
803 4247 872 4296 οοδιλ

307 4325 361 4361 mss.
378 4315 552 4376 συνάραιντο,
576 4321 602 4366 ολ
622 4319 696 4378 paulo
716 4315 873 4378 ιἰιίιοιίίδιυι
905 4316 1054 4376 ιυμιηιοιίιο
1070 4316 1138 4364 litera
1161 4315 1175 4366 ἰ
1200 4279 1350 4378 (έιδειται),
1376 4313 1466 4376 quod·
1561 4281 1562 4357 6

307 4377 449 4433 ίιδιεῖσθαι
469 4397 513 4444 μου
534 4385 599 4446 οιιίρ.
621 4381 757 4436 έισιῖοθαι
793 4383 872 4442 οιιααι
905 4383 988 4432 dehuel
1003 4378 1466 4444 ιίςπιβοαιειαείοπιιοπίοδέσιειιαι

306 4449 449 4510 scripturam
471 4455 548 4502 πίστι
568 4464 618 4502 ιιιι
637 4455 694 4516 ρυιο
708 4465 738 4504 ισ
753 4447 871 4510 ίιδιῑεαι,
905 4453 982 4513 μανίαι
997 4451 1173 4502 matum
1207 4451 1260 4502 Νοιι
1275 4453 1397 4502 mm
1412 4451 1465 4500 αι’·
