3168 4926
349 223 389 295 1⁸
773 243 895 294 ελαοτι
911 241 1082 294 τοιουτου

345 356 383 425 οῦ
400 356 441 441 μὴ
459 356 590 440 μάθητε,
614 359 665 423 καλ
682 359 836 440 βλέποντες
851 361 995 443 βλέψητεη
1023 360 1074 424 καλ
1091 354 1128 424 οῦ
1145 355 1186 440 μη“
1201 360 1290 440 ἴδητε.
1334 359 1396 421 Καί
1414 354 1502 422 άκοῦ-

347 483 401 537 σας
423 459 503 545 παρά
526 467 580 526 τοῦ
599 464 704 546 κυρίου
724 459 820 526 ἐλθοῦν
840 459 916 542 πρός
937 459 989 528 τόν
1006 457 1078 527 λαόν
1096 463 1171 543 ἐφη·
1207 459 1282 524 Τάδε
1299 459 1374 544 λέγει
1391 458 1502 543 κάρτος.

350 560 411 646 Οῦχ
430 560 505 651 δρᾷς
524 562 571 629 ῦτι
588 571 887 648 παρακολουθοῦντος
908 561 927 629 ό
943 563 1046 648 λόγος,
1067 563 1120 628 καί
1137 559 1194 628 οόκ
1211 564 1415 655 ἐξισταμένου,
1438 559 1504 627 οῦτε

348 663 389 741 σός
403 667 590 748 ἐξισταμένης
603 669 736 742 διανοίας
751 663 772 748 ἦ
786 663 908 752 φθογγή
921 663 1094 743 άπεδίδοτος
1117 661 1256 741 οόςαότως
1270 665 1302 730 δέ
1315 664 1365 732 καί
1375 661 1505 746 ’ίεζεκιήλ

348 764 366 834 ό
379 767 461 852 άγιος
473 771 523 834 καί
539 767 696 853 προφήτης
710 765 828 834 άκοῦων
842 765 922 854 παρά
937 773 1044 853 κυρίου
1058 768 1114 846 ότι,
1139 771 1275 850 Ποίησον
1290 774 1401 855 σεαυτῷ
1415 763 1505 848 άρτον

347 872 398 938 ἐπί
411 873 529 956 κόπρου
545 869 745 955 άνθρωπείας,
766 873 856 956 ἐλεγε·
876 875 1051 954 Μηδαμῶς,
1067 867 1164 954 κῦριε·
1187 866 1331 936 οῦδὲποτε
1342 865 1442 936 κοινόν
1456 869 1504 932 καί

348 971 522 1055 άκάθαρτον
536 977 670 1056 είςηλθεν
685 975 726 1050 είς
741 971 773 1038 τό
791 972 884 1055 στόμα
901 1000 967 1056 μου.
1012 971 1172 1039 Γινιόσκων
1186 972 1244 1059 γάρ
1260 970 1314 1055 τήν
1330 968 1366 1037 δι’
1382 968 1506 1052 άπειλόγυ

346 1079 504 1160 λεγομένην
518 1075 594 1160 πρός
611 1073 702 1141 αὐτόν
717 1079 804 1158 δῆσον
820 1073 879 1141 ῦπό
898 1079 1021 1159 κυρίου,
1050 1077 1102 1140 καί
1117 1073 1171 1158 οὐχ
1188 1071 1229 1151 ιός
1246 1077 1277 1140 ἐν
1296 1072 1428 1140 ἐκστάσει
1444 1075 1505 1138 δια-

347 1185 429 1256 νοίας
446 1177 610 1261 φερόμενος
628 1177 798 1260 ἐπεβάλλετο
815 1186 902 1244 τοῦτο
919 1177 1075 1262 πράττειν,
1104 1175 1162 1242 ἄλλ’
1180 1175 1307 1260 4ἠξίου,
1337 1176 1507 1262 ἐρρωμένην

346 1285 420 1364 έχων
434 1281 487 1364 τήν
504 1279 703 1346 διάνοιανκαὶ
718 1287 1018 1366 παρακολουθοῦσαν,
1040 1282 1089 1346 καί
1104 1281 1191 1365 ἔλεγε,
1214 1283 1390 1362 Μηδαμῶς,
1413 1276 1506 1362 κόριε.

352 1392 451 1450 Ταῦτα
462 1381 518 1470 γάρ
531 1381 653 1465 άληθῶς
666 1390 829 1468 προφητῶν
844 1387 876 1449 ἐν
889 1381 964 1471 άγίφ
977 1381 1123 1464 πυεόματι
1133 1385 1302 1466 ἐρρωμένην
1316 1379 1440 1464 ἐχόντων
1455 1379 1508 1464 τὴν

348 1487 485 1553 διάνοιαν
501 1488 551 1551 καί
566 1484 619 1568 τήν
630 1490 820 1552 διδασκαλίαν
834 1488 883 1550 καί
896 1484 950 1569 τήν
966 1484 1115 1571 διαλογήν.
1142 1482 1175 1549 ‘0
1190 1485 1222 1550 δέ
1235 1482 1348 1566 Δανιὴλ
1362 1481 1415 1566 οῦη
1431 1480 1506 1569 εῦρί-

348 1610 445 1654 σκεται
464 1587 561 1672 πάσης
578 1591 720 1665 συνέσεως
739 1591 886 1670 έμπλεως,
917 1589 967 1653 καλ
984 1597 1046 1663 τοῖς
1063 1585 1234 1672 φρονήμασι
1248 1593 1505 1671 παρακολουθοῦνς

348 1689 383 1767 δς
400 1689 435 1756 τά
452 1694 607 1776 αἰνίγματα
624 1699 676 1756 τοῦ
693 1689 971 1776 Ναβουχοδονόσωρ
988 1691 1125 1769 ἐπέλυσε,
1147 1691 1197 1755 καὶ
1213 1687 1232 1753 ά
1251 1691 1362 1764 ἐκεῖνος
1378 1685 1416 1754 δι’
1432 1685 1506 1753 όνει-

348 1792 446 1878 ράτων
462 1793 623 1871 ἐθεάσατο,
646 1794 697 1858 καὶ
714 1791 824 1875 άπέστη
839 1790 889 1858 ἄπ’
906 1789 999 1858 αῦτοῦ
1016 1799 1070 1858 τοῦ
1085 1791 1252 1878 ἑωρακότος
1258 1841 1267 1870 ,
1289 1789 1385 1868 οῦτως
1396 1787 1507 1872 ῦπομι-

349 1896 489 1978 μνήσκει,
520 1897 572 1960 καί
587 1893 641 1978 τὴν
658 1899 789 1961 ἐπίλυσιν
805 1893 898 1971 εόθῦς
912 1897 1053 1978 ἐπέφερεν
1069 1895 1220 1984 ἐρρωμένη
1235 1890 1423 1971 καταστάσει,
1455 1897 1507 1958 καί

348 1995 501 2088 άπερβολῄ
522 2002 713 2082 χαρίσματος,
744 2000 953 2083 περιττοτέρως
973 1997 1028 2080 τήν
1049 1996 1196 2082 φρόνησιν
1218 1999 1291 2080 έχων
1311 1993 1387 2081 ῦπέρ
1409 1991 1508 2060 πάντα

348 2098 528 2186 ἄνθρωπον,
561 2098 611 2166 διά
632 2099 664 2165 τό
684 2099 812 2184 χάρισμα
833 2108 888 2166 τοῦ
908 2097 994 2186 άγίου
1011 2098 1193 2182 πνεύματος,
1222 2096 1256 2164 τό
1273 2103 1395 2179 σοφίζον
1412 2096 1508 2174 ὄντας

349 2200 402 2266 τόν
419 2201 593 2289 προφήτην,
623 2204 675 2269 καί
695 2199 766 2279 τοῦς
787 2202 837 2268 διά
853 2209 907 2268 τοῦ
922 2200 1082 2286 προφήτου
1098 2210 1151 2286 τῆς
1167 2205 1356 2276 διδασκαλίας
1369 2208 1423 2284 τῆς
1438 2199 1507 2282 άλη·

346 2309 434 2380 θείας
450 2307 706 2387 καταξιουμένους.
741 2304 780 2370 “A
800 2306 832 2370 δὲ
851 2297 935 2370 οῦτοι
952 2306 1173 2391 ἐπαγγέλλονται
1190 2301 1404 2389 προφητεύειν,
1436 2300 1508 2368 οῦδὲ

347 2405 562 2484 εῦσταθοῦντες
581 2415 761 2489 φανοῦνται,
794 2405 862 2474 οῦτε
882 2411 1124 2494 παρακολουθίαν
1141 2405 1230 2493 λόγου
1252 2409 1374 2489 ἔχοντες.
1418 2403 1507 2481 Λοξά

347 2508 402 2598 γάρ
418 2509 454 2576 τά
471 2509 541 2596 παρ’
555 2509 654 2577 αῦτοῦν
670 2509 786 2596 δόματα
802 2512 853 2577 καλ
871 2508 1016 2594 σκαληνά,
1037 2512 1090 2577 καὶ
1105 2507 1244 2593 οῦδεμιῦς
1261 2507 1429 2594 ὀρθότητος
1443 2506 1508 2590 ἐγό-

347 2637 430 2694 μενα.

212 2925 281 2997 Κεφ.
299 2924 331 2982 δ’.
436 2915 546 2995 Εκίθῦς
566 2920 622 3004 γάρ
648 2915 666 2986 ό
688 2917 850 2995 Μοντανός
874 2943 980 3004 φησιν,
1008 2916 1102 2999 ’ίδοῦ,
1133 2918 1298 3004 ἄνθρωπος
1323 2915 1390 2995 άςελ
1417 2916 1509 3004 λόρα,

348 3015 431 3104 κάγοί
460 3024 611 3104 ιλ’πταμαι
634 3017 701 3098 ιόςελ
728 3028 889 3108 πλῆκτρον·
919 3020 937 3088 ό
961 3019 1123 3105 άνθριοπος
1144 3030 1298 3105 κοιμᾶται,
1328 3017 1409 3106 κάγοδ
1434 3047 1510 3106 γρη·

350 3127 443 3207 γοροῦ·
467 3121 548 3202 ίδοῦ,
571 3121 676 3208 κῦριός
695 3126 772 3189 ἐστιν
794 3122 812 3190 ό
838 3122 1022 3202 ἐέξιστάνων
1039 3128 1164 3210 καρδίας
1182 3121 1367 3210 άνθροίπων,
1388 3125 1440 3188 καὶ
1464 3127 1510 3189 δι-

350 3221 425 3298 δοῦς
450 3229 574 3310 καρδίας
600 3223 783 3312 άνθρυίποις.
832 3232 883 3303 Τίς
908 3232 1011 3292 τοίνυν
1035 3234 1096 3291 τῶν
1121 3224 1431 3311 παρακολουθούντων
1455 3227 1511 3290 καὶ

226 3361 278 3410 μς.
292 3351 338 3396 m.
351 3323 425 3408 μετά
440 3329 583 3404 συνέσεως
599 3331 763 3412 δεχομένων
778 3327 831 3395 τόν
847 3337 900 3412 τῆς
916 3327 1057 3410 αίφελείας
1069 3331 1158 3415 λόγον
1171 3331 1222 3394 καὶ
1236 3337 1290 3412 τῆς
1303 3331 1417 3396 ἑαυτῶν
1428 3335 1513 3412 ζωῆς

350 3431 563 3512 ἐπιμελομένων
579 3428 616 3495 οῦ
633 3430 847 3517 καταγνοόοεται
863 3439 917 3514 τῆς
937 3430 1076 3514 τοιαότης
1092 3433 1373 3515 παραπεποιημένης
1390 3428 1512 3498 ῦποθὲ-

348 3554 423 3608 σεως
438 3535 489 3597 καί
502 3540 557 3600 τοῦ
572 3533 663 3618 λόγου
680 3541 733 3599 τοῦ
749 3533 911 3620 αόγοῦντος
927 3533 1034 3600 ἑαυτόν
1050 3537 1082 3600 ἐν
1098 3533 1266 3620 προφήταις
1282 3535 1513 3620 καταλέγεσθαι,

348 3633 390 3718 μὴ
406 3637 574 3718 δυναμένου
590 3633 625 3701 τά
640 3635 730 3718 ὅμοια
744 3639 837 3722 λέγειν
849 3635 1034 3722 προφήταιςς
1056 3635 1124 3703 τότε
1138 3635 1194 3723 γάρ
1210 3643 1325 3720 πνεῦμα
1340 3635 1426 3722 άγιον
1441 3637 1514 3703 ἐλά-

347 3745 435 3820 λησεν
452 3740 484 3804 ἐν
500 3735 589 3825 αὐτῷ.
627 3736 666 3803 Τό
684 3736 740 3825 γάρ
756 3742 847 3804 εἰπεῖν
866 3738 1081 3823 3’λδφίπταμοη
1103 3741 1152 3806 καί
1169 3738 1311 3822 Πλήσσω,
1333 3740 1385 3805 καὶ
1400 3745 1514 3826 έΓρη-

348 3845 444 3927 γοροῦ,
465 3843 515 3907 καλ
530 3839 644 3928 Ἐξιστᾷ
660 3840 766 3926 κόριος
782 3845 920 3927 καρδίας,
943 3844 1115 3908 ἐκστατικοῦ
1131 3839 1248 3926 δόματα
1262 3839 1387 3927 άπάργει
1400 3849 1516 3924 ταῦτα,

348 3943 399 4005 καὶ
417 3940 483 4026 ου’γί
500 3950 819 4030 παρακολουθοῦντος,
842 3942 913 4010 άλλά
934 3943 1023 4012 άλλον
1042 3952 1212 4031 χαρακτῆρα
1236 3941 1517 4024 οάποδεικνόοντος

381 4124 407 4181 4.
424 4133 441 4182 1
457 4145 476 4181 τ.
495 4133 642 4216 θερτεοαιαρ
632 4144 706 4186 sest.
937 4139 1053 4200 μαλλον·
1044 4151 1069 4186 ιο
1086 4139 1138 4188 cod.
1147 4137 1243 4199 λλεσλρ.
1261 4139 1307 4186 τι
1298 4151 1324 4186 m
1340 4141 1441 4199 ιιλταφατ
1456 4141 1517 4189 ται·-

382 4197 441 4248 ‘'A-⁹
460 4199 549 4248 Νι-
584 4207 605 4255 Ι.
623 4197 735 4270 ἅπτομαι
750 4205 840 4254 volebat
857 4207 905 4254 6ο-
940 4207 1007 4254 κ’.απτ
1044 4207 1100 4256 Οοιλ
1117 4208 1211 4266 Remus,
1227 4207 1320 4254 αυτίοτι
1337 4207 1445 4268 Ριιουλο,
1462 4208 1518 4256 λια-

345 4267 441 4316 ιαλττυε
459 4269 519 4330 opp.
538 4273 602 4323 criu.
624 4288 649 4334 μ.
666 4273 723 4324 795.
768 4269 907 4338 ἐφίπταμαι
938 4269 1324 4336 καταστασιασάντων
1337 4286 1426 4324 munus
1441 4277 1520 4325 νίσε-
1568 4271 1569 4276 ’

347 4336 398 4384 τοο.
419 4337 492 4384 λἰκει.
939 4346 978 4389 tur
993 4355 1048 4390 ειιτ.
1084 4343 1232 4403 επλμιατοοι
1256 4336 1390 4401 ἐξιστάνων
1408 4344 1520 4403 nunant

381 4399 557 4462 κλεισιάσιν
580 4409 663 4467 νοήματ’
686 4408 806 4457 τυπίσι
831 4409 908 4458 Scali-
940 4422 968 4457 ια
985 4423 1046 4471 ηυοι
1062 4409 1126 4470 infra
1143 4411 1282 4472 λεραιιιντ,
1284 4405 1337 4470 ,καλ
1353 4405 1442 4477 ίξιστᾷ
1460 4411 1520 4465 aaz·

346 4483 401 4530 ραο
414 4475 436 4518 ιλ
451 4471 568 4522 Getam
583 4488 627 4534 ρτο
642 4469 778 4538 λκατάιιον,
795 4476 858 4536 qnod
871 4489 908 4524 τε·
942 4492 993 4540 ριος
1010 4475 1131 4542 καρδίας,
1149 4475 1194 4530 καλ
1211 4443 1379 4530 ίκατάτικοῦ“
1396 4463 1450 4529 eain
