3176 4930
345 220 405 284 324
767 229 889 282 ειυστι
907 229 1077 281 εειεετιυιι

344 346 443 430 αῦτῇς.
478 344 575 424 Ἔθος
589 344 645 432 γάρ
662 343 742 434 αὐτῷ
759 353 907 432 σαρκικοῖς
921 343 974 412 τάν
988 343 1086 421 οῦτως
1101 351 1195 424 ζῶντα
1217 343 1381 430 άνθρωπον
1396 347 1498 433 λίγεια,

343 449 481 535 καθάπερ
500 453 551 515 καί
569 446 699 532 ψυχικῦν
716 445 880 534 άνθρωπον
903 447 954 516 τάν
977 445 1167 534 άπηλγηκάτα
1185 445 1262 534 πρὸς
1284 445 1338 530 την
1356 447 1500 532 άλὴθειαν
1575 495 1576 530 3

344 550 473 619 άτενίσαι
499 554 551 620 καί
573 550 625 617 τάν
648 549 801 633 φωτισμῦν
826 559 879 620 τοῦ
902 556 1075 637 μυστηρίου.
1118 547 1198 615 Ἐπεί
1219 552 1380 636 λεγέτωσαν
1404 553 1501 634 8μηῦέ

342 655 398 739 τὴν
412 653 513 740 ψυχὴν
527 653 676 721 ῦῦνασθαι
697 653 842 732 σάζεσθαι
857 652 889 720 τῦ
910 653 1041 720 σύνολον.
1085 655 1250 739 Γέγραπται
1267 652 1339 740 γάρ,
1369 653 1502 736 Ψυχικῦς

343 759 375 824 δὲ
391 756 556 846 άνθρωπος
572 755 609 824 οῦ
626 759 736 840 δέχεται
752 753 787 820 τά
804 764 857 822 τοῦ
871 755 1041 838 πνεύματος
1056 763 1110 822 τοῦ
1127 763 1213 834 θεοῦ,
1236 760 1332 842 μωρία
1349 754 1405 842 γάρ
1420 755 1501 844 αάτῷ
1575 745 1576 772 ¹

222 877 224 882 ’
343 863 437 942 ἐστιν,
459 858 524 927 ὅδὲ
541 857 738 944 πνευματικῦς
756 861 852 924 πάντα
872 857 1030 946 άνακρίνει.
1064 859 1180 945 Ὥςοτερ
1197 859 1260 923 ἐκεῖ
1273 856 1403 941 ψυχικάς
1423 857 1499 934 είςά-

342 969 424 1050 γεταί
439 989 483 1040 τις
499 965 550 1028 καί
566 960 766 1044 πνευματικάς
784 961 961 1046 ἅνθρωπος,
984 963 1035 1028 καί
1052 959 1071 1027 ὅ
1087 961 1140 1044 μέν
1154 959 1352 1043 πνευματικός
1367 988 1428 1028 τιν
1446 984 1502 1026 σω·

342 1069 483 1150 ζομένων,
505 1062 523 1131 ά
537 1066 569 1131 δὲ
585 1062 715 1150 ψυχικάς
729 1070 788 1130 τῶν
802 1063 1021 1148 ἀπολλυμένων,
1043 1066 1092 1130 καί
1107 1061 1146 1130 οά
1161 1061 1244 1147 παρά
1259 1070 1346 1128 τοῦτο
1363 1062 1401 1146 δὴ
1415 1063 1501 1146 ψυχὴ

342 1169 396 1253 μέν
413 1166 582 1247 άπόλλνται,
606 1166 676 1232 άλλά
692 1169 724 1232 δὲ
741 1166 823 1253 παρά
838 1165 892 1250 τήν
906 1165 1007 1250 ψυχάν
1023 1166 1152 1248 σοι’ζεται,
1175 1165 1254 1231 οῦτω
1270 1163 1307 1248 δὴ
1324 1168 1374 1232 καὶ
1391 1165 1502 1232 ἐνθάδε

343 1268 506 1358 σαρκικοῦς
522 1272 576 1336 καὶ
593 1273 624 1336 ἐν
642 1272 744 1356 σαρξὶν
761 1268 948 1357 ὑπάρχοντας
963 1268 1152 1342 ἀπόλλυσθαι
1165 1271 1267 1354 λέγων,
1286 1269 1339 1334 καὶ
1354 1266 1395 1350 μὴ
1410 1266 1501 1332 δῦνα-

342 1385 416 1440 σθαι
433 1371 534 1461 άρέσαι
551 1381 625 1462 θεῷ,
644 1371 680 1439 οῦ
695 1371 749 1456 τὴν
767 1371 870 1458 σάρκα,
893 1371 963 1438 άλλά
979 1371 1034 1456 τήν
1047 1371 1123 1439 κατά
1142 1371 1237 1457 σάρκα
1254 1375 1400 1438 πολίτειαν
1415 1367 1501 1435 άναι-

343 1486 463 1562 ρεῖσθαι
476 1474 653 1563 ἀγωνίζεται.
697 1472 830 1560 ’Τποβάς
847 1477 879 1541 δὲ
894 1478 944 1541 καί
960 1473 1067 1556 εἰπάν,
1093 1478 1132 1540 Οί
1145 1475 1177 1541 ῦέ
1192 1478 1224 1540 ἐν
1240 1476 1325 1560 σαρκί
1340 1472 1419 1550 ὄντες
1434 1479 1502 1561 θεῷ

341 1577 444 1666 άρέσαι
463 1577 499 1644 οῦ
518 1581 675 1659 δύνανται,
696 1576 811 1654 εῦθέως
827 1579 975 1665 ἐπιφέρει,
1005 1575 1105 1661 ’Τμεῖς
1124 1579 1156 1644 ῦέ
1178 1576 1233 1644 οῦκ
1257 1580 1320 1642 ἐστε
1346 1579 1377 1642 ἐν
1398 1577 1503 1662 σαρκί,

341 1679 412 1748 άλλά
439 1684 470 1748 έν
491 1679 654 1764 πνεύματι,
683 1684 765 1767 εἴπερ
789 1687 904 1764 πνεῦμα
925 1687 1056 1767 Χριστοῦ
1080 1683 1158 1746 οίκεῖ
1178 1683 1211 1746 ἐν
1234 1678 1312 1762 ῦμῖν.
1356 1679 1415 1744 Καί
1439 1676 1503 1760 μετ’

340 1783 455 1871 ὀλίγον,
477 1784 545 1850 Ὅτι
568 1785 599 1849 ῦέ
621 1783 653 1851 τῦ
675 1791 792 1867 πνεῦμα
814 1790 868 1850 τοῦ
885 1786 1049 1870 ἐγείραντος
1066 1780 1162 1866 Ἰησοῦ
1184 1784 1217 1848 έκ
1235 1787 1347 1868 νεκρῶν
1368 1784 1447 1846 οίκεῖ
1469 1783 1504 1846 ἐν

340 1884 428 1970 ῦμῖν,
451 1883 468 1950 o‘
485 1887 598 1973 ἐγείρας
618 1885 746 1972 Χριστῦς
761 1889 794 1952 ἐκ
812 1893 925 1971 νεκροῦν
944 1884 1119 1968 ζωοποιήσει
1135 1887 1186 1952 καί
1205 1884 1241 1950 τά
1257 1883 1355 1967 θνητά
1376 1882 1503 1966 σάματα

340 1986 426 2071 άμῶν
443 1985 493 2053 διά
511 1997 564 2054 τοῦ
582 1991 772 2065 ἐνοικοῦντος
789 1986 881 2054 αῦτοῦ
900 1987 1066 2071 πνεύματος
1088 1991 1119 2054 έν
1140 1985 1224 2071 ῦμῖν·
1246 1985 1306 2073 άρα
1323 1979 1391 2066 οῦν,
1413 1984 1503 2052 3:6⁶2-

341 2093 415 2172 φοί,
438 2087 586 2172 ὀφειλέται
601 2091 686 2174 έσμέν
702 2089 738 2158 οῦ
754 2099 789 2182 τῇ
804 2094 907 2179 σαρκί,
930 2099 983 2158 τοῦ
1000 2091 1076 2158 κατά
1091 2089 1187 2177 σάρκα
1203 2097 1269 2172 ζῆν·
1300 2093 1327 2156 εί
1343 2089 1398 2176 γάρ
1418 2090 1503 2156 κατά

341 2191 436 2279 σάρκα
453 2200 528 2277 ζῆτε,
554 2195 690 2276 ῃμέλλετε
707 2191 919 2278 άποθνήσκειν,
941 2198 969 2259 εί
983 2194 1015 2259 δέ
1036 2193 1220 2276 10πνεύματι
1238 2190 1291 2270 τάς
1307 2192 1427 2277 πράξεις
1443 2201 1503 2258 τοῦ

340 2293 475 2380 σώματος
492 2304 525 2343 ¹¹
538 2303 717 2376 θανατοῦτε,
739 2295 871 2381 ζήσεσθε.
917 2298 1100 2381 Προςεκτέον
1121 2295 1193 2383 γάρ,
1223 2292 1265 2372 οἷς
1288 2293 1342 2378 τήν
1361 2301 1414 2360 τοῦ
1439 2294 1503 2360 σιά-

218 2433 269 2480 pq.
281 2421 328 2470 ιιι.
341 2425 435 2482 ματος
451 2397 529 2485 πράς
546 2397 599 2475 τάς
614 2395 726 2482 ἡδονάς
742 2396 838 2485 ὁρμὴν
859 2403 875 2488 ΙΙ
896 2402 946 2465 καί
964 2396 1029 2484 οῦγὶ
1047 2397 1080 2465 τά
1098 2405 1184 2481 σῶμα
1204 2405 1412 2464 θανατοῦσθαι
1435 2399 1502 2480 έβε-

339 2499 497 2586 βαιάσατο.

195 2622 261 2692 Κεφ,
276 2619 322 2677 ια’.
424 2602 495 2669 Ἐάν
513 2606 545 2670 δέ
561 2602 650 2670 πάλιν
666 2601 900 2690 άνθνποφέρωσι
919 2605 1067 2690 λέγοντες,
1092 2610 1165 2680 Παῖς
1180 2602 1219 2686 δὴ
1237 2595 1293 2670 οῦν
1305 2601 1337 2669 τά
1355 2599 1502 2689 φρόνημα

246 2777 247 2784 ,
338 2715 392 2790 τῆς
406 2705 517 2793 σαρκάς
532 2704 608 2772 εἶναι
625 2709 737 2792 είρηται
755 2709 848 2792 ἔχθρα
865 2708 907 2782 είς
925 2705 1015 2785 vedu
1037 2713 1079 2796 τῷ
1099 2703 1154 2791 γάρ
1173 2704 1257 2796 νόμῳ
1277 2713 1330 2772 τοῦ
1345 2709 1421 2772 θεοῦ
1444 2705 1501 2790 οῦχ

339 2807 545 2890 ὑποτάσσεται,
564 2807 634 2875 οῦῦέ
649 2809 704 2897 γάρ
720 2807 853 2889 ῦάναται,
875 2809 991 2876 λεκτέον
1005 2805 1046 2884 οἷς
1059 2807 1118 2894 ῦρα
1131 2811 1182 2873 καί
1196 2809 1305 2875 ἐνθάδε
1319 2813 1499 2875 διαπίπτον-

339 2935 395 2979 σιν.
441 2909 486 2976 Οῦ
503 2910 560 2998 γάρ
578 2909 632 2996 τὴν
647 2910 742 2998 σάρκα
758 2909 860 2994 αὐτὴν,
884 2909 954 2977 άλλά
970 2908 1003 2976 τά
1019 2913 1159 2997 φρόνημα
1173 2919 1226 2996 τῆς
1242 2909 1353 2998 σαρκός
1367 2908 1500 2976 ῦποτάσ-

338 3025 445 3096 σεσθαι
463 3013 505 3098 μὴ
529 3013 679 3080 δύνασθαι
702 3021 743 3102 τῷ
764 3013 847 3102 νόμῳ
866 3021 920 3080 τοῦ
938 3021 1016 3081 θεοῦ
1040 3013 1187 3092 ῦπέθετο,
1217 3017 1315 3101 ἕτερον
1336 3013 1419 3100 παρά
1443 3012 1500 3097 τὴν

292 3121 297 3130 ’
339 3116 434 3205 σάρκα
455 3115 597 3203 ῦπάργον.
642 3113 790 3202 Καθάπερ
818 3119 845 3181 τί
864 3119 974 3204 ἐλεγεν,
1005 3114 1039 3182 ‘0
1063 3117 1160 3203 ρίῦπος
1183 3125 1238 3184 τοῦ
1262 3115 1422 3201 μὴκαλῶς
1444 3115 1497 3202 άρ-

338 3218 432 3306 γάρου
450 3221 691 3306 καθαρισθένιος
707 3222 748 3296 είς
763 3219 796 3285 τά
812 3222 950 3305 γενέσθαι
964 3227 1071 3297 σκεῦος
1091 3219 1269 3304 ἐπιτήδειον·
1293 3218 1348 3304 οάγ
1366 3217 1499 3286 ῦποτάσ·

338 3343 418 3389 σεται
433 3329 475 3411 τῷ
491 3326 662 3411 δημιουργῷ
669 3373 678 3401 ,
700 3319 770 3388 οῦδὲ
791 3320 848 3408 γάρ
865 3321 1003 3388 δύναται·
1026 3315 1210 3406 ἐκβληθῆναι
1232 3321 1288 3409 γάρ
1307 3321 1401 3389 αῦτάν
1422 3323 1498 3405 πρό·

337 3452 423 3512 τερον
436 3428 487 3492 καί
503 3428 660 3508 ἐκτακῆναι
677 3427 729 3488 δεῖ.
776 3426 837 3489 Καὶ
852 3423 890 3490 οῦ
905 3425 987 3511 παρά
1001 3433 1088 3491 τοῦτο
1108 3425 1160 3492 νῦν
1177 3424 1309 3512 άργνρον
1322 3424 1499 3510 άπεφῆνατο

338 3527 380 3613 μη
399 3527 550 3596 δύνασθαι
566 3531 609 3604 είς
624 3534 731 3604 σκεῦος
746 3537 917 3612 πονηθῆναι
932 3527 1091 3613 χρήσιμον,
1114 3525 1185 3594 άλλά
1200 3527 1234 3594 τά
1250 3533 1400 3613 γαλκοῖθες
1414 3527 1447 3595 τά
1463 3532 1498 3593 ἐν

339 3639 381 3721 τῷ
400 3628 536 3720 α’ργάριμ,
558 3633 610 3698 καί
632 3629 686 3713 τάγν
708 3628 797 3714 άλλην
815 3629 1004 3717 σκληρότητα.
1051 3629 1137 3697 Οῦτω
1157 3633 1209 3696 καί
1225 3629 1259 3696 τῦ
1282 3628 1423 3717 φρόνημα
1442 3639 1500 3714 τῆς

338 3733 448 3820 σαρκός
465 3732 557 3800 είτιιάν
573 3730 610 3799 οῦ
626 3730 679 3814 τὴν
696 3731 799 3817 σάρκα,
812 3736 870 3816 ἐφη
887 3731 928 3816 μὴ
946 3733 1095 3800 δύνασθαι
1113 3731 1335 3800 ῦποτάσσεσθαι
1351 3741 1392 3822 τῷ
1411 3733 1497 3822 νάμηο

337 3843 392 3902 τοῦ
407 3843 501 3918 θεοῦ,
524 3833 595 3902 άλλά
612 3833 645 3900 τῦ
662 3833 803 3922 φρόνημα
821 3833 853 3902 τά
877 3839 909 3901 ἐν
927 3843 964 3927 τῇ
979 3840 1082 3923 σαρκί,
1105 3835 1172 3904 οἷον
1187 3835 1220 3903 τά
1238 3832 1313 3922 πρῦς
1326 3835 1381 3914 τάς
1402 3833 1498 3922 αἰιρα-

338 3942 404 4014 σίας
426 3936 519 4022 αὐτῆς
541 3939 633 4024 λέγων
655 3936 782 4024 ὅρμημα.
816 3937 912 4024 Ὅπερ
938 3938 1078 4024 άλλαχοῦ,
1108 3937 1156 4006 άτέ
1175 3940 1229 4022 μέν
1251 3938 1380 4004 παλαιάν
1399 3937 1497 4022 ζάμην

337 4045 442 4118 κακίας
455 4042 506 4107 καί
521 4045 664 4128 πονηρίας
679 4041 822 4122 ἐκάλεσεν,
845 4045 1025 4129 ἐπισπέρχων
1041 4040 1202 4119 αῦτοιελιῦς
1217 4039 1270 4125 άφ’
1286 4039 1372 4127 ἡμῶν
1387 4039 1497 4108 άῖστιο-

337 4149 442 4223 θῆναι,
465 4141 512 4210 ῦτέ
528 4145 559 4209 δέ
575 4143 667 4228 νόμον
682 4142 979 4231 άντιστρατενόμενον
995 4154 1036 4236 τῷ
1049 4144 1131 4236 νόμῳ
1147 4152 1201 4212 τοῦ
1218 4142 1297 4225 νοῦς,
1319 4148 1372 4212 καί
1387 4147 1494 4227 αἰχμα-

338 4247 497 4323 λωτίζοντά.
539 4244 637 4326 Ἐπεί,
661 4249 688 4312 εί
704 4243 797 4331 αὐτὴν
813 4247 866 4331 τήν
887 4246 983 4335 σάρκα
1003 4251 1079 4336 ἔλεγε
1098 4247 1306 4334 μὴδύνασθαι
1327 4247 1496 4316 άποτάσσε-

339 4353 412 4410 σθαι
428 4353 470 4436 τῷ
487 4346 569 4436 νόμῳ
588 4355 644 4414 τοῦ
667 4356 761 4430 θεοῦ,
783 4357 901 4437 πρῶτον
923 4350 992 4418 οῦτε
1014 4353 1129 4435 μέμψιν
1151 4345 1192 4417 άκ
1211 4349 1448 4438 άσελγαίνοντες,
1472 4351 1497 4436 ἢ

372 4483 396 4538 8.
416 4482 452 4554 μή
468 4483 498 4540 δέ
513 4487 563 4537 οοιλ
580 4501 624 4538 κιο.
642 4491 731 4552 ubique.
959 4489 984 4543 9.
1003 4490 1113 4560 μέλλητε
1129 4494 1183 4544 τοῦ.
1198 4509 1242 4546 τοι.
