3154 4930
363 258 498 310 raanan
516 218 625 312 mesu.
643 261 726 314 nou.
740 261 772 312 u.
790 259 891 316 naua.
905 261 998 314 cxvi.
1201 252 1263 318 ote

102 376 179 444 Dum
197 378 274 443 enim
292 375 468 442 intermissis
486 376 571 440 bonis
589 377 726 462 operibus
742 379 914 458 dormimus,
934 381 999 444 dum
1019 381 1113 444 officia
1133 381 1263 446 institiae
1363 390 1366 396 ’

101 481 293 564 negligimus,
326 479 393 540 duro
418 479 453 542 ad
481 481 658 564 exequenda
685 481 731 545 dei
758 482 894 546 ntandata
921 483 1000 565 vigili
1029 495 1263 568 experrectoque

101 583 198 646 aoiorc
217 601 275 646 nen
290 601 409 658 sumtus,
444 593 513 644 tunc
535 582 565 644 io
585 582 670 646 nobis
694 593 813 666 peecata
840 583 1088 667 proseminautur.
1133 583 1265 650 Videsne

102 694 257 768 praeterea
276 693 306 746 ut
324 684 352 746 io
369 682 423 745 luae
450 682 591 770 parobolae
617 705 766 748 messores
785 685 820 748 ad
841 685 1086 748 concremandum
1109 686 1266 752 fesciculos

101 785 298 870 componant?
341 781 397 848 Dic
414 783 520 862 sodes,
553 783 781 864 oManioltaee‚
807 787 977 850 vinciuntur
993 786 1053 851 illic
1071 787 1203 867 animae,
1228 810 1265 852 an

102 909 166 952 cunt
184 887 281 950 anime
299 906 424 971 corpora
443 887 674 965 comburuntur,
698 907 735 952 an
757 888 839 950 solae
861 889 1005 952 duntaxat
1025 890 1160 952 animae?
1195 887 1266 954 Non

102 991 181 1053 enim
204 987 314 1072 poterit
335 999 384 1052 tua
406 985 458 1052 illa
479 990 515 1052 de
538 987 700 1054 animorum
720 990 896 1073 purgatione
913 1001 992 1054 stare
1011 991 1177 1070 sententia,
1201 1011 1266 1054 eum

102 1093 139 1156 ad
162 1090 337 1175 supplicium
365 1110 399 1152 nc
422 1089 561 1154 iudicium
590 1090 753 1154 tradentur.
800 1089 860 1156 Sed
884 1091 987 1157 deltis
1010 1093 1169 1175 hactenus,
1200 1103 1269 1159 suut

102 1193 179 1258 entim
203 1192 337 1256 veritatis
361 1192 452 1256 verba
474 1191 656 1276 sapientibus
679 1192 752 1256 ltaud
777 1193 914 1260 obscura.

188 1396 276 1462 Aliud
298 1415 413 1480 quoque
436 1396 635 1460 testimonium
660 1399 775 1481 prolert
791 1397 885 1460 saeris
905 1419 922 1461 e
939 1398 1033 1462 literis
1051 1399 1264 1483 depromptum,
1284 1395 1381 1516 ,ga-n

101 1500 186 1564 euius
203 1519 322 1564 sensum
339 1520 406 1563 oum
419 1498 535 1582 ignoret
553 1498 687 1582 penitus,
712 1499 851 1564 salutaris
869 1500 1021 1564 doctrinae
1036 1501 1094 1564 viro
1109 1501 1204 1564 aliena
1221 1501 1266 1564 iu·
1382 1501 1389 1514 '

101 1600 315 1687 terpretatione
334 1600 500 1685 detorquet.
548 1599 593 1664 Eo
617 1600 705 1685 igitur
721 1602 797 1685 quod
815 1623 832 1664 a
849 1603 967 1666 domino
986 1602 1093 1665 dictum
1112 1612 1159 1666 est
1173 1603 1268 1666 aluti-

101 1716 169 1783 tur,
194 1707 276 1766 Venr't
289 1709 423 1784 pra'raeepe
437 1705 633 1765 mundr'dut'ns
657 1715 686 1763 et
708 1707 737 1766 in
760 1726 804 1766 me
824 1726 906 1766 suum
929 1707 1005 1766 nr‘lail
1024 1710 1139 1766 inuenit.
1188 1703 1423 1779 Turntmnnttpt.

99 1807 173 1870 illud
195 1805 339 1890 apostoli,
371 1793 556 1868 Decs'laa'ue
584 1809 677 1868 secet·
694 1811 857 1870 exeaecavit
881 1811 1068 1886 cogitandum
1096 1809 1262 1886 enfidela'rrrn,
1279 1825 1421 1881 auocet.

100 1921 136 1970 eat
160 1930 217 1970 non
239 1913 419 1970 antemnam·
445 1911 534 1970 lucem
556 1910 700 1987 evangelii
719 1911 842 1988 glora'ne.
892 1906 1052 1973 Videamus
1083 1909 1172 1994 igitur
1200 1931 1268 1974 uum

98 2016 238 2090 Princeps
257 2015 306 2072 ille
323 2015 435 2084 mandi,
461 2010 497 2072 de
515 2029 572 2094 qun
595 2008 730 2074 dominus
748 2008 894 2094 loquitur,
920 2011 949 2074 in
968 2010 1066 2074 intima
1085 2011 1266 2076 detrudetur.

98 2117 142 2175 Sa'
155 2118 244 2186 eratin,
269 2112 380 2196 inquit,
404 2114 549 2174 contraeas
559 2113 661 2192 suero,
687 2133 781 2174 omnes
799 2111 909 2176 tradunt
927 2117 966 2174 od
979 2119 1123 2194 rumperem.
1171 2111 1422 2200 Quemtcsmnaaa.

97 2215 195 2300 igitur
211 2214 309 2278 muudi
324 2210 493 2297 Principem
511 2212 657 2296 appellat?
686 2209 720 2278 St
737 2213 896 2292 diabolum,
921 2236 975 2278 cur
989 2211 1117 2278 loannes
1134 2215 1164 2278 in
1179 2235 1268 2278 evan·

97 2316 183 2400 gelio
198 2317 233 2380 de
250 2317 400 2380 salvatore
414 2315 501 2393 dieit,
525 2319 559 2378 In
572 2319 691 2394 propria
706 2321 804 2377 netad?
848 2313 991 2380 Videmus
1008 2317 1084 2380 enim
1108 2317 1181 2380 duas
1203 2316 1271 2382 illas

97 2419 183 2482 inter
205 2438 237 2484 se
259 2417 423 2482 sententies
441 2437 508 2480 esse
527 2416 709 2495 contrarias,
741 2439 805 2482 cunr
831 2426 861 2480 et
883 2419 1034 2502 apostolus
1057 2417 1144 2497 dicit,
1181 2423 1422 2488 retenimento.

98 2525 226 2586 manum
242 2525 272 2584 a'ra
287 2523 411 2599 maligno
425 2524 536 2600 posttea
552 2530 611 2592 est,
637 2529 668 2582 et
683 2518 751 2582 alibi
767 2520 907 2604 scripturn
925 2520 981 2600 sit,
1005 2525 1039 2582 In
1056 2523 1158 2582 mundo
1173 2489 1423 2582 ealon-¹⁰⁸'⁰'⁴’⁴²

98 2638 153 2688 tor
176 2635 249 2686 erat.
295 2619 419 2688 Fierine
443 2631 540 2706 potest
565 2621 650 2684 ambo
677 2631 709 2684 ut
734 2620 794 2686 illic
818 2621 904 2685 simol
929 2622 1099 2686 resideant?
1142 2620 1220 2686 Nam
1243 2623 1268 2686 si

97 2730 225 2790 mundas
246 2731 276 2788 a'n
298 2727 424 2804 malagna
439 2736 514 2786 tonas
529 2735 572 2784 est
589 2728 718 2803 posa’tue,
742 2724 808 2807 quis
827 2725 856 2787 iu
875 2743 912 2786 eo
930 2724 1071 2789 salvatori
1094 2725 1175 2788 locus
1200 2725 1268 2805 erit,

97 2841 135 2894 ut
157 2829 185 2892 in
206 2826 312 2892 mundo
332 2845 399 2890 esse
418 2825 552 2889 dicatur?
596 2823 724 2888 Rursum
745 2825 865 2909 siquae
889 2826 919 2888 in
942 2828 1049 2890 mundo
1068 2837 1135 2891 sunt
1160 2827 1195 2891 ad
1219 2827 1268 2890 ulii

96 2929 155 2994 dei
172 2929 313 3015 manlium
329 2928 488 3012 pertinent,
506 2927 571 3010 quis
590 2926 638 2989 ille
652 2927 790 3012 princeps
806 2927 852 2990 dei
869 2925 957 2990 rebus
974 2928 1160 2993 dominatur?
1183 2927 1269 3012 Quod

95 3033 127 3098 si
158 3031 275 3116 propria
302 3031 352 3094 lilii
369 3031 415 3094 dei
442 3028 490 3093 illa
515 3027 580 3113 ipsa
599 3049 657 3090 nou
677 3039 764 3108 sunt,
798 3029 931 3113 quisnam
957 3031 1054 3092 mundi
1071 3026 1215 3114 Princeps
1235 3051 1271 3094 ea

95 3153 183 3218 qnae
202 3133 230 3196 in
250 3133 444 3196 mundosnnt
467 3130 1004 3215 propriasalvatorisessepatiaturl
1047 3127 1161 3198 Contra
1184 3152 1269 3210 vero,
1372 3159 1374 3162 ·
1480 3203 1484 3212 ¹

95 3236 129 3302 si
154 3235 278 3298 mundus
295 3234 329 3296 ad
346 3233 496 3296 filiumdei
512 3233 658 3317 pertinet,
682 3253 735 3298 cur
751 3232 787 3295 ab
803 3233 852 3296 illo
869 3229 1007 3318 Principe
1025 3235 1162 3298 mnodum
1185 3255 1272 3298 suurn

96 3336 243 3422 usurpari
263 3336 414 3421 permisit?
446 3333 609 3400 Enimvero
625 3355 788 3420 expressae
803 3355 907 3400 omnes
923 3336 1112 3421 inscriptura
1136 3336 1271 3401 veritatis

96 3459 200 3506 voces
218 3457 331 3502 summa
349 3459 413 3502 enm
429 3435 572 3522 sapientia
592 3436 799 3521 pronuntiatae
814 3448 896 3515 sunt,
920 3459 978 3521 quc
995 3439 1064 3502 illud
1083 3439 1191 3502 domiui
1205 3457 1271 3522 per-

94 3542 202 3606 tinet:
228 3544 312 3604 Vene't
324 3545 445 3603 Ioannes
462 3544 588 3602 r'rtsta'ta'ne
607 3544 679 3602 ntum
696 3550 808 3613 tenens,
832 3561 888 3600 non
904 3545 1093 3615 manducans,
1118 3563 1207 3622 nepae
1228 3543 1269 3602 ti·
1283 3557 1369 3654 ptlatpp.

92 3647 192 3716 bens,
216 3648 374 3718 reddebant,
398 3647 580 3705 Daemonritrn
599 3643 700 3704 tatem
725 3646 801 3702 venit
810 3643 897 3721 fila’us
915 3645 1035 3703 homenis
1052 3647 1225 3704 manducans
1243 3655 1273 3704 et
1315 3642 1321 3667 '

93 3747 222 3818 bum,
247 3757 277 3806 et
290 3748 403 3818 droant,
428 3749 505 3808 Eece
520 3747 601 3806 domo
620 3765 724 3818 norae,
750 3755 778 3804 et
794 3748 996 3824 crlripotutor,
1020 3748 1127 3806 annaeus
1141 3747 1273 3824 publico-

89 3869 210 3912 nmtrn
225 3859 254 3908 et
265 3858 464 3928 peccatorum:
496 3860 525 3908 et
547 3849 703 3927 iustificate
721 3857 764 3907 est
778 3851 918 3926 supientia
940 3848 1050 3927 ufilrl's
1070 3850 1141 3907 snas.
1190 3843 1272 3928 Quac-

90 3949 196 4016 modo
215 3948 285 4012 illud
299 3948 520 4032 intelligendum
540 3957 598 4026 est,
621 3953 786 4030 sapientiam
805 3951 908 4030 afila‘r's
923 3969 984 4010 esse
999 3950 1192 4028 r'astpicctam,
1215 3947 1271 4010 nisi

88 4052 144 4118 alt
170 4049 217 4114 his
241 4049 289 4134 qui
312 4049 476 4136 sapientiae
501 4071 593 4116 voces
613 4048 800 4133 intelligunt?
844 4047 928 4116 Unde
952 4061 981 4113 et
1003 4049 1078 4134 apud
1101 4050 1272 4135 proplietam

89 4152 197 4231 dicit,
228 4157 286 4231 Qud
304 4159 433 4234 swam,
458 4166 488 4215 et
504 4156 648 4234 intelliget
659 4156 746 4228 daeo,
770 4156 902 4233 patentem
921 4165 1017 4216 rectae
1036 4158 1098 4216 aree
1120 4157 1426 4226 commiscuerant.

139 4409 167 4460 2.
186 4401 263 4474 cirine
283 4422 328 4472 pro
347 4399 472 4474 ἀληθείας
494 4411 630 4473 mandentur
646 4413 679 4460 est
746 4408 771 4462 3.
788 4403 838 4462 sind
855 4409 906 4460 ond.
923 4409 1022 4474 llltedlp.

82 4479 230 4536 Pm'ut·

991 4567 1032 4632 33
1051 4563 1069 4604 '¹
