3186 4928
331 222 392 287 400
755 231 1063 284 εεαοτιεειοιτιυιι

331 346 351 429 ῆ
367 353 440 424 ναῦς
451 353 644 430 Σολομῶντος
658 345 709 413 διά
722 355 812 434 τριῶν
826 351 899 414 ἐτῶν
914 348 1052 433 ἐρχομένη
1068 350 1154 434 ἐφερε
1168 347 1278 434 χρυσόν
1293 351 1347 414 καὶ
1362 345 1488 424 όδόντας

333 453 554 532 ἐλεφαντίνους,
578 446 725 536 άροόματά
739 475 769 515 τε
787 451 837 516 καί
855 457 986 530 ταῶνας,
1009 452 1059 516 καλ
1075 448 1111 516 τά
1127 448 1214 530 άλλα,
1236 448 1303 516 όδέ
1321 453 1421 535 ἕτερος
1437 449 1487 536 όρ-

331 577 387 634 μος
404 553 453 616 ἐιιί
470 549 502 617 τό
520 549 658 638 Κάστρον
676 559 728 620 τοῦ
750 560 780 598 ¹¹
795 552 984 636 Κλύσματος·
1013 551 1141 630 ηι’ίλλος
1157 553 1189 618 δὲ
1206 550 1346 620 άνωτάτω
1365 555 1419 619 ἐιτλ
1434 551 1488 635 τήν

330 658 473 739 Βερνίκην
497 657 696 738 καλουμένην,
725 653 763 720 δι’
784 648 821 738 ἧς
840 661 983 740 Βερνίκης
1001 656 1186 739 καλουμένης
1206 657 1257 722 ἐιιλ
1273 653 1326 738 τήν
1347 658 1488 738 Θηβαίδα

331 758 487 842 φέρονται,
509 759 560 822 καί
583 756 618 822 τά
639 754 699 824 άιτό
722 765 775 842 τῆς
791 755 917 841 Ἰνδικῆς
939 757 1079 844 ἐρχόμενα
1100 761 1164 841 εἴδη
1187 759 1277 824 ἐκεῖσε
1298 765 1335 847 τῆ
1356 761 1489 840 Θηβαίδι

331 857 513 942 διαχῦνεται,
535 856 555 942 ἢ
577 862 626 924 ἐπὶ
648 857 703 941 τήν
718 856 929 946 Ἀλεξανδρέων
945 858 995 924 διά
1011 868 1066 926 τοῦ
1087 858 1315 946 ΗΧρυσορρόα
1335 867 1488 943 ποταμοῦ,

332 967 442 1026 Νείλου
462 963 496 1026 δέ
513 987 606 1044 φημι,
627 969 682 1027 τοῦ
697 966 749 1027 καί
767 969 856 1045 Γηῶν
876 965 908 1028 ἐν
928 971 992 1039 ταῖς
1009 971 1139 1048 γραφαῖς
1158 964 1339 1048 φερομένου,
1361 965 1415 1028 καὶ
1438 963 1488 1028 ἐπὶ

330 1069 429 1128 πᾶσαν
441 1070 499 1128 τῶν
516 1067 689 1149 Αἰγυπτίων
704 1070 758 1150 γῆν
774 1067 825 1130 καί
841 1066 891 1131 ἐντί
909 1062 942 1130 τό
964 1063 1134 1148 Πηλούσιον
1149 1067 1277 1151 φέρεται.
1312 1067 1375 1130 Καὶ
1389 1063 1490 1139 οῦτις

330 1167 372 1244 είς
386 1163 440 1242 τάς
456 1163 545 1242 όίλλας
563 1171 706 1253 πατρίδας
728 1165 777 1234 διό
795 1165 948 1251 θαλάσσης
964 1167 1145 1254 διερχόμενοι
1166 1170 1199 1234 οί
1214 1165 1275 1234 άιτδ
1291 1175 1345 1250 τῆς
1360 1165 1490 1250 Ἰνδικῆς

331 1271 380 1339 ἐπὶ
402 1266 456 1352 τήν
481 1265 684 1352 14Ῥωμανίαν
705 1268 925 1356 ἐμπορεύονται.

199 1373 266 1442 Κεφ·
280 1369 312 1444 β’·
419 1377 517 1436 Ταῦτα
535 1373 568 1437 δέ
583 1397 634 1455 μοι
650 1371 726 1437 κατά
740 1374 816 1450 λέξιν
833 1370 1027 1454 ἐσπουδάσθη
1043 1375 1171 1457 ἱστορίας
1185 1371 1270 1458 χάριν
1284 1377 1486 1458 παραδοῦναι,

330 1473 413 1549 όιτως
431 1476 558 1539 καὶτῶν
580 1477 668 1560 ῥιζῶν
688 1473 813 1559 ἑκάστης
829 1472 1002 1550 ῦτιοθέσεως
1018 1477 1049 1540 οί
1067 1472 1248 1560 ἐντυγχάνειν
1268 1476 1424 1551 ἐθέλοντες
1446 1473 1489 1558 μή

330 1574 523 1662 άμοιρήσωσι.
566 1585 625 1642 Δεῖ
638 1576 693 1664 γάρ
714 1576 766 1644 τόν
785 1579 1012 1661 ἐπιβαλλόμενον
1033 1575 1164 1662 διηγήσει
1187 1578 1245 1642 τινί
1264 1575 1339 1643 κατά
1357 1576 1490 1660 δύναμιν

331 1677 554 1762 ἐπιβάλλεσθαι,
576 1682 627 1746 καί
643 1681 676 1746 ἐκ
693 1687 747 1764 τῆς
761 1684 842 1765 ῥίζης
859 1688 1011 1746 ποιεῖσθαι
1029 1679 1084 1763 τήν
1105 1678 1279 1765 είςαγοιγήν·
1301 1682 1388 1746 ἐνθεν
1404 1677 1489 1765 εῦρί-
1578 1687 1579 1766 ή

330 1804 428 1848 σκεται
443 1785 494 1849 καί
510 1780 546 1848 τά
564 1790 617 1867 τῆς
638 1780 794 1866 άληθείας,
815 1780 873 1851 κόν
890 1807 920 1847 τε
936 1781 1037 1871 άτιορῆ
1056 1778 1182 1868 όλέγιον
1204 1778 1360 1865 εόκοσμίας
1379 1779 1488 1867 λόγου,

332 1887 381 1950 καί
398 1883 533 1961 εῦετιείας
550 1892 703 1970 φθογγῆς,
726 1884 809 1961 όιτως
829 1883 890 1950 άιτό
910 1893 963 1968 τῆς
981 1883 1129 1967 άληθινῆς
1149 1886 1278 1970 ίσιορίας
1295 1882 1328 1950 τό
1343 1883 1489 1966 ζητοῦμε-

333 2013 386 2054 νον
402 1995 464 2064 τοῖς
478 1996 610 2064 συυετοίς
625 1984 879 2071 άποδειχθήσεται.
905 1983 955 2051 Ἐν
969 1986 1045 2076 άρχῆ
1060 1991 1162 2053 τοίνυν
1175 1979 1264 2062 οὗτος
1277 1983 1296 2053 ό
1307 1987 1490 2063 Σκυθιανός

331 2087 449 2178 κλοῦτφ
461 2095 557 2179 τιολληδ
571 2092 724 2177 ἐπαρθείς,
746 2093 796 2168 καί
809 2089 952 2174 κτήμασιν
962 2087 1150 2172 ἡδυσμάτων,
1171 2091 1223 2155 καί
1235 2097 1298 2166 τοῖς
1308 2085 1405 2166 άίλοις
1420 2100 1489 2166 τοῖς

331 2189 390 2258 άιτό
407 2199 459 2275 τῆς
471 2189 589 2272 Ἰνδίας,
610 2195 661 2258 καί
675 2184 772 2260 ἐλθόν
788 2194 855 2276 ιτερλ
871 2189 926 2276 τῆν
940 2196 1079 2276 Θηβαΐδα
1092 2195 1135 2269 είς
1155 2190 1309 2275 1’Τψηλήν
1325 2191 1411 2258 νιόλιν
1433 2191 1489 2258 οῦ-

211 2323 261 2368 m·
274 2311 318 2356 ⁶1⁹·
332 2325 373 2367 τω
390 2298 584 2380 καλουμένην,
606 2293 702 2381 εῦροδν
718 2298 780 2362 ἐκεῖ
791 2294 914 2382 γόναιον
932 2296 1150 2372 ’ἐξωλέστατου
1164 2297 1215 2361 καί
1232 2289 1328 2362 κάλλει
1343 2297 1489 2378 στόματος

330 2398 498 2485 πρόοιττον,
520 2395 667 2482 ἐκιτλῆξάν
685 2424 716 2464 τε
739 2395 856 2464 ἀὐτοῦ
876 2395 931 2481 τήν
953 2394 1124 2478 άσυνεσίαν,
1146 2396 1322 2482 άνελόμενός
1339 2422 1370 2463 τε
1388 2404 1488 2464 τοῦτο

331 2500 390 2568 άιτό
407 2508 461 2568 τοῦ
481 2503 627 2587 4στέγους
647 2504 760 2585 (ἕστηκε
774 2499 830 2586 γάρ
845 2497 866 2584 ή
881 2498 1001 2584 τοιαῦτη
1017 2502 1049 2565 ἐν
1065 2508 1102 2590 τῆ
1116 2505 1283 2590 κολυκοίνηο
1297 2497 1489 2584 άσεμνόπγτι)

331 2605 522 2686 ἐτεκαθέσθη
538 2609 579 2694 τῷ
594 2608 722 2693 γυναίφ,
743 2605 794 2668 καί
810 2601 1010 2690 ἐλευθερῶσας
1029 2601 1119 2682 αότό,
1142 2602 1286 2686 συνήφθη
1302 2599 1381 2690 αῦτρῦ
1400 2602 1488 2688 πρός

331 2706 436 2792 γάμου.
482 2705 602 2792 Χρόνου
618 2708 650 2772 δέ
664 2713 774 2774 πολλοῦ
789 2703 1010 2792 προκόπτοντος
1016 2755 1025 2786 ,
1048 2704 1097 2771 διά
1115 2702 1170 2789 τήν
1189 2701 1355 2792 ῦιιερβολήν
1371 2697 1407 2787 ἧς
1424 2701 1487 2788 εἶχε

330 2816 446 2895 τρυφῆς
463 2807 517 2874 οῦκ
536 2806 656 2894 ἤνεγκεν
671 2807 690 2875 ό
710 2805 897 2895 οάλιτήριος,
918 2806 989 2874 άλλά
1008 2806 1050 2886 ῶς
1064 2805 1156 2895 άργός
1169 2811 1221 2875 καί
1234 2805 1309 2885 ἐθδς
1322 2813 1426 2874 κακῶν
1450 2809 1486 2874 ἐκ

329 2919 384 2977 τοῦ
398 2919 539 2996 περισσοῦ
552 2919 605 2995 τῆς
617 2919 734 2999 τρυφῆς
746 2909 873 2997 στρήναν
889 2909 1002 2978 ἐιιενόει
1017 2909 1122 2978 λοιπόν
1134 2909 1210 2978 κατά
1223 2909 1276 2978 τόν
1289 2915 1361 2976 νοῦν
1371 2935 1400 2974 τι
1414 2935 1485 2976 ιιαι-

331 3012 450 3100 νότερον
473 3021 515 3102 τῷ
538 3017 594 3104 βίφ
614 3023 786 3100 ιτροςοῖσαι,
808 3015 860 3080 καλ
875 3011 929 3096 άφ’
947 3016 1055 3080 ἑαυτοῦ
1072 3015 1244 3098 διανοηθείς
1260 3010 1403 3079 ἐπλάσατο
1427 3010 1485 3096 ῥή-
1575 3081 1576 3090 ,

331 3143 407 3199 ματα
425 3123 546 3182 τοιαῦτα
570 3117 627 3184 οῦκ
649 3115 708 3182 άιτό
733 3123 786 3200 τῆς
804 3119 891 3193 θείας
911 3123 1028 3203 γραφῆς
1046 3113 1220 3202 εὑράμενος,
1241 3117 1293 3182 καί
1313 3114 1486 3197 ιτνεῦματος
1575 3123 1576 3130 ’

331 3217 416 3305 άγίου
433 3225 586 3306 φθογγῆς,
608 3215 680 3284 άλλά
698 3215 756 3286 άιιό
772 3225 918 3304 λογισμῶν
933 3215 1124 3304 άνθρωιτείας
1140 3217 1259 3301 φάσεως
1271 3224 1331 3284 τῶν
1347 3221 1485 3284 δειλαίων

331 3320 471 3404 φάσκων,
500 3325 559 3388 τίνι
582 3328 624 3410 τῷ
647 3319 724 3410 λόγφ
750 3319 839 3388 ῦνισα
859 3330 952 3389 κεῖται
970 3319 1006 3388 τά
1029 3325 1061 3388 ἐν
1081 3324 1169 3388 παντί
1189 3328 1230 3411 τῷ
1250 3318 1407 3409 όριζομένφ
1427 3326 1485 3402 τῆς

334 3428 475 3500 οκτίσεως
496 3423 591 3504 κάτει,
618 3425 707 3508 μέλαν
728 3426 780 3490 καλ
800 3421 922 3503 λευκόν,
949 3423 1065 3512 πυρρόν
1089 3427 1140 3492 καλ
1161 3423 1288 3510 χλοερόν,
1314 3419 1409 3508 ῦγρόν
1428 3424 1481 3488 aa}

330 3524 434 3612 ξηρόν,
460 3524 586 3612 οῦρανός
602 3529 654 3592 κάλ
672 3533 725 3613 γῆ,
748 3524 800 3604 νῦξ
819 3527 870 3592 καί
886 3523 998 3612 ήμέρα,
1021 3525 1104 3612 ψυχή
1121 3529 1173 3594 καλ
1188 3533 1290 3612 σῶμα,
1311 3523 1432 3611 άγαθόν
1452 3549 1483 3590 τε

330 3631 381 3698 καί
402 3636 535 3711 φαῦλον,
558 3627 675 3696 δίκαιόν
691 3654 722 3695 τε
743 3630 795 3694 καλ
820 3626 939 3709 άδιιιον,
968 3627 1026 3694 άλλ’
1044 3629 1091 3697 ότι
1115 3628 1234 3706 πάντως
1255 3635 1348 3694 ταῦτα
1368 3629 1404 3694 ἐιι
1423 3626 1482 3692 δόο

331 3740 420 3798 τινῶν
435 3733 617 3816 συνέστηκεν.
659 3729 809 3798 Ἐνειιίσσα
825 3731 857 3796 δδ
873 3735 905 3798 ἐν
924 3739 960 3822 τῇ
982 3730 1073 3798 αότοῦ
1088 3736 1205 3822 διανοίμ
1219 3729 1238 3798 ό
1253 3727 1410 3813 διάβολος,
1430 3731 1481 3796 ἐτλ

331 3844 431 3900 πλεῖον
448 3833 649 3921 7στρατεύσας
661 3831 735 3899 κατά
750 3839 803 3918 τῆς
819 3832 1009 3922 άνθρωιτείας
1022 3834 1150 3918 φάσεως,
1172 3833 1205 3902 τό
1219 3831 1317 3900 δεινόν
1330 3831 1479 3918 φρόνημα,

332 3933 373 4014 ῶς
386 3934 525 4005 ῦττονοεῖν
538 3936 571 4004 τό
588 3935 630 4021 μή
647 3935 682 4002 δν
699 3937 750 4002 καί
769 3935 826 4004 οτό
842 3934 877 4002 όν
896 3935 937 4022 μή
960 3936 1176 4024 ἐιτιγινοόσκειν,
1197 3939 1247 4003 ίνα
1265 3933 1398 4020 πόλεμόν
1418 3961 1481 4002 τινα

368 4196 406 4248 λλ.
423 4195 560 4263 κλίοματος
576 4199 666 4248 volebat
682 4198 726 4248 λοι.
742 4199 853 4260 Soulia«,
925 4191 972 4250 174
985 4212 1034 4261 ιφ,
1058 4202 1079 4247 ει
1099 4199 1133 4248 δυ
1148 4199 1225 4261 Canae
1241 4198 1266 4247 ιἰι
1284 4198 1321 4247 (λλ.
1337 4198 1371 4248 οδ
1386 4198 1476 4258 Sem

366 4263 405 4313 λθ.
432 4257 505 4325 ἄλλος
529 4271 622 4328 uterque
649 4265 699 4316 οοδ.
723 4279 765 4316 τοι.
806 4259 890 4324 ἄλλως
923 4267 1017 4316 ssed-et
1031 4267 1077 4328 λιῆ.
1093 4269 1175 4318 (λιστα.
1193 4279 1212 4316 ε.
1227 4280 1252 4315 υ.

331 4332 394 4382 editi.
497 4341 505 4352 ·
966 4333 1024 4384 Cn.
1041 4335 1074 4384 11.
1100 4363 1133 4374 -
1176 4335 1197 4386 λ.
1214 4327 1308 4400 δψελήι
1325 4336 1376 4386 ωδ
1394 4336 1476 4384 lad
1571 4347 1572 4376 ι

368 4397 405 4450 13.
423 4398 549 4468 χρυσόροα
565 4402 633 4452 οοδδ.
648 4416 704 4452 mss.
720 4406 741 4451 ιι
756 4401 793 4450 εδ.
805 4403 880 4464 φιίιιο.
923 4403 959 4452 ιδ.
975 4417 1013 4464 με.

367 4461 405 4519 14.
433 4468 469 4528 cs.
494 4470 518 4518 δ.
544 4469 644 4520 casaub.
669 4473 694 4520 λιι
716 4469 839 4532 Larum
864 4485 889 4532 ρ.
