3116 4934
338 240 553 335 ιιιιιιιιιιιι.
570 247 601 296 ιι.
617 245 700 298 ross.
715 248 735 298 1.
752 243 939 296 unnnnvu.
1157 229 1216 296 tut

60 365 140 448 plane
158 364 232 427 osee
254 363 357 428 abillo
378 365 565 448 pronuntiatu
580 376 659 428 suot.
704 362 819 442 Recte,
843 364 978 448 inquam,
1003 362 1094 440 dixit,
1119 366 1217 426 omniu

59 472 126 528 nrlr‘
143 471 251 528 trndr'tc
268 481 369 531 sunto
384 480 470 549 petre
488 491 566 542 meo,
590 477 783 550 accurateque
809 488 863 528 nos
887 465 995 529 docuit.
1042 461 1096 528 llle
1118 462 1217 549 itaque

60 591 143 654 supra
169 590 273 632 omnes
296 572 369 636 deus
393 570 514 645 existit,
546 592 610 633 cum
639 568 826 632 nihilominus
853 579 963 652 patrem
987 565 1092 630 babens
1116 587 1212 630 suum.
1322 555 1324 562 ¹

60 669 142 754 Quod
158 671 196 734 iis
212 671 313 736 verbis
335 673 500 758 expressit:
526 677 602 734 Vnde
616 676 655 734 ud
664 683 784 752 putrere.
831 670 872 734 At
891 673 915 733 si
936 681 1019 754 pater
1036 679 1115 734 esset
1138 667 1366 752 ipsc,rnmn.tt,u.

61 795 140 856 quem
165 775 282 836 tandem
306 775 342 838 ad
366 786 494 859 putrem,
520 775 661 852 ostultc‚
686 773 871 838 discederet?
916 770 959 836 lta
985 771 1089 856 quippe
1112 789 1215 832 rursus

61 876 204 959 loquitur:
233 881 470 952 denintunam,
494 883 572 940 secut
590 899 643 957 ego
664 889 693 940 et
714 891 746 937 tu
768 897 852 938 unum
873 897 980 938 numus.
1221 894 1366 949 toronum

140 975 261 1042 Etenim
284 980 428 1066 scriptura
454 979 509 1043 hoc
532 979 713 1064 potissimum
739 999 865 1057 cavens,
889 998 926 1040 ue
947 976 1079 1040 honrines
1102 973 1137 1036 ed
1160 993 1215 1036 en·
1233 981 1292 1049 Cap.
1308 983 1343 1032 x.

62 1091 148 1144 trema
168 1101 304 1167 quaeque
324 1082 496 1160 deflectant,
526 1081 651 1144 medium
675 1081 704 1142 iu
728 1080 862 1144 veritatis
885 1082 943 1143 iter
968 1077 1072 1162 ubique
1095 1095 1214 1138 sensum

61 1182 337 1268 intelligentiamque
355 1183 513 1269 compellit.
560 1180 760 1266 Quamobrem
778 1193 809 1244 ut
823 1180 882 1246 illis
897 1188 1050 1258 occurrat,
1074 1176 1122 1262 qui
1144 1177 1215 1240 alic·

62 1306 156 1348 nume
177 1297 261 1369 patre
283 1285 369 1348 lilium
392 1307 460 1350 csso
483 1285 668 1368 praedicant,
693 1305 767 1368 quac
787 1294 830 1346 est
850 1281 915 1347 Arii
934 1293 965 1346 ct
980 1281 1101 1345 alierum
1119 1290 1213 1343 secta-

62 1409 119 1450 mm
141 1387 262 1472 opinio,
286 1387 329 1450 sie
348 1387 492 1471 loquiture
515 1392 580 1468 Ego
596 1401 625 1448 et
637 1400 722 1468 poter
737 1409 822 1448 mum
838 1407 943 1448 remus.
991 1379 1105 1448 Contra
1127 1401 1369 1460 recommonens.

62 1501 90 1552 ot
107 1512 159 1552 eos
177 1490 299 1552 refellet
314 1493 364 1574 qui
382 1490 506 1554 cundem
527 1509 595 1553 esse
620 1500 730 1574 patrem
755 1499 785 1552 et
808 1488 898 1552 lilium
921 1497 1075 1564 asserunt,
1104 1505 1155 1568 pro
1176 1503 1214 1548 eo

62 1594 131 1676 qnod
154 1590 251 1667 dixit,
274 1595 340 1672 Ego
361 1605 390 1656 ct
408 1604 494 1673 poter·
513 1614 597 1654 unum
620 1613 733 1664 sunus,
758 1591 798 1654 ita
821 1589 879 1654 alio
895 1589 960 1652 loco
979 1598 1131 1671 precatore
1156 1591 1366 1654 Foetes-saner.

61 1701 130 1774 ipsos
145 1707 180 1756 ut
195 1699 256 1756 erint
270 1715 366 1766 anum,
390 1700 467 1756 secut
477 1717 530 1776 ego
545 1707 576 1757 ct
588 1706 619 1756 tu
637 1716 721 1756 unnim
737 1715 843 1754 scurrus.
891 1688 959 1774 Quo
973 1689 1074 1756 Nolito
1090 1690 1213 1774 eiusque

61 1795 175 1858 scholae
195 1796 335 1881 pudorem
353 1797 492 1873 incutiet,
517 1797 583 1860 dum
603 1797 681 1859 illam
703 1794 909 1880 discipulorum
927 1794 1161 1858 coniunctionem
1185 1792 1215 1856 iu

62 1899 183 1962 medium
200 1897 329 1962 ndducit.
360 1894 427 1981 Qua
444 1898 521 1962 enim
538 1899 652 1962 ratione
664 1895 770 1961 Petrus
786 1908 816 1960 et
827 1893 955 1962 loaurrrs
969 1907 999 1960 et
1016 1895 1107 1960 ceteri
1127 1915 1214 1957 unum

62 2021 136 2077 esse,
162 2000 246 2063 velut
260 2000 289 2064 iu
310 2021 398 2064 uuum
416 2000 619 2064 coalescentes
633 2001 804 2084 conlusique
821 2001 998 2085 potuerunt?
1036 1995 1096 2064 Sed
1115 2019 1151 2060 eo
1169 1995 1214 2060 ui·

61 2103 159 2166 mirum
178 2101 228 2166 illa
251 2102 415 2167 dictasunt
437 2103 559 2187 quodie
583 2103 669 2166 unius
693 2101 852 2166 divinitatis
868 2102 1074 2166 couiuuutionc
1097 2099 1215 2164 eadem·
1248 2147 1255 2158 .

61 2223 113 2286 que
135 2205 283 2268 sententie
305 2225 338 2268 oc
363 2205 470 2268 virtute
495 2203 675 2282 consistant,
704 2215 732 2268 ut
758 2225 844 2268 error
866 2205 961 2268 omnis
985 2203 1159 2268 excludatur
1180 2221 1215 2264 no

64 2307 185 2384 lalsitas,
210 2327 285 2390 quae
304 2307 417 2371 utravis
434 2329 474 2371 ex
489 2318 569 2392 parte
585 2318 686 2372 eontra
703 2307 858 2371 veritatem
876 2309 1019 2390 insurgat.
1063 2301 1214 2389 Philippus

63 2429 131 2470 vero
152 2409 305 2494 apostolus
328 2410 405 2474 hunc
426 2409 456 2472 io
478 2410 593 2474 modum
612 2405 762 2474 Christum
787 2408 961 2493 alloquiture
995 2411 1114 2470 Ostende
1134 2407 1366 2486 auditumque

62 2523 164 2590 patrem
180 2523 269 2576 tunm.
304 2507 360 2577 Cui
376 2513 416 2576 ita
434 2511 600 2596 respoudit:
626 2515 684 2591 (lui
696 2517 772 2576 vadet
783 2533 835 2585 me,
860 2515 936 2572 veliet
947 2522 976 2572 et
986 2521 1096 2592 patrem
1111 2529 1210 2570 meum.

64 2610 129 2676 Non
144 2615 234 2694 dixit,
259 2619 324 2696 ligo
338 2635 400 2676 enm
410 2626 507 2696 poter,
532 2614 583 2678 sed
601 2618 665 2688 Me,
691 2615 766 2698 quod
783 2615 858 2676 idem
876 2623 922 2676 est
943 2633 978 2674 ac
994 2611 1139 2696 seipsum,
1164 2611 1214 2706 pd-

65 2713 138 2779 iecit.
184 2713 279 2794 ltem,
305 2721 400 2791 tillet,
427 2715 533 2800 iuquit,
552 2728 674 2797 petrem,
700 2737 759 2780 non
776 2716 874 2799 utique
893 2715 1213 2800 seipsumcommcmo-

64 2829 116 2881 rat.
160 2819 249 2882 atiud
273 2817 350 2882 coins
371 2829 417 2883 est
439 2817 579 2882 articulos
601 2817 650 2881 ille
672 2813 739 2894 edo,
762 2818 838 2883 aliod
864 2837 1026 2902 pronomen
1049 2815 1113 2898 ἐμὲ,
1135 2815 1212 2880 aliud

66 2915 126 3000 lysi,
149 2921 226 2984 eliud
242 2919 301 3002 tet.
333 2919 412 2984 Nom
429 2919 454 2984 si
469 2921 532 3005 ipse
549 2930 633 3005 pater
647 2931 739 2997 esset,
764 2920 875 2984 diceret
893 2921 1038 3004 prolecto,
1061 2924 1126 3002 Ego
1140 2941 1211 2982 curn.

66 3017 159 3101 Quare
176 3044 241 3087 curn
262 3025 325 3109 ipse
346 3035 429 3110 pater
450 3022 569 3086 minime
593 3023 649 3098 sit,
679 3023 731 3088 sed
752 3023 828 3086 lilius
848 3043 920 3086 vere
943 3023 1022 3084 istud
1045 3021 1211 3108 usurpavit:

68 3126 118 3200 Qoe'
137 3129 212 3188 cedet
234 3149 292 3200 me,
326 3131 400 3190 ua'det
424 3138 598 3207 cepionem,
630 3125 666 3188 ad
692 3126 875 3190 refutandam
901 3124 966 3188 Arii
993 3122 1212 3208 blasphemiam,

67 3247 132 3307 quac
154 3227 244 3290 lilium
267 3229 413 3292 alienate
439 3239 531 3313 petre.

141 3327 229 3413 Quae
245 3350 310 3393 com
325 3331 365 3393 ita
384 3331 445 3394 sint
462 3351 497 3394 nc
516 3353 581 3394 cum
603 3351 706 3393 sacrae
728 3349 831 3392 omnes
847 3329 950 3392 literae
967 3327 1042 3392 viem
1060 3327 1145 3394 uobis
1162 3349 1215 3394 ve·

67 3429 152 3494 ritatis
175 3431 342 3496 certissime
367 3432 584 3512 demonstrent,
609 3442 760 3519 postquem
779 3430 909 3495 Noe'tunr
932 3432 1037 3511 istum,
1062 3431 1098 3494 eb
1122 3450 1215 3514 eoque

68 3545 245 3620 propagatam
262 3533 478 3598 Notitianorum
496 3546 623 3615 sectum,
647 3555 705 3598 utra
724 3556 788 3598 cum
807 3533 927 3619 reliquis
948 3533 1124 3617 repulimus,
1148 3553 1214 3619 pcr-

67 3633 124 3698 inde
141 3657 175 3698 ac
196 3637 355 3702 draconem
378 3635 458 3703 illurn
483 3638 531 3722 qui
550 3636 723 3714 ostracites,
749 3636 813 3699 sive
831 3647 997 3716 testaceus,
1020 3635 1142 3713 dieitur,
1165 3633 1214 3718 qui
1303 3705 1314 3726 ο

68 3755 123 3800 rom
138 3739 285 3802 hominem
302 3741 499 3825 persequitur,
524 3759 618 3824 neque
634 3740 664 3802 in
679 3740 814 3803 dextram
830 3760 924 3824 neque
940 3739 968 3801 in
984 3737 1132 3802 sinistram
1150 3757 1214 3822 par·

68 3847 118 3903 teor
136 3841 257 3906 llcctere
276 3863 310 3906 sc
330 3841 389 3906 ullo
409 3843 495 3906 modo
519 3850 632 3927 potest,
658 3841 762 3906 abillo
780 3843 894 3905 demum
920 3843 1042 3925 eiusque
1062 3839 1163 3902 schola
1185 3849 1216 3902 et

69 3938 242 4026 improbitate
259 3943 439 4010 declinantes
464 3947 498 4008 ad
517 3955 633 4008 ceteras
654 3943 752 4006 divina
777 3965 832 4028 ope
858 3945 925 4007 loeti
945 3943 1071 4006 animum
1095 3941 1214 4005 adiicia-

68 4061 140 4122 mus,
163 4057 194 4110 ut
210 4047 383 4132 peregrinas
402 4059 431 4110 et
449 4047 592 4112 absurdas
612 4043 725 4108 dicendi
745 4045 875 4109 rationes
895 4046 1038 4108 adversus
1061 4043 1214 4108 veritatem

67 4144 168 4210 inillis
190 4149 375 4232 excogitatus
397 4160 556 4236 pertexere
577 4169 612 4211 ec
634 4147 812 4230 redarguere
834 4147 991 4232 possimus.
