3154 4930
354 241 490 294 Pauautt
508 243 570 295 ΗΒ.
583 245 614 294 ll.
631 244 713 296 ΤΟΜ.
728 244 765 295 11:
776 244 876 295 utun.
891 245 983 295 LXVI.
1089 259 1091 268 “
1187 235 1245 297 501

90 359 262 439 contineat,
295 361 371 448 quod
394 371 490 426 umen
513 385 590 428 rana
612 374 661 428 tna
689 362 865 448 minimeque
888 363 1051 429 cohaerens
1073 365 1149 430 ratio
1171 385 1250 430 eom·

91 463 222 548 probare
245 464 357 528 nititur.

180 563 290 630 Verum
313 565 368 631 boc
391 568 457 632 loco
473 568 682 654 praetermisso
706 569 741 633 ad
763 567 820 632 alia
844 568 973 632 eiusdem
999 569 1124 634 huminis
1148 571 1250 637 deliria
1265 587 1326 657 cap.
1342 588 1399 640 Lx.

91 669 258 732 orationem
279 672 439 734 conferam.
486 667 638 757 Principes
660 670 701 734 nit
722 680 871 758 postremo
893 670 944 736 illo
968 681 1100 766 tempore¹
1124 675 1248 759 propriis

90 771 212 836 sedibus
228 773 392 838 restitutum
408 773 462 852 iri,
488 795 522 837 ac
538 770 654 837 Patrem
671 774 895 859 suasmetipeius
915 785 1012 859 partes
1037 793 1103 840 esse
1126 797 1248 862 recupe-

91 885 237 939 raturum.
271 873 345 958 Quis
360 886 406 940 est
418 875 468 940 ille
484 885 540 940 lam
558 897 687 961 aequus,
711 887 743 942 ut
761 877 916 963 unicuique
931 878 1005 962 parti
1023 879 1164 942 terminos
1177 899 1247 942 suns

90 977 176 1040 velut
201 978 376 1063 decempeda
397 979 553 1042 metiatur?
595 975 722 1062 Quinam
745 999 818 1042 vero
837 979 950 1062 parebit
965 980 1032 1060 illc,
1064 981 1113 1066 qui
1131 982 1248 1046 veritati

89 1099 128 1142 ae
145 1079 221 1143 bouo
236 1100 348 1145 morem
364 1101 469 1166 gerere
485 1080 568 1144 initio
583 1082 730 1146 uoluerit?
753 1077 787 1144 Si
801 1081 829 1144 id
845 1081 1022 1148 necessitate
1036 1083 1142 1148 bonum
1158 1104 1248 1149 exor-

90 1193 189 1245 turum
208 1181 337 1262 dixeris,
362 1193 393 1246 ut
408 1183 536 1246 iniustus
551 1183 598 1246 ille
619 1181 681 1248 suis
699 1183 786 1248 rebus
805 1195 959 1250 contentus
976 1185 1031 1266 sit,
1056 1206 1111 1252 nec
1126 1187 1156 1250 in
1179 1187 1249 1250 beni

89 1286 311 1369 possessionem
328 1283 451 1350 involet.
497 1281 561 1349 Cur
577 1307 635 1349 uon
653 1287 751 1350 lacere
767 1285 835 1350 illud
852 1287 936 1351 initio
951 1289 1055 1374 potuit,
1080 1289 1247 1376 priusquam

89 1407 165 1450 suae
187 1387 242 1450 sibi
265 1400 363 1472 partes
387 1398 489 1452 esseut
505 1387 646 1473 ereptae?
688 1392 737 1452 An
754 1409 826 1452 vero
842 1390 927 1453 simul
943 1407 1012 1454 ease
1030 1393 1086 1456 dno
1107 1392 1148 1458 illi
1165 1401 1247 1477 pote·

89 1501 260 1574 runt,‚cum
278 1511 361 1556 suam
379 1491 501 1576 quisque
521 1502 633 1577 partem
650 1491 799 1555 obtineatl
826 1491 893 1577 Age
910 1495 1021 1557 verosi
1042 1494 1161 1558 omniuo
1176 1515 1247 1559 sune

91 1593 288 1679 omnipotenti
308 1603 407 1679 partes
431 1593 587 1658 attributae
604 1594 681 1674 sint,
711 1593 784 1658 adeo
807 1605 838 1658 ut
859 1605 975 1659 ceterae
998 1595 1068 1662 nibil
1094 1598 1246 1683 adipsum

89 1696 269 1782 pertiueout,
295 1695 479 1783 omnipotens
496 1695 635 1781 appellari
649 1696 783 1761 desinet?
804 1697 920 1762 desinet
934 1699 1061 1762 omniurn
1077 1721 1144 1764 esse
1160 1701 1245 1780 deus,

88 1798 207 1863 desinet
224 1799 299 1862 malo
317 1799 412 1863 bonus
429 1819 497 1862 esse
514 1799 675 1878 subiectus,
700 1821 764 1864 cum
784 1801 983 1886 unusquisque
998 1821 1051 1866 sua
1066 1823 1099 1866 se
1117 1804 1247 1882 domina-¹

87 1903 173 1964 tione
189 1901 348 1965 contiueat.
381 1897 475 1966 Cuius
492 1921 580 1986 porro
597 1903 689 1966 malua
704 1903 753 1968 ille
768 1904 903 1968 domiuus
919 1905 986 1982 erit,
1010 1905 1036 1970 si
1054 1927 1148 1990 neque
1164 1927 1246 1970 muu-

88 2005 147 2068 dus
169 2005 289 2090 amplius
311 2005 458 2089 supersit,
483 2023 538 2068 nec
555 2005 708 2085 animalia,
732 2007 780 2069 vel
798 2005 931 2070 homines
950 2007 1017 2088 ulli,
1043 2011 1090 2094 qui
1107 2008 1186 2072 illius
1203 2008 1245 2071 di·
1329 2033 1335 2045 ¹

86 2107 164 2170 rioci
183 2107 346 2170 subiacent.
392 2104 552 2171 Praeterea
572 2127 637 2170 cum
657 2107 732 2172 idern
756 2108 805 2173 ille
828 2113 950 2174 materia
968 2111 1054 2175 simul
1071 2122 1157 2196 atque
1180 2133 1246 2177 eor-

86 2209 188 2295 ruptio
209 2208 264 2288 sit,
296 2229 394 2272 nonne
414 2230 484 2294 prae
507 2211 615 2274 ceteris
641 2213 787 2298 eorrumpi
812 2211 876 2297 ipse
897 2213 1016 2276 debuit?
1056 2212 1134 2278 Nam
1157 2215 1181 2278 si
1206 2237 1246 2280 ex

83 2313 138 2378 illo
163 2322 292 2396 tempore
317 2313 422 2376 malrum
452 2323 483 2376 el
505 2312 529 2376 si
552 2313 701 2398 corruptio
725 2315 819 2393 leret,
851 2325 1008 2400 ceteraque
1029 2329 1242 2402 corrumperet,

81 2415 216 2500 seipsum
232 2415 350 2478 minime
367 2414 543 2500 corrumpit,
568 2437 627 2480 uon
647 2417 784 2501 estquod
802 2417 980 2501 corruptioni
999 2417 1158 2482 obnoxium
1176 2419 1245 2483 illud

81 2537 156 2581 csse
178 2516 377 2603 suspicemur,
409 2539 474 2582 cum
499 2518 538 2581 ita
561 2530 726 2604 corrumpat
745 2528 861 2597 cetera,
891 2518 985 2605 ipsum
1005 2520 1169 2585 immortale
1191 2522 1242 2602 sit,

81 2641 143 2683 nec
161 2620 292 2706 extingui
309 2620 414 2708 possit.
456 2619 504 2685 Ex
523 2642 580 2706 qun
597 2632 627 2684 et
646 2621 714 2685 illud
731 2620 874 2706 seqnitur,
900 2643 964 2686 cum
980 2621 1073 2687 solida
1088 2633 1243 2709 perpetua-

80 2742 143 2807 que
163 2723 325 2787 substaotia
344 2733 477 2803 constet,
510 2745 545 2787 ae
564 2735 683 2809 praeter
704 2745 772 2788 sese
799 2735 953 2788 consumat
972 2725 1088 2804 omnia,
1113 2725 1183 2789 nibil
1206 2726 1243 2790 ab

80 2825 136 2889 illo
157 2824 288 2889 relietum
308 2827 361 2904 iri,
393 2827 444 2890 sed
462 2846 527 2890 eum
553 2836 718 2890 ceterorum
737 2828 920 2913 consumptio
941 2828 997 2907 sit,
1028 2827 1086 2892 illis
1104 2829 1175 2914 ipsis
1199 2828 1243 2892 in·

80 2929 204 2992 teritum
234 2930 401 2992 allaturum.
449 2926 648 3012 Quamobrem
676 2929 719 2992 sic
747 2929 826 2993 illius
856 2929 1019 2994 substantia
1049 2930 1240 3014 permanebit,

79 3030 158 3094 nibil
182 3041 213 3094 ut
236 3051 337 3096 eurum
361 3053 436 3116 quae
459 3042 527 3095 suut
548 3032 679 3096 residere
705 3034 849 3117 patiatur,
881 3033 932 3096 sed
957 3034 1020 3098 sola
1047 3025 1262 3118 perseverans'

77 3133 224 3197 universa
241 3134 415 3219 profligabit.
461 3132 538 3198 Nom
564 3135 589 3198 si
606 3153 687 3198 suam
711 3134 740 3198 in
765 3155 832 3198 sese
853 3135 991 3198 malitiam
1013 3148 1170 3218 exerceat,
1194 3158 1242 3201 se-

77 3255 141 3320 que
162 3236 222 3320 ipsa
239 3245 424 3322 corrumpat,
454 3255 512 3298 non
531 3247 627 3321 potest
645 3249 786 3301 constans
808 3237 872 3302 eius
891 3255 958 3300 cese
981 3237 1151 3324 stabilisque
1174 3239 1242 3303 snb·
1310 3281 1314 3292 ·

76 3339 205 3401 stantia.
252 3340 297 3401 Ae
324 3340 429 3402 nedum
455 3338 560 3402 luteris
583 3351 683 3423 posteo
710 3341 904 3427 temporibus,
937 3341 988 3405 sed
1015 3361 1052 3405 ue
1076 3343 1242 3426 praeteritis

76 3435 202 3524 quidem
220 3442 318 3503 leeere
340 3442 450 3523 potnit,
480 3443 549 3525 quin
568 3461 601 3505 se
619 3452 720 3526 suapte
741 3444 832 3529 ipsius
850 3443 980 3528 peruieie
998 3443 1149 3530 exitioque
1171 3465 1241 3508 eon-

76 3543 199 3606 bceeet.
243 3539 395 3608 Eiusmodi
414 3553 484 3608 sunt
499 3543 673 3629 ineptissimi
693 3544 818 3608 bominis
835 3565 929 3629 nugae
945 3567 979 3608 ac
997 3545 1121 3610 labulae.
1167 3543 1240 3628 Qni-

76 3647 139 3708 bns
155 3643 367 3710 animaduersis
385 3647 632 3732 respondentes,
656 3657 775 3712 sanetae
791 3648 837 3711 dei
853 3649 997 3712 eeclesiae
1021 3671 1055 3712 ae
1078 3648 1240 3713 dominicae

76 3747 151 3814 fidei
169 3747 292 3829 alumni,
317 3749 409 3834 qualis
429 3751 572 3836 impostor
594 3749 642 3826 ille
660 3751 699 3814 sit
720 3768 783 3814 cum
807 3749 914 3814 iudicio
932 3761 1032 3814 vestre
1055 3750 1237 3836 perpendite,

74 3852 207 3934 eiusque
220 3851 333 3915 somnia
350 3851 493 3916 deridete.
539 3849 600 3916 Sed
616 3853 651 3916 ad
668 3864 839 3938 argumenta
854 3856 995 3939 quaedam
1010 3853 1239 3935 occasionesque

76 3971 237 4040 perperam
256 3975 294 4016 ex
309 3954 463 4040 scripturis
485 3955 577 4018 sacris
598 3955 635 4018 nb
656 3956 823 4021 nonnullam
838 3955 1055 4021 similitudinem
1079 3975 1238 4042 expressas

75 4056 232 4140 eoulugit,
256 4068 332 4140 quae
351 4079 415 4120 cum
433 4057 509 4121 aliud
525 4057 580 4121 sibi
598 4059 707 4137 velint,
731 4060 806 4123 male
824 4059 861 4122 ab
876 4080 912 4122 en
988 4057 1108 4124 trarinm
1125 4058 1154 4121 iu
1172 4077 1240 4120 seu-

74 4179 147 4222 sum
169 4155 333 4222 tuebuntur.
379 4155 461 4244 Ergo
479 4159 549 4224 baec
562 4162 630 4247 ipsa
652 4161 749 4224 lurtirn
772 4160 807 4223 ab
830 4181 866 4224 eo
888 4080 984 4266 sacti
1004 4181 1021 4224 e
1039 4159 1131 4224 literis
1147 4160 1238 4223 inter-

72 4279 182 4336 versa,
202 4262 282 4324 etad
300 4261 392 4347 ipsius
407 4264 585 4330 seutentiam
599 4264 816 4330 accommodata
831 4263 934 4328 iisdem
952 4263 1050 4328 uerbis
1066 4264 1095 4326 iu
1112 4263 1237 4328 medium

111 4483 138 4538 9.
158 4485 267 4535 uorum
284 4481 317 4551 dri
337 4481 363 4538 ἐν
380 4482 469 4556 ἑαυτῇ.
