3154 4930
362 249 500 304 renenn
517 249 581 303 ern.
597 251 630 302 u.
646 249 729 303 ron.
743 251 774 302 rr.
789 247 891 303 neno.
905 247 999 301 nxvr.
1153 230 1163 251 '
1195 233 1258 299 tut

105 369 183 434 illam
201 370 343 436 erientiao
358 371 571 458 professionem
589 391 744 457 porrorum
761 369 908 455 propriam
925 369 1018 452 magie
1034 387 1101 434 eaeo
1115 367 1256 433 declarat.

107 469 224 538 'l'antue
246 483 292 538 eet
313 473 440 538 bomiuie
463 493 564 553 error,
587 484 617 537 et
638 471 785 558 impietas.

190 572 237 638 lle
253 576 359 639 Adami
383 595 456 640 nero
481 575 673 639 fabricatione
695 575 771 638 idem
790 574 840 639 ille
861 595 926 638 nuru
950 573 1093 658 disputat,
1124 571 1181 638 alie
1203 594 1256 659 pro
1275 585 1410 656 captur.

104 675 171 740 aliie
194 678 296 742 eedem
323 677 441 742 errandi
462 676 580 742 lieentia
600 677 740 763 pertexit.
785 673 838 741 Sin
863 675 940 740 enirn
965 675 1090 753 asaerit,
1121 695 1186 740 eum
1208 677 1257 760 qui

105 777 195 858 dixit,
218 783 367 844 Fuerbnrre
381 783 518 843 domim
538 784 577 843 nd
590 784 740 861 r'mugrirerrr
760 791 885 842 noetmn
907 790 943 870 el·
955 779 1180 872 er'rrrtrnrnnen,
1205 779 1327 854 rud-n...
1339 809 1360 864 ι,
1373 807 1408 853 rr,

105 880 214 946 didieee
228 882 376 964 nounibil,
400 884 498 968 itaque
516 883 706 967 eunoepiaee,
732 886 829 944 Venite
839 883 1003 966 sereniores,⁸
1033 881 1108 965 qnod
1132 881 1163 946 in
1184 883 1258 946 enri-

105 993 190 1068 ptura
205 1005 263 1048 nnn
278 983 403 1069 legitur,
427 986 479 1050 aed
495 985 565 1049 illud
581 985 742 1064 duntaxat,
771 987 920 1048 Foorbrnrre
941 986 1077 1047 bominem
1098 987 1137 1046 od
1157 989 1258 1066 rinegr'-

103 1107 165 1148 aern
186 1098 311 1150 nmnnnr
332 1099 362 1150 et
380 1091 600 1151 er'rnr'lr'rudr'nern.
647 1085 758 1152 Verum
777 1107 836 1151 nou
855 1086 942 1152 modo
961 1086 1128 1173 npoatulue,
1150 1088 1203 1153 aed
1226 1099 1256 1150 et

104 1185 240 1253 dominus
256 1188 319 1276 ipae
338 1189 370 1255 in
387 1189 542 1276 evaugelio
563 1191 642 1256 illurn
662 1189 824 1274 redarguit.
870 1184 929 1271 Qui
948 1209 1014 1254 num
1028 1185 1195 1254 l’beriaeoie
1217 1189 1257 1255 ita
1270 1213 1328 1260 ure
1341 1215 1363 1270 e.
1376 1217 1409 1263 re

104 1289 308 1375 loquentibus,
331 1295 397 1356 Non
413 1306 458 1357 eet
473 1295 572 1356 bonum
594 1297 730 1356 homoinem
750 1313 812 1356 eree
831 1295 937 1368 rodun,
970 1301 1016 1367 et,
1038 1295 1153 1372 Mopeee
1173 1297 1409 1366 inserimini.

103 1397 173 1455 dere
187 1395 311 1457 lebedum
331 1400 460 1478 repudii,
484 1408 514 1460 et
525 1401 629 1460 erieere
643 1418 770 1471 nemeen,
795 1395 840 1459 aie
855 1395 928 1458 iatua
944 1393 1069 1458 refellite
1092 1398 1206 1476 dfoyeee
1219 1399 1409 1468 aureuma

102 1499 235 1559 dmir'enr
257 1502 351 1560 eordr‘e
372 1505 463 1562 ueniri
479 1503 613 1580 emr'prn'tp
636 1501 673 1564 ud
694 1503 775 1562 r'nr'tr'o
796 1510 888 1561 oneror
905 1519 960 1560 nore
973 1499 1113 1578 srrr'ter‘e:
1142 1502 1194 1560 red
1207 1503 1409 1580 perimunt

94 1599 188 1682 seori,
219 1603 373 1663 nuendum
395 1612 424 1662 ef
446 1603 579 1684 fernim
605 1603 693 1684 seer'f:
725 1612 756 1664 et
774 1605 866 1676 dr'or't,
898 1604 1018 1682 Propter
1038 1602 1092 1662 boo
1118 1603 1259 1682 relinquet

102 1703 185 1764 deero
202 1713 315 1783 petrem
335 1715 366 1765 et
390 1715 506 1766 matrem
527 1725 624 1779 enum,
657 1715 688 1766 et
704 1704 871 1766 edioeredr'f
896 1707 986 1764 uerri
1008 1723 1095 1777 eune,
1124 1714 1155 1764 et
1174 1713 1259 1766 munt

4 1791 8 1796 ’
102 1807 159 1865 dero
180 1808 210 1866 ie
231 1825 343 1868 eernere
364 1827 458 1868 renum
513 1803 628 1890 Quibua
650 1807 735 1871 diotin
756 1808 853 1870 atatim
878 1805 984 1885 infert3
1021 1808 1059 1868 Si
1077 1808 1169 1885 egitur
1188 1809 1257 1867 deur

101 1911 266 1983 nembrod,
292 1910 373 1970 iorno
394 1931 450 1971 non
471 1921 593 1991 reponet.
639 1905 674 1972 ln
692 1908 869 1994 quodcum,
894 1907 949 1973 boe
965 1919 1011 1972 eet
1028 1917 1139 1993 patrem
1157 1928 1254 1986 enum,

102 2005 213 2072 Adurni
229 2007 351 2074 etErae
367 2010 548 2076 nonditurenr
566 2009 658 2075 fuieee
672 2021 761 2095 atque
772 2010 961 2076 bonestorum
978 2011 1141 2096 nuptiarum
1154 2019 1254 2074 nuoto·

101 2129 166 2174 rern
182 2129 251 2175 erae
269 2111 436 2178 oonbtetnr.
482 2111 560 2178 llnie
579 2124 810 2178 oonaeotaneum
829 2125 877 2179 eet
897 2114 972 2200 quud
991 2112 1126 2179 veritatis
1148 2131 1256 2198 praeeo

101 2222 228 2276 testatur
243 2215 409 2299 apostolus,
438 2219 607 2296 Myererr'rrrn
631 2219 685 2278 ior
707 2237 839 2298 nugnrnn
859 2228 920 2279 eet:
951 2237 1005 2297 ego
1025 2227 1118 2278 aurern
1143 2218 1206 2276 dieo
1227 2219 1256 2276 rie
1269 2227 1328 2290 ῆι
1341 2231 1362 2286 e,
1374 2231 1410 2278 u.

102 2317 219 2377 cinito
232 2326 261 2377 er
277 2321 306 2378 ier
323 2319 471 2395 Eooknbr
495 2329 527 2382 ut
541 2317 577 2382 nd
595 2317 702 2383 Adami
718 2329 805 2403 atque
820 2315 915 2398 Evae,
939 2318 987 2404 qui
1003 2339 1021 2382 a
1037 2318 1093 2383 deu
1111 2315 1257 2402 prooreati

102 2427 190 2496 eunt,
221 2417 439 2484 airnilitudinem
463 2418 620 2505 pertineat.
673 2415 749 2486 Cum
777 2421 855 2486 eninr
879 2420 951 2485 deua
972 2419 1039 2484 illoa
1064 2417 1254 2496 eondidiaeet,

101 2517 238 2583 Adortus
255 2519 347 2600 dixit,
378 2525 440 2585 Hor
455 2544 531 2585 nuno
551 2545 583 2585 oe
599 2546 636 2586 ee
656 2525 766 2586 oeer'dm
780 2527 865 2600 neu,
889 2535 919 2586 ef
933 2544 1001 2585 euro
1016 2526 1052 2584 de
1068 2543 1155 2584 earne
1174 2543 1253 2583 rnen.-
1268 2537 1396 2593 unua

94 2632 220 2702 propter
240 2625 292 2686 doe
318 2627 458 2706 relinquet
484 2627 565 2688 borno
586 2635 644 2690 ete.
697 2621 847 2710 Siquidem
876 2627 1037 2708 nedq'pfcnnr't
1056 2629 1086 2688 ei
1102 2635 1208 2686 merere
1228 2627 1258 2686 r'rr
1270 2639 1330 2688 u·
1342 2641 1364 2698 r,
1375 2639 1409 2689 tu

100 2725 264 2799 innumere,
297 2745 351 2790 nen
375 2727 523 2792 divereum
546 2727 679 2812 quiddam
707 2748 776 2792 eeae
797 2739 900 2792 oeneet
920 2727 1086 2814 apostolus,
1118 2727 1171 2791 aed
1193 2747 1257 2813 my·

100 2825 226 2889 etenum
242 2847 377 2911 rnegnunr
399 2829 541 2894 nominat.
587 2826 674 2913 Quod
693 2829 787 2917 primo
806 2830 920 2916 quidem
939 2831 974 2894 ad
993 2829 1051 2894 riri
1074 2840 1105 2894 et
1125 2828 1257 2893 mulieria

103 2928 341 3012 procreationem
366 2931 475 3010 refert,
507 2931 613 2997 deinde
639 2932 745 2998 eltiore
766 2933 889 3018 quodarn
917 2954 953 2998 ao
975 2931 1144 2998 sublimiore
1166 2952 1256 2996 renen

98 3049 158 3116 per
177 3029 348 3114 allegoriam
371 3033 522 3098 transfert.
568 3031 704 3118 Quanam
725 3035 815 3120 igitur
831 3038 927 3102 fronte
945 3031 1137 3100 Maniebeeue
1153 3034 1256 3098 eadem

98 3131 154 3196 ille
174 3131 363 3213 teneriore,
386 3145 418 3199 et
435 3155 452 3198 a
476 3135 523 3202 dei
540 3137 665 3202 veritate
685 3135 780 3202 aliena
799 3137 982 3224 pronuntiet,
1012 3147 1044 3202 et
1064 3155 1138 3221 queo
1161 3155 1179 3198 a
1199 3136 1256 3200 dau

98 3233 222 3298 nundita
237 3245 307 3300 aunt
322 3237 422 3302 nennio
438 3236 486 3302 uui
501 3235 629 3326 Prinoipi
647 3260 706 3305 uun
722 3241 787 3305 aine
804 3261 915 3305 numme
932 3240 963 3304 in
979 3240 1063 3304 deum
1080 3239 1256 3303 nuutnnrelia

98 3335 224 3418 tribuit,
248 3347 336 3423 atque
357 3339 394 3404 ab
416 3340 480 3426 ipra
502 3342 627 3406 ueritate
650 3351 838 3408 tranaverroe
859 3343 973 3408 enimne
994 3341 1132 3406 ebduoiti
1176 3339 1255 3425 Quin

97 3448 133 3504 et
161 3437 231 3504 illud
258 3439 386 3506 adtexite
433 3441 674 3529 Quandoquidem
697 3444 801 3510 arulaa
828 3445 865 3508 rb
886 3445 970 3510 initio
992 3443 1089 3509 enimn
1111 3443 1256 3530 superiori

96 3540 208 3606 virtuti
226 3541 389 3608 moteruno
414 3554 501 3630 etque
523 3544 737 3629 aegritudinem
762 3547 866 3626 affert,
895 3557 1051 3633 propterea
1066 3568 1120 3633 per
1134 3547 1256 3611 eminea-
1356 3561 1359 3568 '

96 3643 167 3708 aioa
183 3645 336 3728 quondam,
356 3645 492 3711 videlieet
506 3647 598 3712 eolern
617 3656 649 3711 et
660 3647 770 3726 lunam,
789 3668 857 3712 auae
875 3645 1088 3734 el'rinoipibue
1102 3647 1252 3732 reliquiae,

97 3745 160 3809 bue
176 3756 221 3810 eet
235 3745 375 3828 animam,
398 3759 566 3834 extorquet
601 3745 748 3835 Egregiae
763 3767 837 3815 vero
854 3770 923 3836 epus
937 3762 1067 3830 nostrae,
1089 3772 1125 3814 ae
1142 3749 1254 3834 megni·

94 3847 188 3912 tinam
207 3848 358 3930 lidunirrn,
387 3851 502 3936 quando
521 3851 614 3916 bonne
640 3851 689 3916 illa
713 3853 803 3932 dena,
833 3862 864 3918 et
890 3851 993 3934 virne,
1026 3863 1056 3918 et
1079 3863 1254 3940 praepotens

95 3951 178 4017 eatie
196 3951 300 4015 virium
326 3973 383 4016 uon
402 3951 506 4034 bebet,
538 3954 680 4018 nundino
705 3955 741 4019 ad
765 3975 829 4020 eam
853 3956 989 4022 virtutem
1010 3956 1252 4042 recuperandum,

95 4071 180 4135 quae
196 4071 212 4114 a
228 4071 262 4117 ae
277 4055 341 4140 ipro
358 4055 498 4121 dietraetu
511 4056 568 4136 ait,
591 4056 644 4122 eed
664 4057 699 4121 ad
721 4077 757 4121 ea
776 4059 921 4123 seruando
938 4078 1012 4143 quoe
1028 4057 1130 4144 genuit
1150 4077 1184 4122 eo
1200 4059 1254 4122 liu-

91 4151 167 4234 xit,
191 4154 247 4218 niei
265 4155 321 4220 elia
337 4157 458 4240 quedem
475 4159 589 4223 rationo
610 4179 646 4222 an
668 4157 750 4223 velut
769 4158 923 4224 lutrooinio
940 4159 1113 4240 tentaverit,
1143 4171 1175 4225 ut
1196 4161 1253 4230 uiui

77 4409 88 4430 .
133 4379 159 4430 5.
179 4368 247 4446 ridr’
261 4379 345 4442 eotpn
355 4393 401 4443 pro
417 4377 462 4434 nul
476 4381 702 4446 mroditdrdbubent
718 4395 803 4434 omnen.
