3168 4926
154 745 263 810 μιμλλ.

143 1785 211 1854 Κεφ.
228 1783 261 1841 α’.

161 2931 212 2978 ραι.
225 2920 271 2965 m.

513 707 596 767 ΤΟΤ
616 707 682 766 ΕΝ
698 705 850 766 ΑΓΙΟΙΣ
870 705 1044 768 ΠΑΤΡΟΣ
1064 704 1206 766 ΗΜίλΝ

576 825 689 949 ΕΠ
719 859 739 944 1
770 859 805 946 ο
834 859 873 946 Α
901 859 940 946 N
969 859 988 946 l
1018 857 1057 948 0
1089 855 1129 945 ν

378 1073 594 1143 ΚΑΤΑ
654 1047 813 1141 σου
873 1069 1329 1142 Αινυττου

514 1251 642 1307 Tomos
660 1249 813 1307 ΠΡΩΤΟΣ
833 1249 1023 1308 ΔΕΥΤΕΡΟΥ
1040 1248 1196 1306 ΒΙΒΔΙΟΥ.

560 1500 708 1570 ΚΑΤΑ
747 1497 1153 1588 *ττκνιτιτοιη

722 1614 770 1706 κζ
794 1613 816 1710 ἡ
844 1617 904 1690 καὶ
930 1613 991 1712 μζ.

368 1762 573 1851 ι’ίδγιιρατῖταί
591 1789 666 1842 τινες
685 1763 762 1831 ούτω
780 1761 972 1848 καλούμενοι,
1003 1756 1087 1830 οὗτοι
1105 1761 1158 1830 τύν
1177 1762 1320 1832 Τατιανδν
1338 1764 1436 1830 διαδέ-

279 1893 379 1953 χονται
395 1865 523 1947 έφύσει,
553 1863 604 1932 ύπ’
622 1863 715 1934 αύτοῦ
727 1869 945 1950 πεπλανημένοι
959 1891 989 1932 τε
1003 1868 1055 1933 καί
1072 1863 1271 1952 ἠπατημένοι,
1303 1869 1386 1950 ίτιρα
1403 1867 1437 1932 δέ

279 1967 361 2052 παραὶ
379 1976 484 2035 τοῦτον
505 1967 721 2054 φρονήσαντες,
750 1971 802 2036 καί
823 1971 866 2047 είς
887 1974 1003 2053 μείζονα
1023 1968 1112 2036 πύλιν
1130 1972 1292 2057 έρτσγελίαν
1310 1967 1437 2046 ἑαυτούς

279 2069 481 2148 έκδεδακότες.
526 2073 724 2154 Πληθύνουσι
741 2073 774 2138 δέ
789 2064 873 2138 οὗτοι
889 2074 940 2138 καλ
958 2075 999 2148 είς
1014 2075 1102 2157 δεῦρο
1121 2075 1203 2164 έντῇ
1222 2076 1362 2162 Πισιδίμ,
1384 2073 1437 2138 καλ

281 2177 313 2242 έν
334 2181 370 2265 τῇ
389 2178 505 2264 Φρυγίᾳ
526 2181 562 2265 τῇ
579 2177 772 2265 Κεκαυμένη,
803 2173 880 2241 οὗτοι
897 2177 1048 2266 λεγομένη.
1081 2174 1170 2252 Ἴσως
1190 2173 1246 2263 γδρ
1267 2173 1342 2242 κατύ
1360 2179 1437 2242 θεοῦ

280 2281 454 2359 οἰκονομίαν
467 2279 520 2343 καί
534 2277 629 2354 οὕτως
645 2276 666 2362 ἦ
680 2280 784 2362 πατρὶς
799 2275 929 2360 τούνομα
943 2281 1043 2360 είληφε
1057 2285 1210 2346 καλεῖσθαι
1224 2280 1256 2344 έν
1266 2285 1309 2368 τῷ
1322 2275 1437 2368 κύσμφ,

281 2379 331 2448 διαί
348 2377 381 2446 τύ
398 2387 544 2446 κεκαῦθαι
563 2379 634 2457 τούς
651 2379 810 2465 οἰκήτορας
825 2377 884 2446 ύπδ
901 2386 954 2462 τῆς
968 2383 1150 2466 διαστροφῆς
1165 2387 1218 2464 τῆς
1232 2379 1371 2464 τοιαύτης
1386 2381 1437 2446 καί

280 2484 425 2567 τοσαύτης
441 2483 562 2566 πλάνης.
608 2485 721 2550 Πολλοί
737 2483 792 2570 γύρ
809 2484 935 2568 αίρέστις
951 2485 984 2549 έν
996 2489 1037 2572 τῷ
1053 2487 1158 2574 χωρίῳ.
1203 2485 1274 2550 Είσί
1288 2483 1321 2549 δλ
1337 2484 1388 2549 καλ
1406 2485 1440 2550 έν

282 2587 380 2670 μέρεσι
395 2593 448 2668 τῆς
461 2584 575 2665 Ἀσίας,
597 2588 648 2651 καί
664 2589 695 2654 έν
711 2593 748 2676 τῇ
761 2584 902 2671 Ἰσαύρων
916 2587 967 2651 καί
983 2585 1160 2669 Παμφύλων
1174 2589 1225 2653 καί
1239 2589 1370 2652 Κιλίκων
1386 2591 1438 2676 γῇ,

281 2690 334 2755 καλ
353 2691 385 2756 έν
403 2692 532 2777 Γαλατία
547 2685 606 2771 ἤδη
617 2676 655 2753 δέ
672 2692 722 2754 καί
741 2691 788 2755 ἐπί
809 2686 842 2754 τδ
858 2693 919 2752 τῶν
933 2685 1084 2772 Ῥωμαίων
1099 2690 1203 2773 μέρος,
1233 2686 1303 2754 ύλλύ
1319 2691 1371 2756 καλ
1389 2690 1439 2756 έπλ

280 2795 334 2875 τῆς
354 2797 414 2856 τῶν
433 2787 603 2874 Ἀντιοχέων
623 2797 678 2872 τῆς
698 2796 826 2876 Συρίας,
852 2788 888 2857 ού
913 2788 1033 2874 ’πάντη
1055 2791 1103 2871 δέ,
1131 2787 1294 2876 ἡτοιαύτη
1316 2795 1438 2876 α’ίρεσις.

371 2890 525 2959 Φύσκουσι
546 2893 579 2959 δέ
598 2894 650 2958 καλ
671 2885 756 2960 ούτοι
778 2891 870 2977 αίργύς
890 2919 973 2971 τινας
995 2891 1084 2972 είναι,
1113 2891 1167 2977 τη’ν
1181 2919 1212 2960 τε
1226 2901 1279 2961 τοῦ
1297 2893 1439 2979 διαβόλου

283 2993 486 3079 οίντικειμίνην
500 2993 576 3081 πρδς
589 2994 625 3060 τοί
640 3001 694 3061 τού
708 3001 784 3062 θεοῦ
798 2995 974 3079 ποιήματα,
985 2997 1038 3062 καί
1050 2993 1092 3079 μή
1107 2993 1349 3082 ύποτασσομένην
1363 3003 1440 3086 θτφῖ,

284 3096 355 3164 ύλλοί
374 3095 511 3182 ἰσχύοντα
527 3099 576 3164 καί
595 3096 776 3183 πρέποντα,
799 3096 840 3174 τίς
854 3098 929 3166 κατδ
944 3102 1022 3164 ίδίαν
1038 3101 1191 3179 έξουσίαν,
1213 3101 1263 3166 καί
1280 3096 1336 3184 σύγ
1351 3096 1393 3175 τίς
1408 3101 1441 3165 έν

284 3207 474 3292 παρεκτροπῇ
496 3199 660 3285 γενόμενον.
708 3199 752 3267 Ού
773 3199 830 3287 γδρ
850 3200 926 3268 κατὰ
948 3199 1002 3285 τὴν
1020 3204 1175 3284 έκκλησίαν
1190 3203 1340 3288 λέγουσιν,
1369 3197 1440 3267 ύλλιί

285 3301 378 3380 ἄλλως
393 3301 476 3388 παρὰ
491 3301 523 3370 τδ
539 3311 592 3387 τῆς
607 3301 749 3386 οίληθείας
763 3303 909 3390 κήρυγμα.
953 3305 1118 3390 Κέγρηνται
1133 3304 1165 3370 δὲ
1180 3313 1310 3391 γραφαῖς
1325 3329 1441 3389 πρωτο-

284 3405 387 3484 τύπας
401 3413 465 3483 ταῖς
478 3408 647 3491 λεγομέναις
658 3403 798 3490 Ἀνδρέου
813 3409 865 3473 καί
876 3405 1018 3474 Ἰωάννου
1036 3405 1174 3493 Πρύξεσι,
1197 3409 1248 3472 καί
1265 3411 1368 3490 Θωμᾶ,
1389 3407 1442 3472 καλ

286 3505 476 3596 αίποκρύφοις
488 3511 556 3588 τισί,
578 3511 629 3575 καί
643 3507 691 3587 οίς
701 3509 857 3592 βούλονται
871 3509 970 3597 λύγοις
981 3517 1034 3594 τῆς
1047 3517 1174 3586 παλαιαῖς
1189 3507 1348 3593 διαθήκης.
1382 3506 1443 3574 rav

286 3615 319 3681 δλ
334 3611 431 3701 γύμον
444 3618 549 3693 σαφῶς
561 3617 616 3677 τού
631 3612 772 3696 διαβόλου
785 3609 942 3698 δρίζονται,
964 3615 1083 3696 ἔμψυχα
1095 3613 1129 3679 δλ
1143 3611 1351 3696 βδελύσσονται
1364 3608 1442 3676 ύπα.

286 3714 471 3804 γορεύοντες,
501 3709 555 3798 σύγ
571 3715 668 3780 ἕνεκεν
683 3718 866 3801 έγκρατείας,
896 3715 963 3783 οὔτε
977 3719 1137 3794 πολιτείας,
1165 3711 1237 3780 «md
1250 3711 1325 3780 κατοέ
1341 3712 1443 3796 φόβον

287 3820 339 3885 καλ
360 3815 501 3902 ίνδαλμδν
521 3824 576 3882 τοῦ
598 3815 639 3900 μή
657 3821 912 3902 καταδικασθῆναι
932 3816 992 3885 ἆπδ
1011 3825 1064 3902 τῆς
1081 3825 1143 3884 ταῖν
1160 3814 1304 3900 έμφύγων
1320 3814 1443 3899 μεταλή-

288 3939 378 4004 φεας.
423 3921 586 4005 Κέγρηνται
601 3920 633 3984 δέ
648 3921 700 3986 καί
718 3917 804 3988 αύτολ
821 3925 992 4006 μυστηρίοις
1014 3917 1052 3986 δι’
1068 3919 1190 3996 ὕδατος·
1213 3916 1296 3986 οένον
1316 3919 1347 3984 δέ
1365 3915 1444 3996 ὅλως

289 4021 326 4092 ού
348 4021 615 4108 μεταλαμβάνουσι,
647 4021 811 4104 φάσκοντες
832 4021 908 4090 είναι
923 4021 1111 4107 διαβολικδν,
1139 4024 1191 4089 καλ
1211 4020 1280 4099 τούς
1300 4026 1444 4099 πίνοντας

325 4180 383 4232 Gn.
401 4181 419 4232 ί.
436 4207 470 4264 3-
495 4179 517 4231 1.
535 4183 601 4232 Lim
621 4184 691 4234 ποδα
712 4177 849 4252 Ἐγκρατί·
909 4181 939 4266 ,2.
966 4184 1039 4266 λ’μίγο
1060 4181 1197 4264 ,δέσμ’παλυττ
1221 4185 1254 4234 στί
1277 4177 1442 4256 διαδέχονται,

289 4267 346 4316 ται,
361 4251 432 4302 ποστ
455 4247 619 4314 Εγκρατῖται.
882 4265 960 4318 φυατι
976 4265 1011 4306 υτ
1034 4265 1112 4306 ανταυ
1129 4253 1180 4306 σαί.
