3176 4930
377 252 515 308 Pullum!
532 253 596 306 unu.
607 255 639 305 n,
654 251 736 304 rou.
748 255 768 304 1.
785 249 885 304 unna.
896 251 990 306 nxrv.
1203 249 1264 317 339

105 374 184 439 vitos
197 373 319 439 inlicitis
333 375 370 438 de
382 374 471 440 rebus
487 373 616 438 infinitae
628 373 822 457 cogitationes
834 371 987 452 invadunt,
1008 392 1083 460 quae
1096 399 1151 444 nos
1167 384 1264 449 curio-

106 479 194 542 sitate
222 487 310 562 atque
331 498 349 540 a
374 477 488 541 ratione
511 476 730 541 abhorrentium
752 477 935 559 negotiorum
963 479 1145 546 multitudine
1170 485 1264 571 impli-

107 591 185 644 eant.
233 578 380 663 Quocirca
406 580 548 644 eiusmodi
575 600 611 642 ne
634 579 764 662 cogitare
791 579 906 662 quidem
932 580 1010 645 velle
1036 587 1190 667 potestatis
1219 600 1265 652 est

107 695 239 761 nostrae,
262 683 291 746 id
307 693 407 748 auum
422 681 552 766 assequi,
572 694 605 746 ut
618 680 735 767 penitus
749 680 973 764 extinguantur,
995 704 1090 768 neque
1104 688 1189 752 nobis
1204 711 1265 753 am-

108 787 183 873 plios
198 797 372 865 occurrant,
397 807 457 850 non
472 795 519 850 est
538 783 703 861 facultatis,
728 783 769 845 ati
787 782 932 863 diximus,
958 795 1090 866 nostrae,
1115 791 1167 852 sed
1182 803 1264 856 certo

108 890 194 952 modo
217 890 360 952 duntaxat
381 888 443 967 uti,
467 887 515 952 vel
533 907 592 952 non
616 886 676 966 utiq
708 895 738 949 ut
759 886 831 949 hoec
859 887 897 950 eit
920 887 976 951 loci
999 889 1077 953 illius
1099 895 1263 956 sententia:

107 995 173 1054 Noa
190 996 261 1054 enin
278 995 355 1073 quad
366 995 428 1053 eolo
444 993 528 1072 jbea‘n
546 992 657 1054 bonnac
707 987 783 1052 Volo
803 989 879 1052 enim
901 989 1020 1054 minime
1039 994 1170 1078 cogitare
1192 1017 1265 1080 quae

108 1093 178 1158 mihi
194 1105 338 1173 noceant,
363 1094 498 1178 qnoniam
518 1093 625 1158 bonum
642 1092 717 1156 istud
736 1102 794 1172 est,
818 1113 854 1156 ao
869 1094 1102 1177 reprehensione
1118 1109 1211 1175 earet,
1236 1109 1269 1161 ut

107 1197 178 1262 illud
197 1198 306 1262 dictam
324 1206 468 1274 testatur,
492 1199 562 1258 Sine
578 1201 783 1277 uituperatione
794 1198 909 1279 sactum
927 1201 1108 1280 manabusqne
1126 1222 1161 1262 ae
1178 1213 1268 1262 mente
1309 1212 1316 1225 ’

107 1305 288 1382 quadratum.
335 1298 417 1382 Ergo
435 1298 504 1362 illud
527 1299 603 1382 qnod
629 1303 691 1360 uolo
714 1301 813 1362 bonum
838 1322 894 1362 non
914 1301 1007 1380 facab,
1039 1306 1091 1364 real
1108 1305 1184 1384 qaod
1202 1306 1268 1365 nolo

104 1405 183 1485 saera
199 1407 312 1464 mnam.
359 1397 501 1486 cogitare
518 1402 596 1464 enirn
613 1402 693 1481 nolo,
718 1412 748 1464 et
764 1423 838 1486 quae
856 1403 924 1466 nolo
940 1414 1037 1467 tamen
1055 1404 1165 1488 cogito.
1212 1405 1269 1470 At·

109 1527 166 1591 qne
181 1505 249 1568 illud
268 1504 366 1568 videta
382 1524 506 1588 quaeso,
532 1524 568 1567 an
587 1525 645 1567 non
665 1505 787 1568 eandem
805 1505 842 1568 ob
858 1526 992 1570 naussum
1009 1503 1106 1570 David
1127 1509 1182 1572 deo
1201 1529 1269 1594 sup-

108 1610 245 1694 plicaret,
268 1607 385 1692 indigne
405 1608 516 1687 leneas,
541 1608 616 1692 quod
635 1626 758 1690 eaquae
775 1607 871 1671 minus
887 1609 976 1672 vellet
993 1608 1091 1672 animo
1108 1621 1270 1695 pertracta·

109 1723 168 1776 ret.
214 1713 262 1773 Ab
279 1713 413 1785 menidi,
438 1711 548 1794 inquit,
573 1715 641 1771 naea's
659 1713 762 1771 mundo
779 1731 837 1784 nce,
862 1723 892 1772 et
908 1713 944 1772 ab
959 1715 1060 1774 alr'em'c
1077 1735 1167 1792 parce
1187 1735 1268 1775 serm
1280 1727 1318 1772 ra.
1332 1729 1364 1782 ra,
1379 1729 1410 1774 ta.

110 1827 178 1876 tuo:
202 1819 232 1876 εἰ
244 1818 301 1876 nei
311 1835 368 1876 non
378 1815 496 1894 fuerant
508 1816 654 1886 domenati,
680 1823 746 1874 tunc
761 1817 957 1875 a'mrnaealntus
972 1836 1032 1889 ero,
1057 1811 1088 1876 'et
1099 1818 1271 1878 emundabor

109 1921 249 1980 adelieto
273 1937 385 1997 magno.
434 1911 495 1979 Sed
523 1926 553 1978 et
577 1914 725 2000 apostolus
751 1913 812 1978 alio
834 1915 863 1979 in
891 1916 974 1979 loon:
1010 1920 1202 1998 Cogitationes
1222 1923 1424 1989 de-acmmn

108 2031 253 2082 struentes
271 2031 300 2082 et
319 2040 425 2080 omnem
447 2021 640 2092 altitudinem,
670 2039 742 2098 qaue
759 2021 909 2082 entcllt'tao‘
925 2023 1062 2082 aduncus
1083 2026 1270 2100 cognitionem

109 2128 173 2197 dei,
198 2134 229 2183 et
247 2127 420 2204 captivantes
442 2143 548 2183 omnem
570 2123 740 2184 intellectum
763 2125 792 2182 in
815 2123 974 2202 adaequabam
998 2126 1115 2184 Cbrabn'.

197 2221 259 2288 lana
276 2245 348 2290 vero
371 2222 478 2308 siquis
494 2223 640 2307 refragari
661 2221 706 2286 bis
722 2223 807 2287 dictis
825 2243 914 2291 ansus
932 2223 1066 2304 obiiciat,
1090 2226 1191 2290 doceri
1214 2227 1269 2292 boc
1304 2225 1365 2294 0³?-

109 2328 149 2391 ab
165 2326 311 2412 apostolo,
337 2347 395 2390 non
413 2327 449 2389 ad
466 2325 672 2411 cogitationem
690 2327 776 2389 modo
793 2326 874 2406 mali,
898 2327 974 2410 quod
989 2347 1163 2392 aversamur
1180 2329 1270 2413 quod·
1288 2295 1378 2347 Μ’

109 2450 169 2514 qne
188 2429 331 2513 faginus,
355 2431 407 2493 sed
426 2429 505 2492 etad
525 2449 598 2513 opus
614 2428 708 2514 ipsum
727 2439 757 2491 et
773 2428 917 2492 actionem
936 2427 984 2492 illa
1002 2429 1121 2508 reterri,
1147 2451 1211 2494 cam
1227 2431 1271 2495 nie

109 2531 260 2616 loquitar,
283 2536 349 2594 Non
366 2537 438 2594 enin
457 2537 532 2614 mand
548 2535 610 2594 uolo
623 2535 701 2614 facab
720 2532 837 2606 bonum,
861 2535 913 2592 sed
926 2535 1003 2612 quod
1015 2535 1080 2594 noio
1098 2536 1201 2594 maium
1217 2537 1271 2596 doc

106 2637 206 2716 lbere,
238 2635 314 2698 bunc
334 2633 441 2718 igitur,
465 2634 512 2717 qui
531 2633 574 2698 sic
592 2631 800 2712 ratiocinetur,
826 2634 851 2696 si
869 2634 955 2696 modo
973 2654 1044 2698 vera
1063 2633 1150 2712 dicit,
1175 2636 1271 2721 expli-

110 2758 184 2802 care
199 2736 362 2814 iubeamus,
387 2735 532 2819 quodnam
551 2757 618 2800 esse
638 2737 744 2800 malum
761 2735 830 2799 illud
849 2737 924 2820 quod
942 2757 1007 2800 cnm
1024 2736 1137 2801 odisset
1153 2749 1271 2822 aposto-

111 2841 179 2919 las,
203 2859 299 2924 neque
324 2840 423 2902 iacere
440 2839 547 2918 vellet,
572 2838 759 2902 nihilominus
784 2839 912 2917 laceret,
936 2839 1070 2907 antillad
1089 2841 1272 2904 econtrario

111 2943 241 3021 bonnm,
272 2942 438 3026 quodcum
464 2940 591 3006 maxime
616 2941 705 3004 vellet
732 2953 902 3026 praestare,
934 2963 1116 3027 nequaquam
1145 2953 1271 3029 poterat.

113 3042 180 3108 luno
202 3065 276 3110 vero
300 3043 416 3128 quoties
440 3055 557 3129 patrare
579 3043 686 3108 bonum
706 3043 812 3122 vellet,
837 3064 894 3108 non
914 3047 990 3129 quod
1012 3046 1130 3110 volebat
1151 3046 1271 3125 bonum,

112 3147 168 3212 sed
186 3147 261 3232 quod
277 3147 396 3212 volebat
412 3146 518 3212 malum
535 3167 567 3210 re
584 3147 646 3232 ipsa
665 3145 846 3233 perficiebat.
892 3144 1066 3212 Utrnmnam
1080 3147 1200 3210 deornm
1220 3169 1274 3211 ex·

113 3250 204 3335 empli
228 3249 324 3334 gratia
339 3251 477 3315 venerari
502 3249 658 3314 simulacra
682 3249 803 3328 nolens,
827 3250 879 3313 ned
898 3271 970 3314 vero
988 3251 1043 3314 deo
1063 3251 1171 3314 cultum
1194 3250 1275 3314 adlui-

112 3355 206 3433 bere,
232 3355 286 3418 boc
303 3355 379 3438 qnod
403 3351 538 3439 cupiebat
554 3351 672 3436 assequi
693 3361 904 3436 conpotem,
928 3352 1004 3437 quod
1024 3351 1142 3416 nolebat
1163 3363 1274 3431 autem,

113 3468 149 3522 ut
164 3457 321 3522 simulacra
339 3456 463 3535 coleret,
488 3454 542 3517 hoo
561 3473 633 3517 vero
651 3457 786 3539 poterat?
822 3453 870 3517 An
887 3475 952 3517 cum
971 3465 1170 3540 temperanter
1185 3454 1276 3518 vellet

112 3561 233 3640 vivere,
258 3580 440 3643 nequaquam
456 3557 484 3620 id
504 3555 641 3635 iaciebat,
668 3555 804 3622 libidines
820 3577 893 3620 vero
913 3577 947 3621 ac
963 3555 1085 3642 flagitia,
1110 3555 1213 3641 quibus
1232 3556 1276 3618 ol-

115 3663 310 3742 iendebatar,
335 3660 396 3726 rita
418 3681 453 3725 ac
474 3661 559 3724 lactis
582 3659 789 3744 exprimebat?
830 3659 931 3743 Atque
953 3669 985 3722 ut
1007 3660 1171 3723 summatim
1195 3657 1276 3721 colli-

115 3789 198 3852 gam,
222 3765 368 3850 crapulam
385 3783 420 3827 ac
434 3763 554 3842 luxum,
578 3763 669 3842 iram,
693 3761 883 3841 iniustitiam,
906 3753 1064 3846 ceteraque
1081 3758 1276 3845 improbitatis

114 3867 214 3934 officia
229 3889 293 3931 cum
313 3866 405 3930 nollet
421 3866 597 3951 usurpabat,
622 3885 698 3949 qnae
716 3863 807 3928 vellet
822 3875 937 3942 autem,
961 3862 1100 3928 iustitiam
1118 3871 1149 3924 ct
1167 3859 1276 3924 sancti-

117 3970 247 4034 moniam
263 3969 429 4034 cooeectari
446 3987 505 4031 non
523 3970 659 4053 poterat?
701 3965 794 4050 Atqui
813 3965 889 4029 idem
905 3967 954 4030 ille
971 3965 1075 4030 mediis
1096 3965 1126 4028 in
1142 3963 1276 4028 ecclesiis

117 4093 235 4138 namma
256 4091 358 4136 omnen
380 4069 469 4134 animi
492 4070 680 4134 contentione
700 4070 735 4132 ad
756 4067 893 4131 evitanda
908 4069 1021 4132 scelera
1035 4067 1195 4131 cohortans
1218 4087 1276 4130 non

118 4197 173 4241 eos
191 4177 285 4240 solnm
303 4173 351 4259 qni
369 4173 499 4237 facinora
518 4179 732 4257 perpetrarent,
756 4168 851 4253 iisqne
868 4170 1031 4249 studerent,
1055 4170 1089 4232 ad
1108 4169 1231 4234 exitium
1248 4181 1279 4234 et

117 4280 196 4344 iram
214 4277 262 4342 dei
275 4277 474 4342 reservandos
489 4276 658 4352 admonuit,
682 4273 735 4338 ned
752 4283 782 4336 et
798 4272 865 4336 illos
885 4272 1006 4358 insuper
1028 4271 1077 4356 qui
1099 4293 1164 4336 enm
1186 4271 1224 4336 iis
1245 4272 1276 4335 in
1291 4283 1385 4338 nona,
1398 4283 1430 4326 aa·

119 4379 265 4446 eiusmodi
293 4377 455 4443 sceleribus
480 4377 692 4442 consentirent.
737 4374 824 4439 Adeo
847 4395 919 4462 pura
943 4394 978 4438 ao
1001 4374 1117 4438 sincera
1140 4374 1176 4440 ab
1199 4374 1277 4437 omui

119 4485 187 4552 labe
201 4481 333 4550 loetitiae
348 4503 365 4544 a
382 4479 466 4547 nobis
482 4479 574 4544 officia
591 4478 735 4565 praestari
748 4499 927 4565 magnopere
943 4477 1152 4544 contendebat.
1185 4473 1279 4561 Quip-

1004 4581 1076 4649 22*
