3228 4934
297 193 359 257 702
615 165 628 174 ’
722 205 847 257 amen
864 205 1037 258 τεινοιιιιι

297 319 355 408 ράν
373 319 539 402 ἀφανίσας,
568 323 619 388 καλ
638 319 696 404 τὴν
715 321 849 406 κατάραν
864 325 1036 406 ἐξαλείψας,
1063 323 1117 388 καλ
1132 318 1252 389 τάτάδ’
1267 317 1351 404 ἡμῶν
1368 317 1462 404 χειρό-

296 451 430 510 γραφον,
457 425 508 489 καλ
526 421 581 508 τὴν
598 421 677 510 πρός
691 422 744 490 τόν
766 423 846 513 ᾅδην
862 425 1016 508 διαθήκην
1030 423 1136 504 λύσας,
1164 426 1216 491 καί
1231 421 1328 490 πάντα
1343 426 1462 490 οίκονο-

297 525 393 610 μήσας
408 523 585 610 άνθροόποις
604 529 646 603 είς
660 533 818 612 σωτηρίαν.
863 525 976 604 Εύθύς
997 525 1053 614 γάρ
1070 526 1142 610 μετά
1160 527 1194 592 τό
1212 529 1322 606 είπείν,
1352 522 1387 590 ‘0
1408 525 1461 592 κύ-

298 656 362 717 ριος
380 631 580 713 ίβασίλευσεν,
604 626 781 715 εύπρὲπειαν
799 629 973 711 ἐνεδύσατο,
996 635 1174 716 προςτίθησι
1191 627 1281 695 πάλιν
1295 630 1346 695 καί
1363 633 1460 694 δευτε·

295 741 348 818 ροῖ
362 734 468 819 λίγων,
494 730 674 798 Ἐνεδύσατο
696 731 801 818 κύριος
825 731 967 816 δύναμιν,
996 735 1048 800 καλ
1073 731 1280 818 περιεζῶσιιτο·
1311 735 1363 798 ίνα
1380 735 1460 822 δείξη

296 832 330 901 τό
346 842 465 920 πρῶτον
488 837 601 918 ἑνδνμα
620 833 681 902 άπό
699 841 839 922 Μαρίας,
867 834 923 919 τήν
941 837 974 902 δὲ
995 838 1281 922 ἑπιδεντερονμὲνην
1301 833 1393 901 πάλιν
1414 836 1460 900 ἑν-

296 941 383 1004 δυσιν
400 935 461 1004 άπό
484 946 538 1021 τῆς
555 936 743 1015 άναστάσεως
760 946 820 1004 τῶν
841 947 962 1027 νεκρῶν.
1008 941 1069 1004 Καὶ
1085 937 1143 1025 γάρ
1166 936 1359 1025 πρωτότοκός
1379 939 1460 1004 ἔστιν

297 1043 330 1107 lx
346 1047 408 1106 τῶν
423 1049 545 1126 νεκρῶν,
567 1037 610 1117 τίς
626 1038 707 1106 εἶπεν
722 1038 743 1125 η
758 1045 829 1107 θεία
843 1041 954 1128 γραφή.
985 1039 1045 1108 Διά
1062 1049 1152 1108 τοῦτο
1166 1045 1346 1126 προςτίθησι
1361 1039 1457 1130 ταύτῃ

297 1150 334 1233 τῇ
350 1146 473 1233 δευτὲργ
491 1141 607 1210 ίνδύσει
623 1145 834 1230 περισσοτέραν
855 1143 920 1211 τινά
939 1143 1120 1226 άσφάλειαν,
1142 1146 1250 1231 λέγων,
1282 1141 1459 1210 Ἐνεδύσατο

294 1244 401 1333 κύριος
422 1245 566 1329 δύναμιν,
587 1247 638 1312 καλ
660 1245 863 1333 περιεζύσατυ.

156 1355 225 1427 Κιμ
240 1353 285 1421 ed.
373 1347 489 1436 Ὥςπερ
506 1347 563 1434 γάρ
579 1345 598 1414 ό
614 1350 663 1415 ἐπί
681 1356 720 1439 τῇ
735 1347 832 1431 α’σφύϊ
845 1349 1080 1433 διαζωννύμενος
1101 1351 1267 1435 ἑπισφίχγει
1285 1346 1319 1414 τό
1345 1349 1461 1432 ἑνδνμα

296 1453 345 1518 ίπλ
360 1451 414 1535 τὴν
427 1450 542 1534 ὀσφύν,
566 1451 773 1539 περισσότερον
789 1459 914 1539 στερεῶν
927 1451 960 1520 τό
976 1449 1072 1532 είδος,
1094 1453 1146 1518 καλ
1164 1457 1296 1518 συνενῶν
1311 1456 1353 1541 τῷ
1369 1453 1459 1535 χροιτλ

295 1562 336 1644 τῷ
355 1557 437 1644 ίδίιγ,
465 1553 546 1622 ούτοο
563 1553 597 1621 τό
614 1562 734 1639 πρῶτον
751 1551 929 1642 εόπρὲπειαν
945 1554 997 1621 διά
1019 1553 1075 1638 τίγν
1095 1557 1242 1640 ίνσαρκον
1259 1555 1392 1620 ἑνταδθα
1413 1557 1458 1620 b·

297 1661 424 1742 δημίαν,
447 1655 530 1724 τόδὲ
547 1655 701 1745 δεύτερον,
726 1659 818 1740 φησί,
846 1657 972 1741 δύναμιν
991 1655 1164 1740 ἐνεδύσατο,
1195 1653 1326 1734 άναστάς
1343 1660 1377 1724 ἑκ
1398 1661 1460 1724 τῶν

297 1767 423 1847 νεκρῶν·
446 1759 546 1827 ούκὲτι
561 1763 602 1836 τίς
624 1759 728 1837 πάθος
747 1757 1012 1846 ἦένσνθρῶπησις
1027 1757 1122 1827 αότού
1137 1764 1266 1846 ἑρχεται,
1295 1757 1394 1826 ούτὲτι
1417 1763 1461 1836 είς

295 1860 455 1950 μάστιγας,
477 1861 578 1930 οόκὲει
594 1871 790 1948 σταυροῦται,
814 1861 855 1939 ῶς
872 1860 936 1929 είιιε
953 1865 1022 1951 περλ
1038 1859 1133 1928 αύτοθ
1150 1860 1167 1930 ό
1182 1861 1359 1942 ἀπόστολος,
1381 1861 1459 1929 Ἀνὲι

296 1990 364 2050 στη,
387 1964 487 2032 ου’κὲτι
504 1964 708 2048 ίποθνήσκει,
729 1963 865 2042 θάνατος
886 1963 980 2032 αύτοδ
995 1963 1094 2032 οόκὲτι
1110 1964 1249 2052 κυριεύει.
1293 1965 1353 2031 Διό
1370 1973 1459 2033 τοῦτο

297 2071 371 2154 φησί
395 2067 445 2150 τό,
476 2067 659 2148 Διεζοόσατο,
689 2066 858 2144 συνενῶσας
874 2065 929 2151 τὴν
954 2065 1047 2134 αότού
1064 2068 1161 2154 σάρκα
1178 2071 1220 2144 είς
1236 2072 1306 2152 μίαν
1320 2067 1459 2152 θεόεητα,

296 2174 339 2248 τίς
357 2175 428 2256 μίαν
442 2169 579 2255 ἑνότητα,
602 2173 644 2247 είς
661 2177 778 2254 πνεῦμα
800 2169 833 2237 τό
850 2169 957 2237 θείκόν
980 2173 1031 2236 καλ
1049 2169 1236 2254 σωματικόν,
1259 2173 1301 2248 είς
1315 2175 1351 2236 ἑν
1367 2196 1457 2237 πνεν-

297 2274 422 2358 ματικδν
439 2272 613 2357 τελούμενον
631 2275 683 2338 καλ
697 2271 740 2356 μη
764 2276 849 2358 1ἑχον
866 2272 1003 2339 διάλυσιν
1009 2325 1018 2356 ,
1042 2271 1083 2350 ῶς
1098 2277 1214 2357 είςῆλθε
1232 2271 1336 2340 λοιπόν
1350 2279 1459 2359 θυρῶν

296 2379 524 2460 κεκλεισμένων,
552 2373 586 2442 τό
601 2376 782 2460 παχυμερὲς,
810 2376 1002 2462 λεπτομερὲς,
1032 2377 1066 2443 τό
1084 2374 1240 2460 παθητόν,
1268 2375 1403 2456 ἆπαθλς,
1427 2379 1460 2442 ἑν

296 2482 385 2567 σαρκί
410 2477 586 2558 πεπονθῶς,
617 2479 714 2561 μὲνοον
735 2479 767 2544 δλ
793 2481 826 2545 ἐν
849 2478 1001 2568 άπαθείιγι,
1029 2483 1137 2566 καίπερ
1162 2477 1235 2562 μετά
1260 2477 1293 2545 τό
1317 2481 1461 2555 είςελθεῖν

297 2584 441 2650 δεικνύων
457 2582 545 2648 δστία
562 2582 613 2646 καλ
629 2578 735 2667 σάρκα,
756 2581 854 2649 τύπον
868 2581 989 2668 λόγχης,
1013 2584 1063 2648 καλ
1081 2581 1176 2648 τύπον
1193 2581 1289 2667 ἥλων,
1310 2581 1461 2665 ψηλαφῶ·

298 2711 386 2770 μενος
403 2682 462 2752 ύπό
479 2691 534 2750 τοῦ
550 2688 661 2767 Θωμῶ,
693 2681 844 2771 όροίμενος
860 2682 921 2751 ύπό
937 2692 998 2750 τῶν
1016 2691 1174 2768 μαθητῶν·
1205 2683 1405 2771 είςερχόμενος
1426 2686 1460 2752 δὲ

296 2795 405 2874 θυρῶν
427 2788 652 2870 κεκλεισμένον,
681 2791 731 2853 ίνα
754 2791 835 2878 δείλη
854 2786 901 2854 δτι
925 2791 968 2864 είς
990 2791 1061 2871 μίαν
1077 2790 1180 2853 ἵνωσιν
1198 2784 1403 2872 πνευματικόν
1423 2785 1457 2854 τό

297 2899 358 2957 πῶν
374 2887 549 2980 ηίκονόμησε
562 2898 615 2974 τῆς
630 2887 725 2956 αύτοῦ
739 2888 817 2976 πρός
830 2887 910 2974 ἡμᾶς
922 2888 994 2968 τούς
1009 2888 1194 2977 άνθρῶπονς
1210 2895 1366 2976 σωτηρίας.
1398 2893 1461 2956 Καλ

298 2998 328 3060 τί
343 3021 395 3079 μοι
411 2995 481 3080 περλ
498 2991 552 3061 τόν
566 2999 708 3060 τοσοῦτον
727 2991 815 3080 λόγον
832 2997 1079 3080 κατατρίβεσθαις
1101 2992 1244 3070 πολλάκις
1258 2991 1315 3079 γάρ
1329 2988 1367 3059 τά
1384 2989 1461 3059 αύτιί

297 3100 392 3185 λίγεια
406 3093 480 3181 ύμῖν
494 3097 548 3180 μὲν
562 3093 619 3162 ούκ
634 3093 780 3182 όκνηρόν,
809 3104 873 3173 τοῖς
889 3097 922 3162 δὲ
943 3095 1173 3182 ἐντυγχάνσοσιν
1195 3092 1356 3177 άσφαλιίας
1375 3095 1461 3182 χάριν

297 3205 507 3288 φροντίσαντες
522 3197 661 3275 πολλάκις
681 3195 904 3284 διηγησάμεθα,
927 3196 966 3264 ἵν’
981 3197 1065 3276 ὅπως
1083 3197 1316 3285 διαπεράσαντες
1330 3196 1387 3282 τόν
1406 3205 1461 3265 τοί

295 3299 412 3390 Ἀρείοο
427 3305 623 3388 θηριοβολίαν
637 3310 697 3368 τῶν
712 3299 915 3387 φρονημάτων
929 3325 960 3368 τι
975 3303 1025 3368 καλ
1039 3301 1134 3388 λύμαν
1148 3303 1199 3368 καλ
1219 3300 1459 3385 ’διανοημάταιη

121 3421 123 3426 “
174 3433 226 3482 μς.
240 3422 286 3469 m
301 3409 412 3484 ίκανῶς
433 3405 466 3470 δὲ
482 3406 551 3491 περλ
565 3404 675 3488 ταύτης
691 3411 745 3488 τῆς
761 3406 866 3483 λὲξεας
880 3401 1020 3482 ῶςαύτως
1037 3402 1240 3489 διαλαβόντες,
1263 3405 1312 3470 ίπλ
1325 3402 1380 3480 τάς
1394 3405 1461 3486 ἑξῆς

298 3513 402 3593 ίοομεν·
424 3511 475 3573 ίνα
489 3507 680 3591 πανταχόθεν
694 3505 731 3573 τά
749 3515 870 3573 πλείστα
888 3507 923 3574 τά
943 3515 979 3598 τῇ
998 3512 1114 3596 διανοίη
1125 3504 1218 3592 Ιἡμῶν
1231 3503 1292 3573 ύπό
1309 3513 1365 3590 τῆς
1386 3509 1461 3573 ίκεί·

297 3638 358 3679 ναν
376 3613 534 3698 ἑρεσχελίας
555 3607 762 3677 ύποπίπτοντα
785 3614 1000 3694 σαφηνίσαντες
1023 3613 1164 3694 δείξωμεν
1184 3606 1246 3676 άπό
1263 3615 1323 3675 τῶν
1342 3607 1460 3696 σ’λίγετν,

295 3713 318 3798 ἢ
333 3716 385 3781 καλ
402 3712 563 3794 πλειόνων,
584 3711 633 3780 ότι
652 3712 773 3779 ’πάντα
789 3715 821 3778 ἐν
837 3717 874 3803 τῇ
891 3716 962 3802 θείγ
978 3720 1080 3802 γραφῇ
1099 3719 1141 3802 τῷ
1157 3714 1326 3802 κεκεημίνγτ
1344 3719 1462 3796 πνεῦμα

297 3815 384 3904 ῶγιον
398 3820 451 3884 καί
468 3824 543 3884 νοῶν
566 3814 729 3904 ἐγρήγορεν
754 3813 835 3901 παρά
859 3817 968 3901 κυρίου
991 3814 1126 3900 είληφότι
1147 3811 1237 3882 ούδὲν
1258 3817 1319 3880 ἑστι
1340 3812 1462 3881 σκολιόν

296 3917 478 4004 ύπονοῆσαι,
501 3917 522 4003 ἢ
540 3917 665 3995 πάθους
682 3915 762 3994 είδος
778 3920 821 3995 είς
836 3915 890 3984 τόν
905 3919 1036 4004 πατὲρα,
1063 3915 1085 4001 ἢ
1099 3920 1148 3995 είς-
1158 3915 1211 3984 τόν
1228 3915 1311 3995 υίόν,
1333 3913 1404 3984 ούδὲ
1419 3918 1462 3994 τίς

297 4022 331 4090 τό
347 4021 433 4110 άγιον
447 4028 581 4106 πνεῦμα,
602 4019 675 4088 άλλά
693 4019 791 4087 πάντα
805 4019 984 4100 τελειόταται,
1007 4024 1209 4104 οἰκονομικῶς
1223 4019 1256 4086 δὲ
1276 4021 1319 4097 τίς
1333 4017 1463 4102 ἑκάστην

297 4130 398 4214 χρείαν
412 4127 460 4192 καλ
479 4127 512 4192 ἑν
526 4123 639 4214 ἑκάστῳ
657 4123 741 4214 τόκῳ
759 4122 837 4210 πρός
860 4121 894 4191 τό
918 4119 1116 4206 ύιτοκείμενον
1136 4125 1170 4190 ἑν
1193 4119 1320 4212 άληθιίγ
1343 4123 1377 4188 ἑν
1397 4126 1463 4198 ταίς

332 4315 392 4367 (λιν.
411 4317 505 4367 val.
528 4343 563 4356 -
598 4315 620 4367 1.
638 4313 694 4384 ίχαι
717 4316 787 4368 οοσιλ
802 4329 858 4366 τιτι.
892 4317 983 4377 mepte,
999 4319 1080 4377 τιμοιε
1093 4317 1120 4365 αι
1136 4317 1216 4366 τιτσίσ
1230 4315 1406 4376 enuntiatione,
1420 4325 1461 4363 τα·

297 4389 399 4449 ειίιτςιιτ.
432 4385 498 4436 mm
514 4385 599 4435 λυοοαί
617 4381 689 4452 ἔχων.
892 4388 936 4447 μιν
952 4383 1020 4434 ολαιίί
1037 4385 1155 4434 Ριιαυίακ

330 4453 355 4505 2.
378 4454 435 4506 θοαί
456 4465 506 4504 ονε.
530 4450 723 4520 διανοημάτων,
746 4465 863 4518 perquam
930 4447 954 4502 ³.
972 4452 1065 4515 θεμοαι
1081 4446 1172 4518 κάκη.
