3128 4930
343 227 402 290 138
765 243 884 296 σενοτι
902 243 1069 294 nummu

341 355 373 420 δὲ
387 359 441 422 τοῦ
453 352 586 440 Ἀβραάμ
601 355 698 441 πατήρ
716 358 819 442 Θάρρα
833 357 1050 442 ἑβδομηκοστόν
1065 357 1202 443 κατάγων
1215 360 1280 433 έτος
1294 357 1348 424 τῶν
1360 355 1488 442 Ἀβραάμ

219 473 269 518 Μ·
283 463 328 509 ⁴¹⁷²
343 458 487 542 ἐγέννησε,
510 461 560 524 καὶ
576 461 692 544 γέγονεν
707 462 756 542 έεη
773 460 814 543 ρξ
831 465 921 528 πλείω
936 461 956 544 ή
973 460 1091 526 ἐλάσσω.
1123 457 1232 542 Ναχῶρ
1247 461 1279 524 δέ
1293 461 1430 544 ἐγέννησε
1444 459 1489 524 τόν

344 557 447 643 Θάρρα
466 562 753 644 ἕβδομιμιονταεννέα
773 566 847 628 ἐτῶν
871 560 1027 646 άπάρχων,
1054 565 1106 627 καὶ
1129 563 1229 646 γέγονε
1249 559 1314 628 σίθ’
1337 564 1397 642 ἐτη.
1443 568 1488 626 Σι-

342 659 413 745 ροόχ
432 663 465 726 δέ
482 665 615 746 ἐγέννησε
633 661 685 730 τόν
704 665 831 750 Ναχῶρ,
861 663 901 747 μί’
919 669 991 731 ἐτῶν
1008 662 1165 749 ὑπάρχων,
1195 665 1247 728 καὶ
1269 661 1428 748 γεγόνασιν
1447 666 1489 744 ἐτη

340 761 412 839 τξθ.
454 761 558 850 Ῥαγαῶ
574 767 606 830 δέ
623 769 757 851 ἐγέννησε
769 765 821 833 τόν
836 766 960 850 Σεροόχ,
982 765 1125 851 άπάρχων
1141 763 1203 850 ρίγέ
1221 767 1304 842 ἐτῶν,
1326 767 1378 830 καί
1395 767 1489 851 γέγονε

341 865 584 934 πεντακοσιοστόν
598 875 716 952 πρῶτον
731 872 804 944 ἐτσς.
845 870 941 934 Φαίὲκ
957 871 989 934 δέ
1007 871 1142 955 ἐγέννησε
1159 863 1210 932 τόν
1226 864 1341 953 Ῥαγαῶ,
1363 865 1407 932 ῶν
1424 871 1491 932 ἐτῶν

341 966 392 1051 μί’,
408 970 458 1034 καὶ
474 972 591 1054 γέγονεν
602 969 661 1052 χίά
673 972 746 1047 ἐεος.
768 969 859 1054 Ἔβερ
877 972 910 1036 δέ
924 981 1010 1059 γεννᾷ
1026 969 1077 1036 τόν
1093 970 1201 1047 Φαίέκ,
1224 971 1256 1034 ἐν
1274 971 1330 1036 ἐτει
1346 969 1433 1053 ιρίδ
1446 977 1491 1050 τῆς

342 1067 435 1134 αότσῦ
449 1078 535 1153 ζωῆς,
554 1074 605 1136 καὶ
619 1072 754 1157 γεγόνασι
771 1072 835 1154 ψξέ
851 1076 909 1156 ἐτη.
941 1073 1025 1138 Σάλα
1041 1073 1073 1138 δέ
1090 1077 1177 1160 γεννᾷ
1193 1069 1353 1154 τδνἝβερ,
1375 1070 1417 1154 ρί’
1433 1074 1492 1146 ἐτος

341 1171 477 1257 κατάγων
495 1181 547 1254 τῆς
566 1172 659 1240 αότοῶ
675 1174 805 1254 ήίικίας,
828 1179 877 1242 καί
901 1178 1020 1261 γέγονεν
1042 1172 1106 1248 ωςέ
1123 1175 1180 1254 ἐτη.
1223 1170 1373 1254 Ἀρφαξάδ
1391 1173 1426 1238 δέ
1443 1171 1490 1257 ρίέ

341 1275 414 1340 ἐτῶν
432 1273 475 1341 ῶν
491 1278 625 1360 ἐγέννησε
645 1277 698 1342 τόν
718 1277 841 1357 ὁΣαλά,
863 1282 914 1344 καί
932 1281 1033 1362 γέγονε
1052 1277 1098 1368 ηδ’
1111 1278 1170 1356 ἐτη.
1215 1271 1284 1355 Σήμ
1301 1275 1332 1338 δὲ
1350 1276 1492 1362 ἑκατοστῷ

341 1379 396 1442 ἐτει
420 1374 682 1463 όπρσειρημένος,
710 1378 729 1446 ό
750 1383 802 1446 καὶ
824 1379 1092 1462 φαντασιαζόμενος
1108 1374 1190 1460 παρά
1214 1384 1278 1449 τοῖς
1294 1381 1492 1458 Σαμαρείταις

341 1476 416 1543 είναι
434 1482 628 1564 Μελχισεδέκ,
651 1485 785 1567 ἐγέννησε
800 1482 852 1549 τόν
868 1480 1043 1567 Ἀρφαξάδ,ι
1056 1481 1108 1546 καὶ
1126 1474 1206 1560 όμοῶ
1222 1479 1340 1562 γέγονεν
1355 1480 1407 1560 έτη
1424 1477 1493 1569 σχρέ,

341 1583 397 1656 ἕως
411 1589 465 1646 τοῦ
485 1583 593 1666 χρόνον
614 1592 667 1648 τοῦ
685 1581 818 1670 Ἀβραάμ
835 1583 905 1649 καθ’
920 1585 957 1650 δν
973 1581 1134 1665 συνήντησε
1151 1588 1192 1666 τῷ
1208 1581 1403 1661 Μελχισεδέκ,
1428 1584 1494 1650 ἐκα-

341 1682 414 1750 ντσδν
431 1682 492 1750 α’πδ
508 1692 561 1766 τῆς
576 1693 673 1768 κοπῆς
690 1695 749 1752 τῶν
765 1689 833 1770 περὶ
852 1684 1077 1772 Χοδοίίογομόρ
1093 1685 1144 1748 καὶ
1164 1680 1266 1765 Βάρσα
1283 1683 1333 1746 καί
1349 1679 1493 1765 Σνμσβόρ

340 1788 390 1852 καί
407 1783 562 1869 ’Λμαρφάί
584 1797 642 1853 τῶν
663 1791 812 1871 βασιλέων.
860 1787 922 1854 Οὐκ
942 1791 1022 1870 ἐζησε
1045 1787 1077 1850 δέ
1095 1784 1166 1866 Σήμ
1186 1791 1315 1850 τοσαῦτα
1332 1787 1401 1866 ἐτη,
1422 1781 1494 1850 κατά

340 1886 394 1970 τήν
408 1889 523 1954 τούτων
544 1890 662 1974 ληρῶδη
678 1895 857 1970 φαντασίαν,
880 1887 950 1956 άίίά
967 1887 1007 1974 ρέ
1026 1891 1099 1954 ἐτῶν
1117 1889 1249 1972 ἐγέννησε
1266 1884 1318 1952 τόν
1333 1884 1495 1970 Ἀρφαξάδ,

342 1993 374 2056 ἐν
391 1998 431 2079 τῷ
452 1995 578 2080 δευτέρῳ
599 1997 654 2058 έτει
670 1992 742 2074 μετά
760 1992 811 2059 τόν
828 1990 1041 2074 κατακλυσμόν.
1087 1991 1148 2052 Καὶ
1167 1991 1249 2068 ἐζησε
1270 1985 1340 2069 μετά
1358 1993 1452 2054 ταῦτα
1465 1987 1495 2068 φ’

342 2095 403 2174 ἐτη,
426 2094 468 2168 ῶς
484 2115 576 2176 φησιν
591 2092 611 2176 ή
627 2100 696 2162 θεία
711 2095 822 2181 γραφή,
844 2098 895 2160 καί
910 2096 1062 2181 ἐγέννησεν
1077 2089 1165 2166 νίοός
1179 2091 1231 2154 καί
1246 2092 1426 2176 θυγατέρας,
1449 2092 1496 2156 καί

341 2192 482 2262 α’πέθανε.
531 2201 637 2262 Τοίνυν
655 2195 747 2264 αὐτοῦ
770 2197 909 2281 ζήσαντας
931 2194 1068 2274 ἑξακόσια
1091 2194 1178 2258 πέντε
1200 2195 1267 2274 ἐτη,
1294 2195 1346 2258 καὶ
1366 2191 1498 2272 τελευτή-

342 2319 457 2376 σαντος,
479 2307 545 2374 πῶς
559 2297 689 2382 ήδόνατο
705 2299 824 2380 φθάσαι
838 2303 880 2376 είς
897 2297 959 2392 τρί’
974 2301 1034 2379 έτη,
1057 2299 1107 2360 ἵνα
1125 2291 1143 2360 ό
1157 2293 1228 2376 Σήμ
1242 2292 1261 2360 ό
1276 2293 1342 2370 νίδς
1357 2303 1412 2360 τοῦ
1429 2302 1498 2362 Νῶε

341 2398 399 2484 πρά
416 2404 487 2468 δέκα
504 2409 610 2487 γενεῶν
626 2403 807 2484 καλεόμενος
821 2401 1001 2484 Μελχισεδὲκ
1016 2395 1097 2483 παρά
1115 2397 1231 2472 τούτοις
1252 2399 1405 2479 μετέπειτα
1427 2395 1498 2481 μετά

340 2506 411 2568 δέκα
424 2511 526 2589 γενεᾶς
539 2507 589 2570 καὶ
605 2504 666 2596 αρί
685 2508 735 2587 ἐτη
751 2509 923 2586 νομισθείη·
947 2504 1006 2568 Καὶ
1023 2493 1046 2566 ῶ
1062 2507 1115 2583 τῆς
1128 2507 1237 2580 ποίίῆς
1250 2507 1310 2566 τῶν
1323 2497 1497 2584 άνθρεόπων

341 2605 460 2688 πλάνης.
505 2607 590 2672 Κανά
615 2609 646 2674 δέ
670 2617 777 2690 ψῆφον
796 2606 890 2672 άίλων
907 2603 1096 2690 άντιγράφων
1118 2599 1177 2666 άπδ
1196 2609 1249 2682 τῆς
1270 2607 1326 2666 τοῦ
1345 2599 1418 2683 Σήμ
1438 2599 1498 2684 ήίι-

342 2711 422 2785 κίας,
446 2707 524 2785 ἐξότε
543 2712 710 2794 γεγέννηται
735 2707 753 2776 ό
776 2707 866 2784 αάτδς
883 2706 968 2790 Σήμ,
992 2709 1047 2781 ἕως
1066 2711 1119 2772 τοῦ
1143 2705 1411 2788 προδεδηλωμένου
1432 2702 1500 2788 χρό-

342 2835 396 2874 νον
419 2815 473 2890 τῆς
495 2835 524 2873 τε
549 2818 601 2876 τοῦ
623 2809 755 2896 Ἀβραάμ
778 2810 978 2892 ουναντήσεως
1007 2815 1071 2894 θεῷ
1094 2806 1290 2888 Μελχισεδέκ,
1316 2804 1382 2886 ἥτις
1407 2799 1446 2886 ήν
1471 2808 1502 2870 ἐν

342 2907 531 2999 ὀγδοηκοστῷ
551 2915 607 2977 ἐτει
619 2921 673 2994 τῆς
690 2921 766 2996 ζωῆς
780 2911 873 2978 αὐτοῦ
887 2911 908 2994 ή
922 2915 1116 2998 ἐνενηκοστῷ,
1139 2914 1248 2993 γίνεται
1262 2906 1325 2990 χκή
1341 2909 1392 2989 ἐτη
1411 2913 1502 2974 πλείω

342 3010 507 3093 ήέλάσσω,
530 3014 601 3090 ῶςτε
617 3015 780 3092 ἐξάπαντσς
797 3014 837 3098 μή
855 3015 1006 3081 δύνασθαι
1026 3016 1068 3088 είς
1089 3009 1140 3076 τόν
1162 3011 1426 3095 προδεδηλωμένον
1448 3017 1503 3075 τοῦ

340 3111 473 3196 Ἁβραάμ
499 3117 604 3198 χρόνον
629 3116 681 3181 τόν
706 3117 776 3199 Σήμ
801 3118 944 3197 φθάνειν,
976 3119 1026 3180 ἵνα
1051 3116 1100 3178 καὶ
1126 3113 1305 3195 Μελχισεδὲκ
1332 3117 1504 3194 νομισθείη.

345 3219 406 3280 Καὶ
428 3219 542 3282 διέπεσε
563 3218 751 3300 πανταχόθεν
772 3217 793 3301 ή
813 3225 873 3284 τῶν
893 3223 1086 3300 Σαμαρειτῶν
1107 3219 1303 3300 χνδαιοίογία.

215 3313 282 3378 Κεφ·
297 3309 325 3374 ἐ·
426 3317 568 3386 Ἰουδαῖοι
582 3321 671 3386 πάλιν
686 3322 837 3399 φάσκουσι
853 3319 903 3385 τόν
917 3329 1051 3386 τοιοῦτον
1068 3321 1182 3406 δίκαιον
1201 3317 1254 3397 μέν
1270 3312 1346 3381 εἶναι
1361 3318 1415 3382 καί
1430 3314 1505 3401 ῶγα-

342 3418 417 3498 θόν,
439 3424 491 3486 καί
507 3425 585 3507 ίερέα
601 3431 655 3488 τοῦ
672 3421 818 3504 όψέστον,
842 3421 883 3498 ῶς
899 3425 954 3505 ἔχει
970 3420 990 3502 ή
1005 3425 1076 3488 θεία
1093 3418 1210 3504 γραφή,
1232 3416 1282 3484 διά
1305 3419 1336 3482 δέ
1357 3415 1412 3482 τόν
1434 3419 1506 3484 υἱόν

220 3543 271 3588 1³⁸⁸·
285 3532 330 3576 ⁴²⁴·
345 3520 420 3588 εἶναι
436 3523 566 3608 πόρνης,
589 3530 677 3605 φασί,
699 3525 755 3607 τήν
772 3527 882 3610 μητέρα
899 3522 991 3590 αὐτοῦ
1007 3523 1048 3604 μή
1066 3521 1251 3607 γεγράφθαι,
1274 3520 1348 3604 μηδὲ
1369 3519 1422 3586 τόν
1445 3547 1506 3586 πα·

342 3628 412 3709 τέρα
436 3625 529 3692 αὐτοῦ
551 3627 758 3711 γινώσκεσθαι.
800 3627 933 3704 Ἐξέπεσε
955 3626 987 3690 δέ
1005 3629 1056 3692 καί
1077 3623 1191 3690 τούτων
1211 3619 1229 3688 ό
1246 3621 1383 3706 ίηρεόδης
1404 3622 1506 3709 λόγος.

345 3733 405 3794 Καί
419 3727 509 3813 Ῥαάβ
525 3731 620 3815 πόρνη
637 3728 750 3813 όπῆρχε
767 3735 816 3796 καί
836 3733 896 3796 ἐστι
910 3730 1111 3814 γεγραμμένη,
1134 3727 1184 3790 καὶ
1204 3724 1357 3809 1Ζαμβρή
1374 3726 1507 3808 πορνεύ-

344 3853 398 3908 οας
413 3837 572 3918 γέγραπται
589 3835 637 3898 καί
660 3831 833 3914 ἐΧαοβιθή
854 3829 913 3916 μετ’
930 3829 1038 3906 αὐτοῦ,
1061 3833 1166 3911 καίπερ
1182 3825 1319 3910 ῶίίστρία
1334 3819 1427 3906 οὖσα,
1452 3832 1508 3892 καί

344 3931 399 3998 οόιι
417 3935 477 4002 άπό
497 3939 604 4022 γένους
618 3933 731 4018 Ἰσραήλ
755 3933 929 4020 άναγσμένη.
975 3935 1035 3996 Καὶ
1055 3935 1113 4005 πῶς
1128 3927 1146 3996 ά
1162 3929 1202 4012 μή
1224 3927 1273 3993 διδ
1289 3927 1391 4012 θύρας
1412 3933 1510 4015 είςερ-

343 4035 482 4118 χόμενος,
510 4037 552 4114 ῶς
571 4041 631 4119 ἐφη
655 4036 687 4102 τό
710 4037 795 4121 άγιον
814 4035 997 4122 εόαγγέίιον,
1024 4031 1146 4122 λῃστής,
1174 4034 1224 4096 καὶ
1247 4029 1304 4096 οὐκ
1326 4031 1369 4096 ῶν
1389 4031 1511 4115 ποιμήν

344 4136 475 4222 όπάρχει.
517 4139 573 4204 Ἐν
592 4142 623 4206 δέ
641 4147 676 4228 τῇ
695 4143 829 4227 ἐκκλησία
848 4139 939 4220 φύσει
956 4138 1033 4211 τινές
1052 4138 1207 4221 διαφόρως
1225 4141 1330 4200 τοῦτον
1350 4133 1402 4200 τόν
1419 4141 1511 4200 Μεί-

345 4243 456 4325 χτσεδέκ
473 4239 625 4328 όρίζσνται.
675 4245 716 4308 Οί
732 4243 785 4324 μέν
806 4241 862 4326 γάρ
885 4238 999 4306 ἐαότόν
1015 4243 1165 4322 νομίζουσι
1180 4236 1267 4318 φύσει
1288 4235 1340 4302 τόν
1357 4238 1424 4302 υἱόν
1449 4247 1511 4304 τοῦ

380 4413 405 4467 ἐ.
422 4417 488 4466 mm·
503 4417 575 4476 ναίρο
590 4421 697 4478 emptu
715 4410 761 4481 ρᾶ.
973 4411 997 4463 6.
1016 4415 1082 4462 Libri
1099 4413 1183 4464 δοδιοί
1198 4413 1243 4464 τοῦ
1259 4427 1303 4472 vro
1320 4412 1368 4480 τῷ.

379 4487 402 4537 5.
421 4478 514 4538 Σαλὰκ
531 4483 585 4532 edu.
602 4487 677 4545 ρήπο.
975 4479 1034 4532 Cn.
1049 4480 1104 4532 vn.
1122 4509 1153 4518 -
1191 4483 1212 4532 ί.
1230 4482 1260 4530 Η.
1276 4494 1297 4530 ε.
1315 4478 1424 4550 Ζαμβρέ
