3168 4926
352 257 488 311 ennean
504 257 568 310 nm.
585 255 618 308 ιι.
636 257 717 309 ron.
733 257 752 306 ι.
770 255 869 308 naen.
883 255 1002 308 xuvru.
1221 243 1262 306 tt
1350 223 1354 246 '

103 389 179 458 tate,
203 377 378 442 ienelleinm
395 377 450 442 hoo
467 377 496 441 in
519 376 676 442 universos
693 377 840 441 oonlcrat.
880 373 940 441 Sic
957 395 1032 460 quos
1049 375 1184 454 vocavit,
1208 398 1261 441 vo·
1331 363 1354 451 ¹„

103 481 245 546 luntarios
262 481 364 565 utique
377 481 513 560 vocarit,
539 499 597 544 noo
615 490 645 544 ut
662 479 748 544 ullam
766 480 825 543 vim
851 478 1003 542 adhiberet
1025 489 1075 542 ant
1097 479 1174 542 collo
1195 478 1261 542 viu·

104 585 196 650 culum
214 581 393 647 innecteret.
439 581 483 647 lta
500 581 577 647 enim
596 582 740 667 loquitur:
771 588 871 645 Omnes
889 587 1015 644 sitientes
1034 587 1125 642 venite
1145 584 1184 643 nd
1204 603 1255 644 are.
1277 595 1339 692 {2:13

106 685 195 750 item:
220 691 259 748 Sr'
271 691 336 766 qnos
352 689 416 747 anit
427 691 523 748 amira
536 691 576 748 ad
589 708 648 760 ma,
674 687 796 766 abneget
808 689 984 765 semetipsum
996 695 1027 745 et
1046 697 1183 766 sequatur
1204 707 1256 746 me.
1283 701 1316 756 te,
1329 701 1361 746 tt.

105 787 273 872 Quinetiam
291 807 345 872 per
359 785 479 851 Esaiam
496 789 536 852 ita
556 787 648 852 dixit:
679 793 716 850 Sr'
735 791 881 850 uolueritis
899 798 931 847 et
951 789 1099 848 notuerint
1115 809 1167 848 me.
1214 788 1261 851 Ac
1280 801 1333 847 tant
1347 805 1367 859 1,
1380 804 1412 850 ts.

103 892 259 976 deinceps,
284 901 317 953 ut
335 889 467 975 quisnam
487 891 658 975 loqueretur
672 889 813 975 propheta
832 889 1013 952 declararets
1046 893 1083 950 Os
1103 895 1190 965 endo,
1215 889 1260 953 in·
1272 904 1411 961 litusens.

103 994 182 1079 qnit,
205 999 317 1056 sonant
333 999 457 1056 locatam
474 1005 518 1054 est
533 999 599 1055 istm
646 991 747 1056 lamna
763 992 847 1056 vides
864 992 938 1054 istos
963 1011 1028 1053 oum
1052 992 1146 1054 sacris
1168 992 1261 1056 literis

102 1097 177 1160 oolla
200 1108 346 1182 exparte
370 1095 547 1173 convenire,
571 1095 623 1160 sed
646 1096 853 1158 abhorrentem
880 1105 1118 1159 aoouseutaoca
1144 1094 1260 1159 divinae

102 1200 165 1263 idei
185 1199 320 1262 doctrina
337 1199 514 1262 sententiam
532 1219 722 1282 erroremque
738 1197 919 1262 defendere?
961 1196 1078 1261 Etenim
1095 1195 1260 1262 Maximilla

102 1303 237 1366 nolentes
262 1301 399 1364 nolentes
423 1321 533 1385 eogere
550 1321 583 1365 se
602 1300 734 1379 dicebat,
759 1311 791 1364 ut
811 1301 857 1363 vel
881 1299 935 1362 hoo
957 1299 1020 1385 ipso
1045 1301 1122 1363 dieto
1142 1299 1260 1361 menda-

102 1405 176 1468 cium
195 1403 264 1470 eius
282 1403 376 1489 possit
391 1401 525 1486 agnosci.
571 1401 650 1468 Nam
667 1424 722 1466 nee
741 1403 875 1467 volentes
892 1401 938 1464 dui
954 1425 1039 1486 quam
1060 1424 1118 1466 noo
1135 1401 1261 1466 habebat

102 1507 301 1591 coguitionem
318 1507 446 1584 edocuit,
471 1527 566 1590 nequo
580 1508 638 1569 vim
657 1505 823 1568 nolentibus
840 1504 946 1567 attulit.
977 1503 1046 1567 Nou
1064 1504 1259 1573 enimomnes

102 1611 146 1695 qni
164 1620 230 1672 toto
251 1608 323 1672 orbe
341 1619 410 1672 sunt
424 1607 610 1674 Maximillae
630 1627 735 1670 nomeu
752 1608 864 1682 seiont,
889 1616 939 1669 aot
956 1605 1019 1670 eius
1039 1606 1109 1670 laisa
1124 1608 1260 1691 dogmata

102 1724 130 1775 et
145 1731 306 1777 sermones
322 1712 488 1775 andierunt.
535 1707 587 1776 Sic
605 1711 722 1774 omuino
738 1712 867 1774 conliota
884 1709 998 1774 illorum
1016 1711 1128 1773 somnia
1150 1731 1259 1794 nugae-

102 1835 155 1900 que
171 1815 349 1891 concidunt,
375 1824 405 1876 ut
420 1835 495 1898 quae
518 1813 590 1877 nihil
605 1813 731 1876 habeant
747 1833 812 1876 oum
831 1812 929 1877 diviua
946 1813 1071 1876 venitote
1091 1834 1256 1878 commuue.

186 1912 330 1980 Ceterum
346 1916 433 1980 iidem
450 1915 490 1980 illi
511 1917 659 1980 desertum
678 1917 821 2001 quendam
841 1915 870 1978 iu
888 1913 1017 2001 Phrygia
1035 1916 1129 1978 locum
1146 1916 1259 2001 praeei-
1271 1918 1408 1988 Cap-XIV·

102 2039 157 2105 pue
174 2029 368 2098 venerantur,
391 2017 440 2081 nbi
457 2016 578 2105 Pepuza
595 2019 739 2102 quondam
759 2017 892 2104 oppidum
912 2017 976 2096 luit,
1001 2019 1076 2102 quod
1093 2019 1179 2081 lrodie
1194 2019 1258 2083 solo

101 2132 259 2207 aequatum
278 2131 334 2184 est.
381 2117 427 2183 tto
445 2121 587 2205 siquidem
604 2122 784 2185 descendere
803 2121 960 2184 coelestem
982 2119 1167 2184 Hierusalem
1183 2121 1259 2185 affir-

103 2235 193 2287 mant.
241 2221 325 2307 Ergo
347 2221 396 2285 illo
414 2223 655 2307 proficiscuntur,
684 2245 718 2288 ac
737 2223 878 2310 mysteria
895 2225 1035 2308 quaedam
1059 2223 1185 2300 obeunt,
1210 2244 1258 2286 sa·

100 2329 218 2410 erisque
235 2325 412 2390 ceremoniis
431 2333 484 2411 pro
498 2345 552 2390 sua
568 2327 706 2412 opinione
724 2326 884 2390 celebrant.
931 2324 987 2390 Est
1009 2327 1085 2390 euim
1109 2325 1256 2390 horninum

100 2430 148 2492 illa
164 2429 254 2492 lectio
272 2449 324 2514 per
340 2425 567 2513 Cappadociam,
587 2427 730 2494 Galatiam
743 2427 971 2515 Phrygiamque,
992 2451 1077 2514 quom
1093 2439 1161 2492 arrte
1178 2449 1256 2492 com·

100 2532 347 2609 memoravimus,
371 2531 520 2616 dispersa3
545 2533 673 2596 undeet
695 2535 854 2596 seeundum
876 2530 1010 2620 Phrygas
1034 2541 1114 2596 secta
1137 2531 1254 2596 dicitur.

102 2633 161 2700 Sed
183 2647 216 2699 et
238 2634 268 2696 in
292 2631 395 2698 Cilicia
417 2644 447 2696 et
470 2629 727 2720 Constantinopoli
752 2635 988 2719 frequentissima
1010 2635 1153 2698 ccrtritur.

183 2735 342 2802 Postremo
358 2757 396 2798 ne
412 2735 481 2820 qnid
497 2737 632 2801 omisisse
649 2737 813 2816 videamur,
838 2737 913 2822 qnod
931 2739 965 2800 ad
981 2736 1159 2821 singularum
1178 2759 1257 2800 oom-

99 2841 340 2927 preheosaruma
357 2838 442 2902 nohis
457 2839 618 2904 haereseon
635 2841 859 2927 appellationem
876 2839 1013 2924 partinet,
1039 2841 1074 2902 de
1088 2839 1257 2902 Tasoodru-

97 2945 223 3028 gitarum
236 2963 311 3006 voce
324 2941 463 3007 nonnulla
478 2941 598 3005 dicenda
615 2954 694 3006 suut.
726 2942 791 3005 Hoc
807 2942 884 3005 euim
896 2962 1001 3005 nomeu
1015 2941 1061 3004 vel
1079 2963 1170 3027 penes
1183 2941 1257 3007 lario

97 3047 201 3132 ipsam,
221 3045 269 3108 rel
281 3065 372 3130 penes
383 3053 554 3130 sequentem
565 3043 823 3129 Quintillianorum
835 3045 969 3108 haeresin
980 3045 1101 3108 resedit.
1126 3042 1258 3109 indidem

99 3149 172 3212 enim
191 3149 250 3212 hoc
266 3147 442 3212 vocabulum
457 3148 599 3232 originem
618 3149 743 3234 accepit.
786 3145 878 3232 igitur
893 3147 1130 3230 Tasoodrogitae
1147 3148 1257 3232 ideireo

98 3249 298 3335 cognominati
323 3259 409 3330 snut,
438 3252 514 3334 qood
541 3245 650 3324 eoaao'r
671 3252 786 3326 illorum
812 3250 910 3333 lingua
937 3250 1075 3334 paxillum
1100 3250 1255 3334 siguificat,

97 3355 245 3437 dpcrirpoc
260 3373 334 3417 vero
349 3373 452 3418 nasum
470 3354 534 3416 sive
550 3363 689 3417 rostrum.
724 3350 811 3436 Quod
827 3352 916 3436 igitur
933 3353 1010 3416 inter
1024 3354 1164 3416 orandum
1182 3353 1256 3417 iodi-

97 3477 159 3520 crm
176 3477 284 3523 manns
300 3455 420 3541 digitum
437 3477 511 3520 naso
527 3455 695 3539 imponunt,
719 3467 752 3519 ut
770 3455 858 3520 animi
878 3455 1024 3519 tristitiam
1047 3466 1077 3519 et
1093 3456 1255 3520 affectatam

96 3561 244 3644 quandam
260 3559 445 3623 sanctitatem
465 3579 535 3645 prae
555 3580 588 3622 se
605 3561 713 3637 ierant,
736 3580 752 3622 a
770 3559 919 3624 nonnullis
935 3559 1001 3624 ideo
1020 3558 1256 3642 Tasoodrugitae

96 3664 300 3742 nominantur,
325 3662 408 3747 quasi
425 3665 656 3724 Poar'tlonasones
672 3661 796 3726 dixeris.
843 3660 903 3727 Sed
921 3653 949 3725 iis
970 3663 1022 3726 hae
1036 3659 1184 3737 Montani,
1208 3661 1256 3724 vel

96 3766 121 3828 in
138 3767 205 3830 eius
221 3785 363 3850 germana
378 3763 652 3847 Quiutillianorom,
676 3775 728 3830 eut
744 3774 824 3828 oerte
840 3761 1092 3828 Priscilliuuorum
1109 3774 1140 3826 et
1158 3759 1254 3848 Pepo-

97 3870 272 3946 ziaoorum,
298 3867 413 3931 haeresi
432 3867 607 3930 horrendum
626 3867 759 3954 quiddam
778 3889 813 3930 oo
833 3868 1034 3931 detestandum
1056 3867 1118 3929 lieri
1137 3865 1253 3930 dicitur.

98 3969 175 4034 Nam
190 3971 367 4034 iulantolom
385 3991 437 4055 per
452 3971 573 4034 solenne
590 3971 732 4053 quoddam
753 3971 857 4034 testum
876 3971 985 4035 acubus
1003 3969 1099 4031 aereis
1115 3979 1176 4032 toto
1190 3989 1255 4032 eor-

98 4093 168 4158 pore
186 4082 354 4162 pungentes
374 4084 529 4159 exceptum
550 4072 721 4158 sauguinem
741 4072 894 4136 sacrificiis
913 4072 974 4136 suis
993 4070 1140 4135 adhibent.

1340 597 1414 692 ffel.

182 4275 245 4345 Sed
261 4279 297 4341 de
313 4277 367 4341 hae
382 4277 496 4344 haeresi
511 4277 582 4342 satis
599 4278 751 4344 hacteuus.
784 4275 850 4341 lloo
865 4275 941 4340 enim
956 4275 985 4338 in
1000 4296 1173 4362 unaquaque
1189 4297 1254 4340 sus·
1272 4295 1333 4364 cap.
1347 4293 1406 4348 xv.

98 4382 247 4468 cepimus,
279 4379 349 4445 nihil
369 4389 401 4444 nt
416 4381 732 4466 praetermitteremus,
762 4381 957 4464 octingenae
976 4381 1254 4444 communicaremus

132 4517 157 4572 2
175 4515 289 4586 ἑκάστης
301 4519 350 4587 τῆς
362 4513 409 4586 μὲν
424 4520 475 4570 end
490 4519 588 4582 litatio.
599 4524 620 4570 nt
631 4521 685 4572 tttrt
697 4521 760 4575 editt.
784 4521 882 4572 Secutus
895 4533 948 4571 mm
960 4519 1052 4570 Petenti
1066 4519 1254 4570 emmtottooem
