3168 4942
375 257 513 312 saunari
530 259 595 312 nm.
609 261 641 310 rr.
654 257 739 312 rou.
750 259 782 310 u.
800 259 900 312 naun.
913 259 1011 312 uxtx.
1206 247 1268 312 653

101 375 199 462 aliqua
215 377 365 463 praeditus
385 378 492 443 nudum
510 379 656 442 hominem
673 399 740 443 esse
759 377 906 442 dominnm
925 379 1093 458 existimet,
1117 379 1176 444 nisi
1193 380 1269 442 lorte

102 481 276 565 superiores
297 478 366 544 illae
384 481 544 561 haereses,
569 503 642 565 quas
665 493 752 545 antea
774 481 998 567 proposuimus,
1031 476 1165 545 Corinthi
1186 481 1269 546 rido-

101 581 189 660 lieet,
214 579 356 646 Merinthi
374 595 405 646 et
423 582 559 646 bibionis.
606 580 748 648 Ceterum
768 583 1068 669 praeterquamquod
1089 583 1136 646 vir
1157 593 1203 648 est
1225 585 1269 647 id·

101 705 161 767 que
179 686 315 748 eonsulto
332 685 367 747 ad
386 684 574 750 securitatem
591 687 772 764 ostenditur,
805 707 862 750 urna
879 686 967 749 etiam
986 696 1016 748 et
1032 685 1179 748 dominum
1198 707 1265 750 esse

103 807 163 850 oon
186 787 320 851 dubitant
347 787 394 872 qui
421 808 492 850 vere
519 789 618 852 lideles
643 799 723 852 sunt.
771 785 857 871 Quod
884 789 979 872 ipsum
1007 785 1129 852 loannis
1152 809 1267 872 quoque

102 889 277 953 testimonio
296 899 423 952 constet.
471 894 733 969 (desudantissimus,
759 891 864 974 iuquit,
889 893 926 952 od
939 895 1029 952 ritr'tr'o.
1077 886 1382 955 Uteunrde·1.tonnn.

103 992 199 1056 oleret
220 991 269 1076 qui
286 993 323 1055 ab
346 993 430 1055 initio
447 991 563 1070 extitit,
589 992 635 1056 dei
658 993 780 1056 verbum
799 993 911 1056 soiliuet
931 993 1006 1076 quod
1026 991 1119 1056 videri
1140 1013 1198 1056 oon
1219 1013 1271 1078 po·
1295 959 1316 1012 ¹⁹
1330 959 1348 1002 ι’

101 1103 179 1172 test,
204 1096 338 1179 qnodque
354 1097 448 1158 saeris
466 1095 494 1157 in
516 1095 610 1158 literis
640 1105 670 1159 et
687 1095 835 1180 prophetis
853 1095 1014 1159 nuntiatum
1031 1095 1215 1175 audivimus,
1241 1106 1271 1158 et

103 1195 136 1260 in
155 1198 240 1260 coelo
259 1197 413 1261 sublimem
429 1198 465 1260 ad
484 1196 606 1281 gloriam
623 1206 806 1281 proveetum.
843 1195 945 1279 Quare
960 1197 1001 1260 ita
1018 1197 1163 1282 loquiturr
1189 1203 1271 1278 Quod

7 1341 8 1346 κ
102 1302 185 1360 eiria’o
207 1303 381 1376 audierimus,
406 1312 437 1361 et
455 1303 547 1362 oeulis
568 1304 697 1362 mittimur.
747 1297 786 1365 Ut
804 1321 869 1364 eum
889 1299 1006 1363 audisse
1025 1320 1059 1364 se
1075 1299 1156 1380 dieit,
1181 1301 1267 1365 deum

102 1399 141 1462 ab
157 1399 242 1465 initio
258 1403 349 1465 luisse
369 1403 512 1482 latentur,
538 1423 602 1466 eum
620 1413 718 1467 autem
737 1401 848 1466 vidisse
864 1412 982 1480 narrat,
1008 1401 1155 1466 hominem
1176 1403 1268 1486 signi·

101 1502 188 1583 lieet,
212 1504 248 1568 de
267 1526 324 1588 quo
342 1501 469 1568 loannes
489 1502 626 1590 Baptista
644 1504 837 1589 loquebatur,
861 1526 927 1568 eum
944 1505 1074 1584 dieeret,
1101 1509 1185 1568 Venit
1201 1518 1269 1586 post

101 1627 147 1666 nae
166 1611 221 1666 νίν.
269 1603 343 1670 lllud
362 1629 451 1686 vero,
475 1611 522 1688 jur
543 1629 642 1670 montis
664 1619 781 1670 nostram
801 1619 1067 1682 contrectaverunt,
1093 1628 1160 1672 eum
1183 1629 1268 1672 usurn

102 1706 208 1786 habet,
240 1718 273 1772 ut
295 1729 361 1772 eum
376 1709 412 1772 ab
429 1708 512 1772 initio
533 1711 606 1774 deos
624 1710 729 1789 luerit,
760 1707 884 1774 eundern
910 1710 998 1772 etiam
1021 1710 1269 1795 eonspeetabilem

102 1809 313 1874 hominemex
331 1807 429 1880 Maria
453 1812 583 1895 genitum
610 1813 700 1876 luisse
725 1812 925 1889 demonstret,
957 1811 1082 1895 indeque
1105 1833 1121 1874 a
1145 1813 1268 1876 mortuis

100 1913 274 1978 surrexisse
293 1914 475 1998 perfeetum,
507 1917 581 1978 adeo
600 1926 632 1978 ot
657 1926 791 1978 sanetum
813 1914 881 1978 illud
900 1935 972 1992 ras,
1003 1915 1079 1998 qnod
1098 1927 1265 2001 aooeperat,

101 2014 161 2078 hoo
179 2025 225 2078 est
247 2017 407 2100 perfeetum
431 2015 558 2080 hominis
577 2027 730 2096 naturam,
766 2037 824 2080 non
843 2015 1005 2096 abiecerit,
1030 2017 1082 2081 sed
1101 2039 1167 2082 oum
1189 2019 1267 2082 illius

101 2117 180 2181 latus
197 2117 406 2204 clavorumque
423 2118 578 2183 eieatrioes
595 2139 629 2183 ae
647 2120 775 2204 vestigia
793 2129 1026 2198 contrectasset,
1056 2121 1111 2184 tria
1132 2121 1181 2184 illa
1203 2122 1268 2184 siue

102 2219 164 2284 ulla
189 2219 384 2284 haesitatione
407 2223 563 2286 oonlessus
582 2235 639 2285 est.
686 2219 739 2286 Sie
758 2221 850 2306 igitur
873 2223 949 2305 quod
971 2219 1117 2286 aloauue
1134 2219 1268 2307 Baptista

103 2321 229 2403 dieitur,
252 2327 308 2385 Hir
328 2335 374 2386 est
393 2345 472 2406 quem
494 2328 560 2386 dalei
578 2327 672 2398 rodei,
697 2329 836 2405 quonrirm'
851 2329 929 2386 uenit
942 2337 1011 2406 post
1024 2347 1068 2386 nte
1082 2329 1143 2398 uir,
1169 2325 1266 2388 inuar-

103 2423 253 2489 nationem
279 2426 421 2490 declarat.
467 2425 551 2490 liaeo
573 2437 690 2506 autem,
722 2431 808 2488 Pnshr
828 2448 871 2488 me
892 2439 973 2503 erot,·
1003 2426 1267 2491 eiusdirinitatem

102 2526 291 2611 significante
325 2535 456 2611 quondum
478 2541 544 2592 onte
566 2551 609 2592 me
631 2531 727 2593 laetus
745 2539 803 2594 est.
850 2525 985 2613 Quippe,
1016 2528 1092 2592 utin
1110 2529 1267 2612 evangelio

101 2629 245 2714 seriptum
269 2639 331 2710 est,
363 2637 393 2694 air
416 2636 519 2694 mundo
540 2645 620 2707 mot,
653 2645 682 2695 et
702 2635 822 2694 mondus
844 2652 900 2712 por
921 2635 1011 2711 mum
1030 2631 1126 2709 faetus
1147 2643 1206 2706 est,
1239 2643 1268 2693 et

100 2737 226 2794 mundus
247 2755 309 2795 eum
331 2756 388 2797 non
410 2741 552 2816 cognouit.

191 2832 279 2918 Quod
293 2837 318 2899 si
333 2837 440 2901 mundo
457 2849 533 2915 erat,
558 2848 716 2922 autequam
734 2847 908 2900 nasceretur
924 2847 976 2900 aut
991 2835 1166 2921 gigneretur
1182 2833 1268 2900 loun·
1281 2841 1421 2911 cipxtt.

101 2957 177 3015 nes,
201 2947 270 3001 ante
287 2939 367 3003 illum
387 2940 417 3004 in
435 2941 543 3004 mundo
561 2941 678 3020 extitit,
711 2940 788 3024 quod
806 2939 841 3002 de
866 2937 1017 3002 oreatione
1043 2951 1094 3003 aut
1111 2939 1269 3004 offertione

100 3039 228 3124 intelligi
245 3063 303 3105 nnn
322 3042 426 3121 debet,
460 3044 512 3107 sed
528 3043 564 3108 ad
583 3063 767 3107 communem
785 3041 923 3125 loquendi
941 3041 1085 3105 rationem
1104 3063 1270 3106 oooommo·

101 3141 202 3204 datum
222 3154 279 3222 est,
304 3166 360 3228 qua
378 3145 465 3229 vulgo
485 3145 528 3210 sie
546 3146 706 3230 loquuntur
728 3144 879 3222 homiues,
904 3140 960 3206 Fui
979 3141 1187 3230 ierosolymis3
1210 3141 1269 3208 Fui

100 3241 271 3329 Babylone,
282 3243 339 3310 Fui
362 3247 391 3310 in
412 3249 581 3334 ¹hethiopiu,
599 3245 653 3311 Fui
670 3247 894 3326 Alexandriae,
919 3246 968 3310 ubi
987 3268 1045 3312 non
1066 3245 1267 3324 ereetioulla,

101 3346 153 3410 uel
170 3348 333 3432 produotio,
358 3350 408 3412 sed
426 3351 560 3414 accessio
576 3362 606 3414 et
621 3351 765 3414 adrentus
784 3348 972 3435 exprimitur.
1006 3348 1084 3414 Nam
1099 3349 1189 3428 istud,
1211 3346 1269 3412 Fui

100 3445 278 3534 Babylone,
302 3451 351 3514 vel
367 3451 397 3514 in
416 3453 475 3515 olio
491 3453 575 3533 loeo,
607 3453 684 3516 idem
706 3453 787 3517 valet
805 3463 891 3538 atque
915 3451 961 3516 Eo
977 3454 1111 3538 perveni.
1158 3449 1269 3535 Quam-

101 3550 208 3615 obrem
225 3563 255 3615 et
270 3553 352 3632 illud,
376 3560 515 3617 Autome
528 3559 627 3639 sortite
645 3567 698 3631 est,
723 3555 790 3618 ideo
807 3556 988 3633 dictumest,
1011 3566 1044 3619 ut
1060 3554 1143 3620 verbi
1156 3556 1192 3617 ad
1210 3565 1269 3618 ter·

100 3673 169 3717 ram
186 3656 386 3720 accessionem
411 3657 605 3723 demonstret.
652 3655 725 3721 ltem
746 3656 834 3735 illud,
867 3661 952 3718 Prior
973 3679 1016 3718 me
1030 3669 1108 3731 erut,
1134 3657 1269 3720 diviuita-

100 3767 184 3836 tem,
209 3778 284 3842 quae
300 3779 418 3845 semper
439 3761 559 3840 existit,
584 3760 730 3840 ostendite
754 3759 828 3824 hoen
844 3779 933 3834 vero,
960 3763 1018 3839 θαι·
1031 3770 1103 3841 post
1120 3781 1163 3821 nne
1181 3764 1266 3834 uenit,

99 3869 174 3944 post
192 3857 334 3926 loannem
353 3883 421 3926 esse
438 3865 581 3947 genitum.
628 3861 808 3948 Propterea,
831 3866 897 3942 Ego
917 3885 983 3940 uon,
1009 3859 1119 3944 inquit,
1143 3865 1268 3924 elmnon-
1281 3871 1422 3928 uermes
1496 3902 1504 3916 .

100 3967 143 4026 tis
165 3967 196 4024 in
211 3967 339 4040 deserto,
364 3965 419 4029 hoo
436 3977 483 4030 est
498 3987 560 4030 vox
576 3966 611 4029 ad
629 3966 846 4051 praeparandas
862 3964 1010 4028 hominum
1034 3983 1123 4028 aures
1146 3964 1266 4028 emissa.

100 4063 166 4148 Qui
185 4066 263 4128 enim
282 4067 425 4147 clamant,
451 4079 482 4132 ut
498 4069 613 4132 eminus
630 4088 683 4132 eos
701 4078 828 4131 evooent
845 4067 949 4152 quibus
966 4067 1137 4150 significare
1159 4065 1266 4150 aliquid

100 4167 246 4253 cupiunt,
271 4189 409 4234 sonoram
428 4173 570 4257 quendam
587 4170 671 4234 initio
687 4189 803 4250 vorem,
828 4189 883 4233 neo
900 4169 1082 4233 ertiuulatam
1101 4170 1267 4254 proferunt,

99 4291 232 4354 eumque
251 4272 291 4336 illi
316 4273 380 4337 sola
405 4274 545 4339 exaudita
563 4294 638 4338 vooe
656 4273 693 4338 ad
717 4272 891 4337 audiendum
915 4283 1043 4336 mentem
1068 4271 1265 4354 adhibuerint,

137 4425 162 4476 2
181 4417 321 4494 Ἀντιοχείᾳ
338 4431 472 4490 moptoorm
486 4429 651 4478 euronotus.
738 4422 762 4476 t.
781 4419 865 4479 edredo
881 4427 949 4478 codd.
973 4441 1029 4478 nus.
1052 4433 1155 4492 uterque
1190 4421 1268 4481 αὐτοῦ

137 4494 165 4546 3.
182 4489 227 4548 τὸν
242 4497 310 4545 codd.
328 4509 383 4546 orer.
400 4500 422 4546 rt
438 4497 476 4546 ed.
490 4499 567 4559 prino.
703 4496 767 4546 mut
