3168 4926
421 247 555 302 riulan
571 247 635 300 me.
649 247 682 301 n.
698 248 780 300 rou.
794 247 813 299 1.
829 247 930 298 aare.
941 247 971 300 c.
1230 235 1271 300 45

110 363 159 426 lati
175 377 343 430 accuratam
360 387 395 430 se
410 367 495 432 buius
508 367 633 444 instituti
647 369 791 432 rationem
807 367 945 432 didicisse
958 367 1139 451 gloriantur,
1164 367 1192 429 in
1208 367 1272 451 qui·

110 466 163 530 bus
178 468 321 554 seriptum
338 479 385 534 est
398 467 485 534 Vlll.
502 467 571 534 llal.
590 471 702 556 Aprilis
718 471 896 534 salvatorem
911 489 979 533 esse
996 489 1125 553 passum.
1160 465 1272 550 Quam-

111 569 211 632 obrem
227 569 277 634 illa
295 571 358 655 ipsa
377 573 424 637 dic
439 573 591 637 celebrare
606 571 721 637 Pascba
737 573 855 651 volunt,
879 573 909 635 in
930 591 1140 657 quamcumque
1156 573 1270 636 demum

110 671 197 736 lunae
214 669 305 737 XlV.
325 675 388 740 dics
405 674 574 738 incurrerit.
619 676 661 740 m
680 677 727 760 qui
745 676 776 738 in
793 671 978 760 Cappadocia
995 675 1121 758 degunt,
1146 676 1270 738 eandem

111 773 186 836 deur
208 797 285 859 quac
310 789 356 840 est
379 775 467 840 Vlll.
485 775 553 842 llal.
573 778 648 863 Apu.
670 777 830 842 celebrant.
875 775 1008 840 Tametsi
1033 799 1091 840 non
1113 776 1270 842 mediocris

110 889 153 940 est
169 877 249 940 inter
265 879 332 944 illus
348 880 507 946 dissensio.
552 875 694 944 Nonnulli
711 880 787 944 eninr
803 879 901 942 lunam
919 875 1010 942 XlV.
1029 888 1172 958 statuunt,
1196 899 1271 963 ques

108 977 137 1039 in
154 976 244 1042 Vlll.
262 977 332 1044 liat.
351 982 427 1068 Apr.
446 983 558 1046 incidit.
603 981 670 1048 Noe
689 981 832 1046 Actorum
852 981 995 1045 eiusmodi
1014 979 1102 1044 Pilati
1120 979 1271 1066 exempla·

107 1082 149 1144 ria
171 1084 315 1166 quaedam
335 1084 518 1164 invenimus,
541 1107 616 1170 quae
631 1107 660 1148 s.
679 1085 709 1148 d.
726 1081 801 1150 XV.
822 1080 886 1147 lial.
906 1084 981 1169 Apr.
999 1085 1165 1168 passionem
1183 1080 1271 1148 Chri·

107 1183 145 1248 sti
160 1184 324 1268 contigisse
341 1185 510 1250 narrabant.
552 1185 661 1250 Verum
675 1197 758 1251 certo
775 1196 806 1250 ct
820 1207 860 1252 ex
876 1185 920 1249 rei
935 1187 1059 1250 veritate
1075 1187 1270 1271 comperimus
1367 1181 1371 1198 '

106 1305 135 1348 a.
152 1287 183 1348 d.
199 1284 293 1351 Xlll.
308 1285 378 1352 lial.
393 1289 468 1374 dpr.
485 1309 603 1374 pessum
617 1309 684 1352 esse
696 1289 887 1353 salvatorem.
923 1288 983 1352 Alii
998 1290 1036 1351 ed
1050 1286 1093 1351 X.
1108 1286 1175 1352 llel.
1192 1289 1268 1373 dpr.

107 1387 261 1453 reiiciuut.
306 1388 367 1454 Sed
384 1392 431 1454 isti
447 1413 465 1456 a
480 1391 629 1477 proposito
645 1389 832 1454 exciderunt.
877 1389 989 1454 Verum
1006 1391 1073 1454 nolo
1087 1391 1218 1476 pluribus
1234 1411 1268 1454 ea

107 1491 143 1554 de
165 1512 200 1556 re
223 1492 385 1579 disputare.
430 1493 551 1578 Alioqui
574 1494 664 1558 multa
686 1493 771 1558 nobis
793 1494 829 1560 ad
851 1494 1005 1558 dicendum
1027 1503 1196 1579 suppetunt.

184 1695 311 1782 Moyses
327 1699 442 1784 quidem
458 1699 620 1785 legislator,
641 1720 706 1762 crim
724 1698 892 1764 universam
905 1699 999 1783 legem
1013 1698 1170 1778 edixisset,
1188 1719 1270 1762 mau-
1290 1704 1348 1770 0⁸9·
1369 1707 1399 1754 ¹¹·

105 1800 176 1862 dato
195 1801 335 1866 divinitus
354 1811 489 1886 recepto,
522 1813 555 1866 ut
576 1803 605 1866 in
626 1813 775 1887 postremo
791 1800 1014 1866 Deuteronomii
1038 1802 1112 1868 libro
1127 1801 1267 1886 scriptum
1283 1786 1348 1833 Μ’·
1363 1787 1397 1832 ²²·

107 1915 173 1982 eat,
206 1903 434 1988 imprecationes
458 1923 560 1968 omnes
581 1903 751 1990 proposuit,
783 1925 841 1968 non
861 1905 947 1968 modo
965 1923 1039 1988 quae
1059 1906 1094 1967 ud
1107 1902 1269 1968 ¹Puscbetis

104 2005 353 2084 celebrationem,
379 2007 430 2070 scd
448 2007 534 2070 ctiam
551 2027 626 2091 quae
641 2008 678 2070 ad
695 2007 948 2072 circumcisionem
966 2027 1000 2070 au
1016 2007 1154 2070 decumas
1171 2019 1200 2070 et
1216 2007 1268 2070 ob·

104 2108 234 2171 huense
247 2109 431 2194 spectabant.
479 2107 581 2192 Quare
596 2110 662 2172 dum
678 2129 765 2174 uuum
781 2108 1000 2196 imprecationis
1014 2131 1109 2194 genus
1123 2109 1266 2189 devitant,

86 2211 135 2300 ⁸iu
150 2211 224 2274 elias
239 2212 405 2297 complures
420 2213 595 2298 semetipsos
610 2212 743 2276 induunt.
785 2209 979 2276 Excrrabiles
994 2214 1100 2298 quippe
1115 2233 1167 2275 eos
1181 2233 1268 2296 opor·

105 2323 150 2376 tet
167 2335 253 2392 csse,
286 2315 334 2398 qui
353 2335 448 2400 neque
466 2313 711 2380 circumcidantur
726 2314 869 2400 amplius,
902 2335 997 2398 neque
1016 2315 1153 2378 decumas
1169 2313 1268 2398 pensi-

103 2427 188 2495 tcnt,
221 2438 316 2501 neque
335 2415 542 2503 Hierosolymo
560 2418 713 2502 quicquam
730 2418 872 2482 offerendi
895 2418 989 2501 gratia
1009 2417 1191 2480 submittant.
1239 2412 1266 2480 0

104 2519 242 2582 bomines
263 2530 368 2605 sponte
387 2519 622 2584 cavillationibus
644 2521 735 2584 variis
757 2541 792 2586 ec
809 2519 941 2584 ludibriis
958 2521 1154 2604 opportunusl
1202 2516 1266 2584 ltec

104 2619 185 2684 enim
201 2621 238 2684 ab
254 2621 427 2685 ecclesiaste
445 2623 595 2707 sapienter
613 2622 739 2701 dictum,
763 2623 811 2685 vcl
829 2623 925 2708 potius
941 2643 958 2684 a
973 2619 1077 2706 spiritu
1093 2631 1197 2686 saneto
1214 2642 1268 2686 no·

103 2734 167 2786 atra
189 2744 300 2786 caussa
317 2724 552 2810 pronuntiatum,
583 2725 620 2788 ad
638 2723 705 2790 illos
724 2723 938 2790 accommodari
957 2735 1072 2809 potesse
1105 2727 1166 2786 Hoc
1188 2729 1268 2786 nouit
1282 2735 1417 2834 chlcppue

103 2829 304 2902 sabricius,
330 2831 460 2908 pucnsicm
475 2833 543 2890 deas
555 2831 721 2908 mamertem
737 2830 956 2912 dmnrimrnsccr't
966 2840 1091 2903 rectumr
1116 2831 1266 2890 s'lb'eutcm
1331 2820 1339 2844 '
1377 2819 1382 2829 ¹

103 2931 297 3011 ricqurbr'erucnt
318 2935 415 2992 varein
435 2932 614 3012 sibimetipse
636 2935 706 2994 ucles.

188 3033 238 3096 An
253 3053 313 3096 non
327 3033 451 3098 istorum
466 3033 650 3119 explodenda
664 3033 769 3098 merito
785 3033 932 3097 sententia
949 3037 1012 3098 est?
1042 3031 1172 3098 Primum
1188 3033 1265 3096 enim
1357 3077 1360 3084 ‚

102 3135 127 3198 si
143 3131 262 3198 Pascha
284 3135 331 3198 die
347 3133 438 3199 XlV.
457 3136 623 3215 celebrant,
655 3136 711 3200 iam
731 3148 823 3200 tuma
842 3136 890 3200 die
906 3133 951 3199 X.
973 3137 1191 3222 praeparandus
1208 3136 1266 3200 illis

104 3258 197 3321 egnes
214 3238 290 3316 crit,
321 3259 377 3302 nee
395 3238 517 3324 amplius
535 3259 593 3302 uua
611 3239 669 3302 erit
685 3250 864 3304 consecrate
876 3238 987 3302 ieiunio
1003 3239 1089 3318 dies,
1114 3239 1165 3303 scd
1181 3236 1266 3322 quie·

104 3361 176 3424 pue,
207 3339 348 3404 nimirum
368 3341 499 3421 decima,
521 3341 692 3422 undecima,
717 3341 905 3422 duodecima,
930 3340 1042 3405 decima
1060 3340 1148 3404 tertia
1166 3349 1198 3403 ct
1215 3343 1266 3404 de·

103 3443 176 3507 eima
193 3454 313 3528 quarta.
360 3439 446 3526 Quod
464 3442 490 3508 si
507 3446 543 3507 ad
563 3465 715 3528 vesperam
733 3441 846 3508 Pascha
865 3445 954 3509 luerit
970 3443 1165 3522 immolatum,
1189 3442 1264 3527 quod

102 3541 191 3609 XlV.
211 3547 261 3610 die
281 3547 471 3612 illucescente
487 3547 617 3630 geritur,
651 3543 695 3612 Vl
712 3547 774 3614 dics
797 3547 908 3614 ieiunio
926 3545 1070 3610 tribuendi
1092 3557 1178 3623 sunt,
1210 3563 1264 3607 nec

102 3647 158 3711 iam
176 3669 254 3712 uuus
272 3648 479 3735 praelinietur,
512 3649 613 3736 sicque
632 3649 727 3712 omnis
743 3650 792 3714 ills
815 3651 851 3712 de
866 3671 923 3712 uns
941 3648 989 3712 dic
1006 3649 1137 3734 quaestio
1160 3667 1212 3731 per
1230 3666 1265 3710 se

102 3753 164 3837 ipse
186 3753 320 3829 corruit,
352 3773 426 3836 quae
449 3771 517 3816 esse
538 3753 624 3815 unica
648 3752 766 3816 desinit.
811 3751 889 3828 Nam
913 3753 1000 3816 etad
1023 3751 1088 3815 illes
1107 3751 1264 3834 figurarum

104 3855 238 3934 umbras,
262 3875 338 3939 quse
356 3854 392 3918 iis
408 3853 479 3938 ipsis
495 3853 715 3937 significantur,
739 3855 774 3918 sd
790 3855 929 3918 amussim
943 3862 1124 3938 congruunt,
1147 3863 1177 3916 et
1191 3851 1265 3916 istos

104 3979 226 4023 necesse
244 3969 292 4022 est
309 3957 384 4020 baud
400 3957 575 4020 mediocrem
591 3955 756 4020 divinorum
774 3956 981 4042 mysteriorum
996 3954 1137 4018 iacturam
1153 3956 1262 4018 lucere.

104 4055 254 4126 Christum
277 4060 358 4124 cuim
375 4047 466 4124 xlv.
485 4059 534 4124 die
555 4058 677 4124 mactari
701 4079 742 4122 ex
761 4057 942 4144 praescripto
964 4057 1039 4142 legis
1060 4058 1203 4144 oportuit,
1233 4069 1267 4122 ut

103 4217 213 4268 Hermon.
233 4217 262 4279 t,
279 4211 303 4267 4.
627 4231 628 4236 ’
702 4214 781 4263 tinent.
814 4215 869 4264 ltem
883 4214 909 4263 c'n
925 4215 959 4262 cic
973 4212 1033 4275 cuce
1048 4219 1176 4276 sequuntur
1189 4215 1266 4263 nomi·

137 4285 160 4334 d
188 4288 225 4336 lto
251 4287 351 4336 currat
398 4283 457 4334 cod.
477 4283 575 4347 libcdip.
601 4283 671 4334 bobes
701 4284 793 4332 aedues
807 4283 908 4344 reduci,
924 4283 1043 4334 cumadd.
1060 4285 1169 4332 cunoni
1185 4287 1206 4332 et
1220 4284 1265 4332 l’c·

104 4345 209 4417 adroic,
225 4356 312 4415 reliqui
330 4354 386 4402 libri
403 4345 515 4410 ἑαυτοὺς.
701 4352 761 4400 tnuii
784 4352 884 4400 babeant
907 4345 1055 4418 τῇδεκάιῃ
1079 4347 1124 4402 καὶ
1140 4343 1230 4402 indeed

138 4421 161 4472 d.
178 4419 200 4474 el
217 4419 253 4489 τῇ
269 4435 318 4483 epo.
355 4417 382 4472 dn
420 4419 432 4434 '
450 4422 504 4469 libri
521 4433 611 4472 omnes.
702 4417 746 4470 καὶ
772 4413 907 4486 δωδεκάτῃ
933 4416 977 4470 καὶ
1001 4412 1193 4486 τριςκαιδεκάτῃ
1220 4433 1253 4468 acc

137 4483 233 4554 birca
248 4491 332 4553 stipsi
344 4503 393 4554 pre
440 4486 474 4556 τῇ
489 4489 668 4551 oucdtlbrirc·
701 4483 974 4556 reccepccacetdcaccirp.
