3128 4930
342 213 401 278 156
764 224 1072 280 ελκοτιτνιεετιιτιι

342 344 395 409 καί
411 349 466 426 τῆς
481 341 577 426 μόνης
590 350 756 427 καθολικῖγς
773 346 940 426 ἐκκλησίας;
970 346 1030 410 Καί
1049 340 1103 428 οέη
1119 341 1224 420 στ’ίτας.
1271 345 1322 420 Τίς
1342 339 1399 430 γάρ
1422 339 1498 428 ῑοάγ

341 447 419 528 αίρεῖ
434 447 486 510 ἕνα
501 444 575 511 θεόν
593 441 668 512 εἶναι
688 453 742 528 τῆς
757 443 900 528 ἀληθείας
915 448 1028 531 πατέρα
1046 442 1287 532 παντοκράτορα,
1313 448 1343 524 ἐξ
1364 438 1461 533 οδττερ
1482 443 1498 512 ό

341 547 501 634 μονογενὴς
518 545 584 624 ιιίός
608 550 639 614 ἐν
659 545 782 637 ἀληθείᾳ
799 547 873 625 θεδς
889 547 992 634 λόγος,
1014 547 1210 626 ἐνυπόστατος
1226 547 1314 637 λόγος
1329 551 1497 636 γεγεννημέ-

341 675 393 726 νος
408 647 549 733 ἀληθινός
572 653 602 728 ἐξ
618 648 711 720 αδτοῦ
732 648 866 736 ἀνάργοτς
884 653 936 718 καί
950 649 1097 736 ἀχρόνοτςς
1107 648 1176 726 ,Διό
1194 653 1247 717 ἐντι
1263 650 1339 718 θεόν
1355 649 1497 734 ἀσφαλῶς

340 750 513 835 κηρόττειὴ
530 755 684 836 ἐκκλησία,
707 755 818 838 πατέρα
832 755 883 820 καί
899 752 980 820 νίόν·
1002 751 1093 830 διότι,
1114 751 1195 842 Ἐγοό
1213 757 1244 820 ἐν
1259 761 1299 842 τῷ
1316 757 1424 842 πατρί,
1449 758 1499 822 καί

342 851 472 940 όπατὴρ
492 857 524 920 ἐν
540 857 622 938 ἐμοὶ,
651 857 702 922 καί
724 858 755 922 οί
775 855 832 922 δύο
850 859 883 922 ἐν
902 859 1001 939 ἐσμεν,
1023 857 1152 924 τουτέστι
1172 861 1226 940 μία
1243 855 1363 939 θεότηίι
1390 859 1444 924 καί
1464 863 1498 924 ἐν

339 959 471 1040 θέλημα,
495 959 546 1022 καί
562 962 615 1040 μία
632 956 781 1043 κυριότης.
824 957 879 1037 Ἐξ
896 956 989 1026 αάτοῦ
1008 959 1040 1024 δέ
1054 966 1107 1025 τοῦ
1128 957 1240 1044 πατρός
1257 962 1308 1025 καί
1324 957 1357 1026 τό
1379 968 1498 1044 πνεῦμα

204 1088 207 1096 ·
304 1094 306 1102 ’
344 1059 533 1144 ἐκπορεύεται
550 1059 752 1126 ἐννπόστατον
773 1059 826 1140 δν,
853 1064 904 1126 καί
927 1064 958 1126 ἐν
978 1058 1104 1150 ἀληθείᾳ
1124 1064 1231 1128 τέλειον
1250 1069 1367 1146 πνεῦμα
1389 1061 1423 1128 τό
1447 1071 1499 1146 τῆς

341 1158 498 1244 ἀληθείας,
519 1160 553 1228 τό
569 1168 697 1244 φωτίζον
712 1161 748 1230 τά
766 1162 871 1244 πάντα,
893 1161 926 1230 τό
943 1166 976 1229 ἐκ
992 1170 1046 1230 τοῦ
1062 1167 1132 1230 νίοῦ
1148 1163 1308 1248 λαμβόνον,
1330 1163 1363 1230 τό
1380 1173 1499 1250 πνεῦμα

339 1273 392 1348 τῆς
411 1263 568 1348 ἀληθείας,
590 1263 623 1331 τό
642 1273 758 1350 πνεῦμα
777 1273 831 1332 τοῦ
847 1264 973 1352 πατρός,
994 1265 1029 1331 τό
1044 1273 1160 1349 πνεῦμα
1181 1273 1236 1333 τοῦ
1253 1274 1392 1352 Χριστοῦ.
1440 1267 1497 1336 Διό

341 1372 410 1451 μίαν
424 1367 554 1451 θεότητα
570 1365 651 1433 οίδεν
664 1366 686 1452 ἡ
701 1371 849 1452 ἐκκλησία,
869 1366 913 1447 είς
927 1366 1000 1445 θεός
1014 1366 1033 1435 δ
1045 1377 1098 1452 τῆς
1113 1366 1254 1452 ἀληθείας
1267 1367 1374 1455 πατὴρ,
1398 1369 1498 1456 πατὴρ

340 1472 450 1547 τέλειος
466 1469 679 1552 ίννπόστατος,
701 1469 768 1548 νίός
784 1473 892 1550 τέλειος
907 1471 1122 1551 ἐνυπόστοιτος,
1146 1474 1197 1538 καί
1216 1471 1304 1559 ἅγιον
1319 1479 1440 1555 πνεῦμα
1455 1477 1498 1538 τέ-

339 1580 418 1638 ίειον
438 1569 651 1653 ἐνυπόστατον,
679 1579 732 1656 μία
749 1574 877 1660 θεότης,
904 1579 956 1658 μία
979 1579 1146 1654 δεσποτεία,
1172 1578 1224 1658 μία
1245 1573 1395 1658 κνρτότης.
1441 1573 1497 1641 Διό

341 1673 437 1758 πόντη
460 1683 564 1757 σαφῶς
581 1675 776 1762 κεκηρόχασιν
791 1681 825 1744 αῖ
839 1685 922 1744 θεῖαι
936 1679 1050 1764 γραφαί
1067 1679 1119 1743 ἕνα
1134 1674 1224 1756 θεόν,
1244 1679 1377 1744 τουτέστι
1392 1677 1499 1765 τρτάδα

340 1774 517 1860 όμοοόσιον,
540 1777 586 1845 ἀεὶ
608 1769 703 1845 οὖσαν
725 1785 778 1862 τῆς
801 1777 894 1863 αὐτῆς
914 1777 1106 1862 ταυτότητος,
1127 1788 1180 1863 τῆς
1200 1777 1292 1862 αάτὴς
1312 1779 1497 1866 κυριότητος.

217 1907 268 1954 ηις.
282 1899 327 1946 ιτα
342 1883 401 1946 Καί
423 1882 556 1948 διέπεσεν
583 1884 616 1948 ἐκ
636 1881 823 1965 πανταχόθεν
849 1880 867 1948 δ
887 1889 940 1966 τῆς
966 1880 1107 1966 ἀνοησίας
1127 1903 1182 1948 σου
1203 1881 1304 1968 λόγος,
1334 1873 1358 1947 εδ
1381 1879 1497 1965 ἀνόητε.

345 1987 454 2048 Τοίνυν
475 1983 588 2050 τοότοτν
606 1987 767 2071 εἰρημένων
787 1987 838 2052 καί
857 1982 1020 2062 ἀντιθέτως
1039 1982 1117 2070 πρός
1138 1983 1191 2061 τάς
1207 1992 1261 2052 τοῦ
1277 1987 1499 2070 προειρημένον

342 2092 466 2167 Νοητοῦ
481 2086 586 2166 φωνάς
601 2097 723 2154 σκοπεῖν
740 2091 770 2166 ἐξ
785 2085 919 2174 δπαργῆς
933 2085 1004 2174 γρὴ,
1025 2088 1077 2153 καί
1090 2085 1187 2165 οὕτως
1203 2086 1239 2154 τοί
1254 2085 1331 2152 αάτά
1348 2086 1498 2168 κεφάλαια

341 2186 520 2274 ἀνατρέπειν.

212 2599 278 2670 Κῑφ·
294 2599 323 2657 ε’·
359 2675 364 2688 ρ
428 2608 555 2686 Προῖτον
572 2603 625 2684 μέν
642 2593 699 2668 οὖν
716 2599 819 2685 ίπετδὴ
841 2598 994 2687 παρήγαγε
1015 2598 1048 2667 τό
1068 2597 1232 2682 κεφάλαιον
1252 2597 1314 2677 δτι,
1336 2593 1397 2673 Ele
1413 2595 1499 2677 θεός,

341 2705 371 2782 ἐξ
387 2695 424 2769 οὗ
439 2701 476 2767 τά
493 2701 605 2782 πάντα,
627 2705 677 2770 καί
692 2700 777 2788 ἡμεῖς
793 2706 835 2780 είς
848 2701 954 2781 αὐτόν,
976 2705 1028 2768 καλ
1044 2700 1086 2778 είς
1100 2701 1206 2788 κύριος
1218 2699 1337 2784 Ἰησοῦς
1356 2699 1500 2784 Χριστός,

340 2805 392 2871 καί
409 2801 494 2888 ἡμεῖς
513 2802 551 2870 δι’
567 2803 675 2884 αὐτοῦ,
698 2803 735 2871 δι’
750 2805 787 2872 δν
802 2804 838 2872 τό
858 2805 971 2882 πάντα,
994 2807 1045 2872 καί
1059 2803 1144 2888 ἡμεῖς
1160 2801 1197 2870 δι’
1214 2802 1322 2883 αὐτοῦ,
1345 2801 1401 2886 οάγ
1423 2801 1501 2892 δρᾷς

341 2906 404 2987 ότι,
435 2904 493 2984 Είς
506 2905 594 2986 θεός,
617 2909 647 2986 ἐξ
664 2899 701 2973 οδ
721 2906 758 2973 τά
775 2907 887 2988 πάντα,
910 2911 959 2973 καί
976 2906 1061 2992 ἡμεῖς
1078 2909 1120 2984 είς
1135 2903 1242 2986 αάτόν,
1264 2913 1329 2982 πῶς
1350 2903 1405 2988 τὴν
1426 2911 1501 2988 μίαν

341 3008 436 3094 ἀρχὴν
450 3015 600 3093 σημαίνει,
622 3013 673 3076 ἵνα
689 3007 730 3094 μὴ
748 3014 789 3086 είς
809 3009 920 3087 πολλάς
935 3008 1026 3096 ἀρχάς
1041 3011 1137 3099 τρέψη
1155 3007 1209 3092 τὴν
1224 3006 1361 3074 διάνοιαν
1379 3009 1435 3072 καί
1459 3011 1501 3084 είς

342 3118 508 3178 πολυθεΐαν
525 3110 620 3204 α’γάγη
641 3111 731 3178 πόλιν
750 3112 804 3179 τόν
818 3115 1008 3196 πλανηθέντα
1025 3119 1098 3179 νοτῖν
1115 3119 1176 3178 τοῖν
1196 3109 1367 3197 ἀνθρώπων
1388 3111 1440 3176 ἐπί
1464 3119 1502 3200 τῇ

342 3220 509 3304 κενοφωνίρι
527 3221 580 3298 τῆς
595 3221 774 3294 πολοθείαςς
801 3213 891 3304 Ὁρᾷς
911 3213 968 3302 γάρ
987 3220 1051 3291 πῶς
1069 3215 1113 3280 ἐνί
1131 3211 1254 3296 όνόματι
1272 3204 1428 3300 ιιέχρητοιι,Ι
1448 3215 1499 3280 καί

343 3325 396 3406 μιηῖ
413 3315 574 3407 δνομασίγι,
598 3315 654 3384 οὐκ
671 3316 852 3402 ἀρνούμενος
873 3316 925 3384 τόν
947 3325 1091 3403 μονογενῆ
1106 3314 1189 3382 θεόν.
1236 3311 1306 3380 Οίδε
1327 3313 1382 3401 γάρ
1404 3313 1501 3380 αὐτόν

340 3419 535 3505 κόριον,“καί
553 3417 632 3486 οἶδεν
648 3418 739 3487 αὐτόν
762 3419 852 3500 θεόν,
875 3419 922 3486 διό
937 3417 1169 3503 ἀσφαλιζόμενος
1183 3419 1273 3504 λέγει,
1303 3419 1364 3482 Καί
1380 3413 1424 3494 είς
1447 3417 1501 3482 ιά-

341 3549 408 3612 ριος
421 3520 540 3605 Ἰησοῦς
558 3521 696 3608 Χριστός,
719 3521 757 3588 δι’
770 3515 807 3588 οδ
824 3521 860 3588 τό
874 3521 977 3588 πάντα.
1009 3525 1071 3588 Καί
1086 3524 1136 3588 ἐπί
1152 3521 1206 3605 μὲν
1220 3528 1274 3586 τοῦ
1290 3517 1394 3606 κάριος
1407 3528 1501 3586 τοῦτο

341 3627 434 3712 λέγων
453 3623 490 3692 οά
507 3624 559 3692 τόν
580 3623 671 3692 αάτόν
695 3624 820 3708 ἐσὴμανε
843 3626 955 3710 πατέρα
978 3623 1053 3692 εἶναι
1073 3627 1125 3691 καί
1143 3621 1196 3690 τόν
1211 3619 1304 3688 αδτόν
1320 3619 1404 3702 υἱόν,
1426 3621 1502 3688 ἀλλά

342 3731 431 3806 ἐδειξι
446 3727 499 3795 τόν
512 3729 566 3810 μέν
581 3729 693 3814 πατέρα
709 3729 822 3811 πατέρα
837 3725 924 3806 ὅντα,
949 3726 1001 3794 τόν
1016 3729 1048 3792 δέ
1063 3724 1132 3792 οίδν
1151 3723 1219 3792 υίδν
1234 3723 1371 3808 ἀληθῶς,
1393 3724 1501 3810 ἐπειδὴ

341 3829 376 3898 τό
397 3834 505 3911 εἰπεῖν,
526 3827 587 3906 Ele
604 3828 692 3912 θεός,
716 3832 765 3896 ἐπί
780 3837 820 3918 τῷ
838 3832 926 3913 πατρί
943 3827 997 3914 οόγ
1013 3827 1055 3906 τίς
1069 3826 1249 3914 ἀρνούμενος
1265 3828 1314 3894 ἐπί
1330 3833 1372 3916 τῷ
1389 3831 1449 3917 υίρῖ
1467 3827 1500 3895 τό

343 3930 418 3999 εἶναι
433 3933 508 4010 θεός
526 3937 565 4012 (εί
579 3932 634 4020 γάρ
652 3931 693 4016 μὴ
709 3931 792 4012 θεός,
814 3929 882 3998 οὔτε
895 3931 1012 4017 κόριοςΙ
1035 3929 1137 4014 ἐπειδὴ
1151 3931 1184 3996 δέ
1199 3928 1312 4016 κάριος,
1333 3931 1386 3994 καί
1402 3930 1501 4014 θεός),

344 4032 401 4100 ἀλλ’
417 4039 460 4113 είς
482 4042 554 4119 μίαν
571 4034 734 4119 όνομασίαν
755 4032 876 4122 ἀνάγειν
893 4033 1126 4120 ἀναγκαζόμενος
1147 4029 1208 4098 ἀπό
1231 4039 1285 4097 τοῦ
1303 4027 1390 4116 ἀγίον
1409 4033 1500 4100 πνεό-

343 4163 435 4220 μοιτος
449 4136 467 4204 ό
481 4139 566 4227 ἀγιος
581 4137 744 4215 ἀπόστολος
759 4142 883 4224 ἔφραζεν
897 4134 970 4220 ἡμῖν
987 4136 1040 4220 τὴν
1052 4141 1160 4215 πίστιν,
1182 4138 1312 4220 ἐναργῶς
1324 4136 1377 4200 uva
1392 4135 1502 4221 κόριον

343 4242 510 4322 σημαίνων,
532 4241 589 4329 ἀρα
604 4267 637 4330 γε
651 4245 703 4309 καί
715 4239 798 4308 θεόν.
840 4238 931 4306 Ἀλλά
945 4241 1050 4324 μηδείς
1063 4240 1216 4322 νομιζέτω,
1237 4234 1341 4320 ἐπείδὴ
1357 4238 1433 4324 λέγει
1444 4241 1501 4304 ἕνα

378 4395 437 4445 (λετ.
449 4397 494 4480 Ν..
507 4425 541 4438 -
567 4401 589 4448 1.
609 4393 659 4484 τοίη
669 4399 791 4484 alut-29⁰
806 4397 904 4480 (quant-
937 4413 974 4464 ρει
991 4401 1052 4450 mni
1087 4389 1145 4447 Οάκ
1157 4391 1214 4462 ἐρεῖ
1224 4397 1326 4460 mido
1338 4397 1432 4448 ΡΜ
1444 4399 1501 4460 Μ

342 4477 415 4530 ηαστε
427 4479 506 4530 moyn
518 4468 613 4532 ρίαοτιιλ
629 4483 658 4520 οο
674 4471 779 4536 χωρτι).
803 4481 832 4518 ον
847 4462 903 4534 γαί-
