3148 4938
348 247 487 302 PANAflll
503 247 567 301 Lttt.
582 251 615 302 ll.
632 249 716 302 ΤΟΜ.
726 251 759 302 ll.
775 251 876 304 HAER.
889 251 997 308 vau.
1199 245 1262 309 567

185 364 468 432 Delllelchisedeco
494 369 570 452 quod
598 369 725 448 asseris,
758 370 891 455 spiritam
916 371 996 436 illum
1021 393 1089 438 esse
1115 385 1407 463 sanctum,cap.vt1.

95 471 125 534 id
145 471 169 536 si
185 491 288 536 rernm
305 478 369 547 est,
395 469 514 534 venisse
533 469 665 556 spiritum
681 482 712 534 et
728 493 846 536 eamrern
863 473 1007 553 induisse,
1032 497 1090 539 uon
1105 477 1186 541 solus
1205 479 1261 542 uti-

94 593 154 658 que
174 570 334 636 seeundum
358 591 475 635 caruem
495 581 644 636 natusest
662 572 755 653 lilius,
780 575 830 638 sed
850 586 962 638 etcum
982 596 1019 640 eo
1037 597 1153 662 quoque
1174 579 1261 664 spiri·

95 685 158 738 tus.
203 671 333 756 Quodsi
353 674 514 737 seeundum
535 694 653 738 carnem
677 683 828 740 natusest
850 689 880 741 et
904 677 1043 762 spiritus,
1076 699 1141 742 cum
1164 678 1260 744 Maria

96 778 276 841 saluatorem
304 774 446 854 ediderit,
480 776 559 840 dicat
586 776 671 841 nubis
695 775 841 842 Hieracas
866 779 983 843 ubinam
1008 781 1138 865 gentium
1164 803 1200 846 ea
1222 783 1262 847 sit

95 899 174 964 quae
201 877 335 963 spiritum
365 876 532 962 pepererit?
573 876 653 941 Nam
677 879 752 963 quod
779 881 931 964 apostolus
955 883 1042 962 dicit,
1075 887 1262 946 Assimilatus
1274 909 1345 954 neor.
1359 915 1380 966 c,
1392 913 1412 956 s,

81 985 158 1063 filio
172 985 222 1042 dcc·
235 991 331 1042 monet
346 984 479 1042 sacerdos
494 985 523 1042 ic
542 992 702 1056 aeternnm,
728 981 806 1045 nulla
824 982 946 1046 estillic
972 985 1008 1046 de
1031 983 1135 1068 spiritu
1156 995 1261 1050 saneto

94 1082 220 1146 mentio.
266 1078 337 1146 Non
356 1081 434 1145 enim
448 1081 572 1146 similem
590 1081 670 1145 illum
688 1082 747 1147 lilio
765 1084 831 1162 dei,
855 1085 907 1148 sed
923 1084 1115 1148 assimilatum
1132 1107 1200 1149 esse
1218 1085 1260 1149 di·

91 1187 155 1250 xit.
201 1181 288 1266 Quae
305 1205 368 1246 vox
382 1187 569 1246 Asarinr'lotos
594 1183 742 1269 posterius
758 1184 891 1269 quiddam
910 1197 941 1249 ut
958 1186 1157 1270 intelligamus
1177 1188 1261 1250 indu·

91 1288 147 1352 eit.
194 1287 240 1350 Ac
262 1285 289 1348 si
309 1295 375 1370 post
391 1284 532 1349 Abraami
557 1296 690 1370 tempora
709 1281 830 1350 Christo
848 1287 968 1372 spiritua
988 1289 1183 1366 assimilatur,
1206 1287 1260 1351 ali·

91 1389 212 1474 quando
228 1409 286 1451 noo
303 1386 437 1452 extiterit
452 1397 586 1471 oportet,
611 1396 643 1451 ut
657 1399 814 1473 propterea
834 1389 880 1452 dei
898 1389 957 1452 lilio
974 1389 1078 1454 similis
1097 1389 1136 1454 sit
1151 1392 1258 1454 lactus.

93 1490 159 1555 lam
176 1489 241 1555 sine
261 1500 344 1575 patre
362 1509 429 1552 esse
448 1489 495 1572 qui
515 1490 631 1573 potest?
664 1487 743 1554 Nam
764 1492 789 1553 si
806 1511 859 1575 per
878 1511 946 1555 sese
963 1511 1030 1555 esse
1048 1490 1181 1577 spiritus,
1206 1513 1261 1556 nee

91 1615 134 1658 ex
148 1591 263 1677 proprie
276 1590 437 1656 divinitatis
450 1601 554 1654 natura
567 1591 753 1676 procederet,
770 1592 874 1656 meritc
887 1593 953 1656 sine
970 1603 1052 1678 patre
1068 1613 1136 1658 esse
1147 1594 1260 1658 diuere-

93 1707 156 1759 tur.
203 1691 322 1756 Revera
346 1693 423 1755 enim
445 1693 613 1776 unigenitus
632 1703 678 1756 est
698 1693 794 1773 filius,
818 1715 913 1778 neque
932 1696 1052 1758 fratrem
1067 1694 1175 1774 later,
1200 1707 1260 1758 est-

92 1817 154 1882 que
172 1794 218 1858 dei
237 1795 324 1858 lilius.
371 1791 431 1859 Sed
450 1794 505 1858 etsi
530 1795 662 1877 genitum
686 1815 754 1858 esse
772 1795 904 1879 spiritum
923 1818 1106 1881 nequaquam
1121 1797 1258 1876 velimus,

91 1921 162 1964 num
180 1897 348 1982 unigenitus
364 1897 420 1974 sit,
446 1905 477 1960 ut
496 1895 571 1974 dixi,
596 1895 689 1974 lilius,
714 1917 816 1961 verum
831 1897 952 1982 spiritns
970 1899 1041 1962 sita
1058 1909 1139 1982 patre
1157 1920 1260 1984 prooe-

90 2003 186 2078 dens,
219 2003 390 2073 etdcneo,
425 2009 458 2062 ut
473 1995 586 2062 Christi
607 1996 705 2061 verbis
729 2008 813 2077 utar,
844 2005 1002 2080 cccr'ptcnc,
1033 2012 1115 2064 certe
1142 2000 1413 2086 quidemrmnrcpc.

89 2103 191 2188 quiet
208 2111 323 2185 epatre
344 2099 548 2186 progreditur,
581 2109 612 2162 et
633 2098 669 2162 de
691 2121 757 2164 meo
778 2102 902 2184 accipit,
926 2103 992 2165 siue
1006 2113 1089 2186 patre
1110 2121 1178 2167 esse
1200 2123 1259 2166 uon

90 2215 203 2292 potest.
251 2201 338 2285 Quod
354 2203 379 2266 si
398 2213 429 2266 et
448 2202 477 2264 iu
494 2202 579 2264 coelo
599 2211 693 2266 matre
711 2211 742 2265 et
760 2201 791 2264 in
815 2213 894 2268 terra
915 2214 997 2287 patre
1014 2223 1119 2268 carere
1136 2203 1258 2284 dixerit,

90 2317 193 2394 potest
215 2315 246 2370 et
269 2305 346 2370 istud
365 2305 400 2368 ad
425 2304 603 2368 salvatorem
630 2303 804 2369 convenire.
851 2300 915 2369 Cur
932 2305 1022 2388 igitur
1044 2307 1195 2388 apostolus
1217 2307 1259 2370 ita

89 2421 245 2497 postremo
267 2406 416 2492 loquitur?
461 2410 549 2468 Cur‘acs
569 2417 661 2468 noum
674 2410 845 2487 genealogiis
858 2431 895 2470 en
910 2411 969 2470 c'llc'a
981 2429 1038 2494 nqn
1054 2411 1170 2470 dorc'trrr
1183 2412 1259 2470 deci·
1271 2433 1343 2481 near.
1357 2436 1412 2492 gg

89 2517 183 2576 mavit
194 2513 322 2576 Adrncnr
333 2512 540 2591 pomeretam.
587 2505 667 2572 Nam
685 2507 759 2573 haec
774 2509 876 2588 verba,
901 2511 951 2572 En
964 2515 1045 2590 c'pcr'a,
1065 2507 1258 2573 accuratioris

89 2613 304 2700 explicationis
321 2613 417 2697 gratia
434 2609 561 2674 adbibita
576 2621 663 2690 suot,
688 2611 805 2675 utillud
823 2611 986 2689 indicaret,
1010 2631 1077 2674 euro
1095 2611 1143 2695 qui
1161 2609 1197 2672 ab
1215 2607 1259 2674 ls-

90 2716 208 2782 ra'e'litis
230 2715 435 2800 genealogiam
462 2733 520 2778 noo
545 2712 666 2776 duceret
688 2733 728 2776 ex
747 2713 812 2777 aliis
831 2712 952 2777 omnino
973 2712 1112 2796 gentibus
1135 2715 1259 2778 eandem

88 2838 261 2884 arcessere.
307 2815 356 2882 Ex
375 2837 411 2881 eo
428 2836 500 2880 reru
515 2816 591 2898 quod
611 2824 733 2898 aterque
750 2815 827 2880 illius
850 2835 956 2900 parens
979 2815 1009 2878 in
1027 2815 1182 2901 scripturis
1205 2837 1260 2881 ex·

88 2941 216 3007 pressus
234 2941 292 2984 nnn
314 2919 419 2996 luerit,
452 2917 508 2982 alia
526 2937 578 3002 pro
595 2915 662 2980 aliis
686 2915 820 2980 veritatis
848 2917 1075 2982 calumniatores
1097 2920 1257 2984 somniant.

85 3022 160 3088 Noa
178 3033 274 3086 autem
298 3031 356 3086 tam
375 3020 438 3085 eius
466 3031 587 3082 matrem
611 3039 695 3102 quam
723 3030 833 3102 patrem
860 3019 889 3082 in
915 3019 1121 3084 traditionibus
1143 3020 1260 3084 inveni·

88 3145 172 3190 mus.
219 3123 317 3208 Atque
333 3123 380 3188 ltic
398 3143 415 3186 e
436 3119 626 3186 Sidoniorum
645 3132 675 3184 et
691 3115 937 3185 Chananaeorunr
957 3139 1068 3204 genere
1091 3120 1183 3185 luisse
1200 3131 1259 3184 tra-

88 3228 183 3291 ditur.
230 3223 421 3310 Quapropter
435 3233 496 3288 tota
515 3222 552 3286 ab
571 3243 608 3286 eo
623 3222 749 3286 coulicta
768 3222 861 3286 labula
879 3221 1001 3286 corruit.
1048 3219 1108 3288 set
1122 3234 1153 3286 et
1169 3221 1258 3286 inane

87 3340 140 3394 est
163 3339 333 3413 susceptum
357 3327 393 3392 alr
418 3347 454 3390 eo
478 3326 557 3390 vitae
582 3324 745 3390 severioris
768 3325 945 3388 institutum.
990 3323 1097 3410 Neque
1122 3325 1199 3388 enim
1221 3323 1259 3388 iis

88 3433 239 3496 duntaxat
255 3430 336 3495 vesci
362 3450 438 3514 qnae
459 3429 557 3492 anima
575 3435 694 3505 carent,
727 3427 753 3491 si
778 3447 845 3491 cum
866 3426 933 3490 lidei
956 3425 1166 3513 depravatione
1185 3447 1259 3490 con·

86 3535 224 3598 iunctum
242 3533 298 3597 lroc
315 3532 420 3610 luerit,
445 3532 482 3595 ad
498 3529 588 3594 ritem
606 3528 693 3593 ullam
712 3539 742 3593 et
760 3549 860 3613 spem,
884 3530 985 3593 autad
1001 3527 1259 3612 salotismagiste·

83 3635 168 3700 riuu
192 3635 330 3719 pertinet.
377 3640 492 3708 Onnm,
517 3633 630 3718 inquit,
653 3635 692 3693 nd
709 3633 834 3712 glorclrm
856 3634 1005 3712 deistunt.
1263 3638 1411 3696 nuenton.

178 3733 240 3802 Sed
261 3737 334 3802 hacc
359 3737 503 3801 adversus
530 3735 609 3800 illius
631 3753 763 3798 errorem
786 3731 934 3817 disputata
959 3731 1121 3809 sufficiant,
1154 3729 1258 3813 quibus
1276 3743 1413 3812 eapvtlt.

85 3841 204 3926 scorpii
222 3841 283 3906 alas
300 3839 511 3924 confregimus,
535 3837 670 3921 illiusque
688 3835 748 3900 vim
764 3833 994 3920 prcllignvimus.
1040 3831 1097 3897 Est
1113 3829 1191 3895 enim
1207 3829 1258 3894 ille

83 3953 221 4030 pennato
235 3941 364 4027 serpenti
383 3963 417 4005 ae
435 3939 553 4026 scorpio
572 3939 688 4018 similis,
712 3937 760 4022 qni
779 3937 895 4022 quidem
909 3935 1002 4000 variis
1020 3935 1114 3999 modis
1128 3932 1190 3996 alas
1208 3933 1259 3996 ha-

82 4047 164 4111 ltere
180 4065 216 4108 an
234 4045 336 4109 volare
354 4043 495 4108 dicendus
510 4051 568 4121 est,
594 4059 717 4124 cumque
735 4037 934 4122 virginitatem
950 4037 1081 4100 imitetur
1097 4033 1255 4113 ecclesiae,

84 4147 295 4212 conscientiae
314 4157 410 4210 tamen
428 4145 476 4208 illu
494 4142 666 4208 sinceritate
685 4152 779 4205 caret.
821 4137 923 4223 Quare
941 4141 977 4203 ad
994 4158 1059 4203 eum
1078 4137 1199 4220 eiusque
1216 4135 1258 4200 si·

123 4335 151 4390 6.
171 4336 246 4397 Vulgo
261 4339 326 4386 estut
343 4331 441 4386 hored.
693 4327 784 4396 τηρῑας
800 4343 846 4380 non
867 4331 901 4379 eal
914 4327 1102 4390 substantivum,
1126 4325 1168 4378 aed
1191 4325 1259 4376 odia·

122 4401 151 4456 7.
171 4404 238 4454 Libri
254 4405 325 4465 nrrtpo
343 4395 460 4460 Σιδόιιος.
693 4401 796 4460 ulmos,
818 4399 935 4459 pertinens
952 4397 986 4444 od
1003 4393 1112 4455 ἐλπίδος.
1145 4396 1258 4458 Petoulua

122 4470 149 4522 8.
169 4471 207 4524 uc
223 4483 303 4520 omnm
317 4471 379 4536 tttrt,
395 4474 417 4519 ct
430 4473 497 4520 recte.
531 4469 593 4520 Nom
609 4481 660 4522 ou·
692 4468 789 4518 cmuctt
806 4465 850 4520 καὶ
865 4461 999 4532 σωτηρίας,
