3176 4930
261 285 263 296 .
353 237 489 290 rnuanu
506 239 569 292 crs.
583 239 616 290 u.
636 234 752 292 ‘romu
769 239 975 290 nunnnxrv.
1179 227 1241 294 ιιι

88 354 179 420 vitam
202 354 372 422 homocum
393 379 520 443 corpore
544 359 695 424 traducat?
739 356 885 424 suenio
905 358 1072 424 interdictio
1093 359 1141 424 illa
1165 360 1243 425 edita

86 468 152 538 est,
175 468 313 542 tanquam
331 459 392 524 vita
410 460 460 525 illc
477 461 630 544 degustata
648 471 770 526 mortem
789 471 889 546 posset
906 461 1048 545 effugere.
1095 458 1146 526 Sic
1162 463 1240 526 euim

86 561 144 624 ait:
179 565 261 624 Fem't
275 568 369 644 stupae
386 567 515 626 domairac
535 569 605 626 deur
621 569 716 628 Adam
736 576 765 626 et
781 569 870 626 orori
886 568 946 626 eries
966 569 1076 628 mntem
1093 568 1238 644 pellimus,
1254 577 1312 624 (ιιι.
1325 581 1346 636 ι,
1360 579 1395 626 at.

85 675 116 724 ct
134 667 229 726 mdm't
251 667 334 740 illos:
367 679 395 729 et
417 671 495 728 drmit
514 670 600 741 deus,
629 671 705 728 Ecce
719 669 822 748 suctus
842 677 887 728 eal
901 671 996 730 Adam
1016 671 1093 730 secut
1113 689 1185 730 unua
1206 689 1244 730 er

85 767 184 841 nodab,
210 779 242 829 ut
255 781 410 848 cognuscat
429 770 528 831 bonum
545 782 577 831 rt
590 771 710 832 molum·
740 781 769 831 et
789 791 865 832 nune
881 789 917 830 ne
936 771 1014 850 fhrte
1029 772 1163 832 ectcndut
1184 791 1243 834 mo·

85 891 170 944 mun,
200 882 230 932 et
243 883 339 934 sumat
357 876 392 934 dc
416 875 495 952 lr'gno
515 876 606 944 uitae,
636 885 664 934 ιι
682 877 809 935 comedat
827 883 857 934 et
875 876 950 934 orbat
970 876 999 934 ιἰι
1022 883 1184 937 cernuum.-
1216 884 1244 936 et

85 977 181 1034 ma'cr‘t
195 976 276 1036 illunc
292 979 421 1036 domniaco
435 977 533 1036 deuse
549 979 687 1038 Pmuddso
705 978 866 1055 adoptares,
892 986 926 1036 ιιι
941 987 1108 1056 operaretur
1124 987 1240 1049 remma,

85 1098 124 1136 eac
141 1097 198 1156 pua
211 1089 371 1158 assumptus
386 1089 439 1152 ert,
465 1089 493 1139 et
507 1081 591 1140 ea'em‘t
602 1081 707 1140 Amn.
755 1075 954 1160 Quamobrem
971 1088 1087 1162 poterat
1100 1077 1129 1139 iu
1147 1087 1244 1140 aetor-

86 1199 155 1240 num
175 1177 277 1242 vivero
300 1201 409 1263 corpus
425 1189 455 1242 et
473 1179 638 1243 immortale
664 1179 744 1256 deri,
776 1176 832 1242 nisi
858 1178 894 1242 ab
917 1181 1062 1262 gustanda
1084 1180 1144 1243 vita
1168 1181 1244 1242 lorct

86 1279 277 1364 prohibitum.
323 1280 378 1346 Est
395 1293 492 1346 antem
516 1282 625 1346 idcirco
648 1281 840 1367 prohibitum,
871 1291 905 1346 ιιι
924 1291 953 1344 et
972 1291 1121 1367 peccatum
1144 1282 1244 1346 extin-

85 1393 165 1446 ctum
188 1405 244 1446 uua
263 1405 327 1446 curm
346 1405 470 1471 corpore
487 1395 670 1462 moreretur,
694 1395 724 1448 et
743 1405 850 1473 corpus
868 1393 989 1468 peccato
1006 1397 1122 1448 mortuo
1145 1405 1244 1448 resur·

84 1495 184 1567 geret.
230 1482 324 1568 lgitur
346 1507 383 1550 ne
405 1487 570 1551 immortale
591 1487 733 1571 quoddam
752 1507 787 1550 ao
804 1487 1013 1571 sempiternum
1036 1488 1140 1552 malum
1164 1496 1245 1554 essct

85 1588 192 1664 bomo,
223 1599 255 1650 ut
275 1587 333 1652 inm
355 1589 501 1668 diximus,
531 1612 566 1654 ac
587 1591 698 1675 peccati
725 1591 754 1654 io
778 1609 846 1656 sese
863 1588 1090 1652 dominationem
1115 1590 1242 1668 foveret,

85 1699 189 1775 utpote
206 1691 281 1773 quod
299 1691 456 1755 immortali
475 1693 504 1756 iu
522 1713 647 1778 corpore
663 1692 818 1777 pullularet
830 1702 860 1754 et
878 1691 1034 1756 immortali
1054 1692 1174 1777 perinde
1191 1692 1244 1756 ali-

86 1803 187 1856 mento
204 1793 355 1876 glisceret,
380 1805 534 1880 propterea
551 1795 702 1858 mortalem
721 1795 800 1858 illum
819 1795 892 1858 deus
906 1814 974 1858 esse
991 1795 1084 1858 voluit
1098 1815 1134 1858 ao
1149 1805 1243 1858 morte

85 1895 247 1958 damnavit.
292 1893 358 1959 lloc
377 1897 453 1960 enim
473 1907 609 1962 scorteae
629 1896 697 1961 illae
716 1896 832 1961 tunicae
855 1895 1077 1981 significabant,
1101 1907 1133 1960 ot
1149 1897 1244 1968 disso-

84 2000 199 2063 lutione
218 1998 420 2083 divisioneque
437 2000 570 2084 eorporis
589 2019 675 2064 omne
689 2019 731 2064 ex
745 2000 804 2064 imo
822 2012 972 2084 peccatum
991 1999 1123 2084 stirpitus
1139 2019 1244 2064 onme-

85 2113 189 2179 retor,
212 2123 247 2170 ao
265 2122 301 2164 ne
320 2101 508 2170 tenuissimae
524 2102 638 2186 quidam
655 2101 746 2166 librae
764 2113 964 2181 remanerent,
988 2103 1065 2166 unde
1082 2121 1159 2166 nova
1175 2102 1244 2168 sub·

84 2205 154 2268 indo
177 2204 311 2287 germina
332 2216 517 2289 peccatorum
540 2205 770 2268 clllorescerent.
1284 2255 1346 2322 cap.

173 2303 215 2370 Ut
239 2305 317 2370 enim
340 2327 358 2368 e
380 2305 600 2390 magnificorum
624 2307 795 2390 templorum
823 2316 970 2371 structura
994 2306 1150 2391 caprificus
1173 2327 1242 2370 ena·
1259 2323 1374 2376 xxxu.

85 2429 195 2487 scens,
219 2419 307 2492 atque
325 2409 355 2471 in
376 2409 533 2474 maximam
557 2409 773 2494 amplitudinem
798 2409 970 2472 adolescens
989 2418 1019 2472 et
1037 2408 1242 2494 multiplicibus
1260 2391 1371 2462 (m)

85 2511 219 2576 radicum
245 2509 372 2574 bracbiis
396 2531 450 2596 per
477 2533 580 2576 omnes
610 2512 735 2597 lapidum
761 2511 866 2576 dill'usu
893 2531 1049 2594 compages
1076 2532 1134 2574 oon
1163 2512 1245 2597 prius
1313 2537 1316 2542 ’

85 2633 268 2678 excrescere
284 2612 391 2676 desiuit
411 2635 496 2698 qoam
514 2614 644 2678 disiectis
661 2635 701 2678 ex
718 2633 755 2676 eo
772 2614 847 2676 unde
864 2613 1005 2698 prodierit
1018 2613 1083 2678 looo
1099 2614 1243 2699 lapidibus

86 2727 149 2782 tota
174 2718 310 2802 poenitus
332 2716 505 2780 labelaetata
523 2716 660 2780 concidat
688 2714 861 2797 (tamenim
886 2713 1004 2790 sublata,
1023 2717 1160 2802 caprifico
1182 2718 1244 2781 suis

85 2819 162 2884 locis
176 2820 294 2884 restitui
313 2819 437 2882 redivivi
451 2819 561 2903 lapides
579 2831 711 2904 possunt,
736 2829 767 2882 ut
784 2828 815 2881 et
834 2817 970 2903 templum
987 2819 1081 2903 ipsum
1092 2819 1245 2884 vincolume

85 2933 245 3002 servetur,
269 2944 335 2986 eom
351 2921 460 2986 nullom
477 2921 600 3006 amplius
618 2943 656 2986 ex
674 2921 710 2984 iis
726 2921 830 3004 quibus
845 2921 1034 2984 evertebatur
1052 2921 1243 2986 incommodis

85 3027 213 3104 babeat,
238 3025 390 3110 caprilious
410 3045 483 3088 vero
499 3025 535 3087 ab
555 3025 622 3088 imis
641 3023 786 3088 radicibus
803 3023 903 3088 evulsa
921 3025 1091 3105 moriatur),
1115 3026 1150 3088 ad
1170 3045 1243 3088 eun·

86 3129 155 3194 dem
171 3127 257 3214 plano
272 3128 388 3192 modum
403 3128 512 3191 artilex
526 3127 574 3190 illc
588 3128 660 3192 deus
677 3126 813 3210 templum
830 3147 913 3190 suum
930 3126 1088 3207 bominem,
1112 3125 1162 3211 qui
1175 3147 1244 3211 pec-

86 3243 185 3296 catum
222 3231 348 3316 caprillci
382 3230 531 3294 cuiusdam
562 3228 656 3292 instar
692 3230 889 3312 produxerat,
925 3226 1081 3308 dissolvit,
1118 3249 1243 3313 cumque

85 3334 193 3400 mortis
214 3335 250 3398 ad
269 3344 383 3419 tempus
401 3332 595 3417 impressione
616 3341 706 3416 atque
724 3331 831 3418 impetu
849 3330 972 3418 opprimi
990 3352 1095 3416 passus
1117 3342 1163 3397 est
1184 3331 1243 3416 pri·
1284 3321 1291 3337 '

85 3459 187 3516 mum,
211 3436 253 3500 uti
269 3437 409 3520 seriptum
426 3446 488 3513 est,
512 3433 617 3498 debinc
635 3435 777 3498 advitam
800 3434 959 3513 excitavit3
984 3445 1014 3498 ut
1032 3433 1135 3500 iisdem
1159 3455 1244 3518 prae-

86 3541 149 3604 dita
172 3538 304 3625 partibus
326 3559 396 3603 caro
414 3536 566 3602 exsiccato
586 3536 838 3621 intermortuoqne
860 3547 981 3621 peccato
1002 3537 1084 3600 velut
1106 3538 1242 3622 templum

85 3643 234 3728 quoddam
248 3642 441 3706 instauratum
458 3639 630 3704 immortalis
642 3661 676 3702 ac
691 3639 756 3706 sine
770 3639 829 3704 ullo
848 3640 952 3702 damno
971 3649 1150 3723 resurgeret,
1174 3638 1244 3702 sub-

84 3745 150 3810 lato
173 3743 404 3809 aluodamentis
426 3742 637 3828 profligataque
660 3752 792 3826 peccato.
838 3739 956 3806 Etenim
980 3741 1115 3824 quamdiu
1137 3759 1243 3824 eorpus

84 3847 177 3925 vivit,
201 3867 256 3910 nec
272 3845 366 3911 adbuc
381 3857 527 3910 mortuum
541 3856 598 3924 est,
622 3865 687 3909 cum
706 3865 742 3909 eo
758 3845 861 3909 vivere
876 3854 1027 3929 peecatum
1044 3863 1169 3906 neccsse
1184 3853 1242 3922 est,

85 3961 118 4014 et
136 3949 270 4014 occultas
287 3948 418 4014 iu-nobis
432 3949 504 4034 ipsis
522 3948 638 4014 radices
652 3967 754 4031 agere,
779 3944 965 4030 quantumvis
979 3945 1150 4030 quibusdam
1164 3945 1246 4010 velut

85 4051 315 4138 castigationum
334 4050 659 4137 reprebeusionumque,
675 4049 872 4134 putationibus
894 4058 1077 4112 coerceatur.
1121 4047 1244 4134 Alioqui

123 4275 149 4329 6.
167 4275 240 4329 πᾶσα
255 4289 301 4326 non
315 4275 384 4325 tedet
398 4277 510 4326 Goucnd
685 4265 795 4339 clunium.
812 4273 876 4334 quod
890 4274 989 4322 curtati
1004 4271 1055 4322 tom
1069 4272 1180 4323 dotato.
1193 4271 1243 4324 ld·

122 4347 148 4401 7.
165 4337 307 4399 διεκώλυσε
325 4345 437 4394 Godana.
454 4347 470 4394 t
485 4347 517 4408 t.,
538 4345 603 4407 quod
614 4346 652 4394 tu·
684 4355 756 4393 utrm
771 4341 866 4392 tttscett.
883 4353 937 4402 cop.
950 4336 992 4390 dl.
1008 4355 1066 4402 pop.
1079 4339 1137 4394 tut.

84 4417 231 4479 terpretatur
249 4410 409 4461 renotatione
424 4409 537 4461 inhibuit.
716 4407 743 4461 9.
761 4406 895 4476 συμφορῶν
912 4409 963 4459 cad.
978 4409 1060 4470 Rupis.
1075 4421 1114 4471 up.
1131 4409 1243 4462 Gulldnd.

123 4485 149 4536 ιι
166 4483 232 4532 suu
254 4481 309 4530 ton
326 4485 418 4542 pono
437 4481 549 4530 cauma
571 4481 651 4530 num
685 4480 701 4528 ι.
720 4479 736 4527 ι.

143 4563 234 4620 corpur
247 4559 383 4606 unarmed
397 4559 458 4606 tm.
1001 4565 1040 4630 19
