3128 4930
356 309 752 364 rnunnuuru.1r.rou.r.
769 309 949 363 nannum.
1170 297 1230 362 147

157 427 238 494 Nam
257 451 324 495 oum
344 431 380 493 ad
399 430 573 496 Valentinos
588 431 752 495 miserrime
769 451 838 495 sese
854 430 1047 516 applicasset,
1073 449 1113 494 ex
1129 449 1229 496 eornm
1249 439 1309 508 Cap.
1326 440 1358 491 11.

75 533 263 618 improbitate
286 533 458 618 pestiferum
482 533 550 596 illud
575 535 657 598 virus
679 555 713 596 ac
739 534 838 598 loliurn
863 533 1023 596 contraxit.
1067 529 1163 598 Multa
1186 532 1232 596 bie

76 635 197 722 perinde
216 636 321 699 atalia
339 633 482 720 principia
497 647 528 698 et
546 637 753 722 productiones
769 637 895 700 invexit.
929 631 1116 700 Mortuerum
1133 655 1233 700 resur·

74 739 238 802 rectionem
255 739 391 816 sustulit,
415 738 514 823 itaque
532 739 672 824 privatam
698 739 834 803 haeresin
858 738 997 802 condidit.
1041 736 1136 802 Porro
1158 738 1233 824 legis

75 861 107 904 ao
123 841 333 926 prophetarum
351 840 460 920 libros,
485 841 616 926 adeoque
634 853 723 906 vetus
737 863 772 905 nc
790 861 900 905 novum
917 850 1140 921 testamcutum,
1164 861 1234 904 uec·

75 964 133 1006 uon
148 941 336 1028 apocryphos
354 943 495 1028 quosdam
511 943 640 1008 adhibet.
675 941 788 1008 Verum
807 944 864 1007 iste
879 963 944 1007 num
962 944 998 1008 iis
1016 933 1162 1022 omuibus,
1185 943 1235 1027 qni

75 1065 141 1109 eum
158 1055 387 1110 antecesserunt
398 1055 449 1110 aut
465 1054 568 1131 postea
584 1046 677 1110 secuti
695 1057 775 1126 sunt,
801 1046 885 1110 iacile
904 1045 1113 1124 contutabitur,
1136 1043 1233 1128 utqui

75 1169 92 1210 a
111 1149 242 1212 veritate
265 1148 393 1233 seipsum
420 1145 648 1229 abalienaverit,
680 1171 714 1213 ac
737 1149 819 1213 velut
843 1169 881 1212 ex
906 1149 992 1234 ignca
1013 1147 1234 1234 splendentique

75 1252 138 1314 lace
156 1251 187 1314 in
206 1249 356 1334 loliginum
374 1271 537 1316 conversus
554 1249 604 1316 sit.
652 1249 738 1336 Quod
763 1252 840 1314 enirn
864 1251 900 1314 ad
921 1262 1101 1316 mortuorum
1123 1251 1235 1313 excita·

79 1353 190 1416 tionem
210 1351 327 1432 attinet,
352 1353 421 1416 licet
435 1354 471 1417 de
489 1375 522 1418 en
540 1354 658 1440 saepius
674 1353 785 1418 in'aliis
802 1352 977 1418 haeresibus
986 1354 1166 1440 ‘disputatum
1183 1351 1233 1431 sit,
1272 1383 1277 1389 ·

76 1477 134 1519 nou
151 1455 301 1540 gravabor
315 1456 421 1519 iterum
436 1457 537 1542 paneis
556 1457 592 1519 ad
609 1477 675 1520 eum
699 1457 891 1522 refellendum
909 1457 1010 1520 eadem
1031 1458 1067 1519 de
1087 1477 1120 1520 re
1142 1455 1235 1520 disse·

76 1579 154 1622 rere.
203 1555 282 1621 Nam
302 1559 327 1620 si
346 1569 432 1622 vetus
449 1567 656 1624 testamentum
670 1580 705 1622 ac
722 1581 829 1624 norrnn
847 1558 988 1638 admittis,
1013 1579 1111 1622 troune
1126 1568 1156 1623 et
1171 1579 1236 1622 cor·

76 1660 193 1747 rupisse
212 1661 347 1724 veritatis
365 1661 461 1740 riam,
486 1672 551 1726 eta
570 1661 726 1728 verissima
750 1662 858 1727 domini
879 1663 940 1727 vita
961 1660 1122 1726 abhorrere
1143 1662 1237 1725 mani·

77 1766 150 1828 leste
168 1763 377 1827 convincerisl
405 1761 556 1849 Siquidem
573 1765 709 1852 princeps
724 1766 787 1850 ipse
806 1764 952 1843 dominus,
978 1764 1017 1828 uti
1035 1763 1119 1828 nubis
1137 1785 1236 1828 resur·

77 1865 222 1930 rectionis
243 1865 369 1929 arrhabo
391 1867 507 1950 quid-ena
529 1878 611 1932 esset
631 1889 666 1932 ao
686 1867 897 1953 primogenitus
923 1889 939 1930 e
963 1867 1104 1948 mortuis,
1135 1877 1237 1931 nostra
1251 1877 1300 1923 0⁰¹·
1314 1877 1379 1936 ¹21²

78 1991 186 2034 caussa
206 1979 420 2048 montensem,
444 1991 480 2033 ac
496 1970 679 2035 resurrexita
703 1991 798 2055 neque
820 1970 918 2055 specie
943 1980 1029 2033 tenus
1051 1980 1098 2034 est
1118 1989 1236 2056 passus,

79 2081 180 2157 utpote
207 2072 255 2156 qui
272 2072 312 2134 sit
326 2070 475 2156 sepultus,
500 2075 622 2158 eiusque
646 2095 752 2158 eorpus
775 2073 906 2138 nonnulli
929 2071 1129 2156 gestaverint,
1154 2073 1237 2137 testis
1250 2085 1335 2184 ml

77 2185 121 2238 est
137 2171 283 2259 losepbus
300 2173 575 2256 Arimatbacensis,
608 2186 699 2241 testes
723 2177 790 2239 illae
815 2175 953 2239 mulieres
977 2197 1052 2261 quae
1076 2177 1112 2240 ad
1134 2163 1376 2240 manu-utute

78 2288 209 2341 mentum
231 2278 383 2360 unguenta
406 2277 589 2357 detulerunt,
614 2289 840 2342 testescantnm
858 2278 925 2342 illae
945 2279 1027 2343 aloda
1044 2277 1154 2358 librae,
1178 2299 1237 2344 non

78 2401 142 2443 eam
160 2380 280 2444 inanem
299 2379 465 2464 opinionem
484 2391 572 2464 atque
593 2381 749 2465 imaginem
771 2379 873 2444 inisse.
919 2379 1027 2446 Testes
1045 2381 1238 2464 deniquean·

78 2482 149 2566 geli,
174 2483 224 2567 qni
242 2483 270 2545 id
285 2482 457 2546 mulieribus
474 2481 662 2546 declararint.
703 2487 850 2557 Seruauit,
875 2483 1021 2568 inquiunt,
1044 2497 1100 2546 non
1119 2493 1164 2545 est
1177 2487 1233 2544 iia.
1250 2497 1391 2552 Manates.

79 2582 158 2667 Quid
178 2582 319 2668 quaeritis
337 2583 486 2648 viventum
503 2607 568 2648 eum
590 2585 736 2650 mortuis?
778 2583 892 2671 Neque»
905 2605 977 2650 vero
999 2585 1091 2666 dixit,
1116 2590 1181 2648 Non
1197 2599 1242 2648 est

79 2700 221 2762 mortum,
248 2687 300 2751 sed
317 2689 464 2762 Surrexit,
489 2689 538 2772 qui
553 2688 582 2751 in
597 2709 687 2752 carue
701 2707 806 2773 passus
820 2689 924 2774 spiritu
939 2701 1081 2774 perpetuu
1096 2688 1181 2768 vivit,
1204 2710 1238 2753 uo

78 2791 244 2856 secundum
265 2788 448 2854 divinitatem
470 2811 553 2856 suam
579 2791 779 2876 perpessionis
797 2790 892 2854 omnis
910 2803 956 2856 est
974 2811 1094 2878 expers.
1141 2789 1200 2876 Qui
1222 2811 1239 2856 e

78 2894 228 2981 supremis
247 2903 330 2956 ortus
346 2903 408 2956 etn
427 2904 508 2978 patre
524 2891 642 2977 genitus
659 2904 800 2979 perpetuo
818 2894 929 2958 existit.
977 2891 1056 2958 ldeur
1073 2905 1169 2960 tamen
1186 2915 1239 2957 no·

79 2997 212 3064 cissimis
233 2994 412 3081 temporibus
434 3015 475 3059 ex
490 2993 588 3060 Maria
609 2996 724 3080 virgine
749 2996 836 3061 borno
858 2996 919 3060 lieri
939 2999 1047 3077 voluitq
1079 3009 1111 3062 ut
1129 2993 1240 3062 Paulus

78 3109 209 3166 testatur
222 3099 268 3163 bis
284 3099 401 3163 verbisr
425 3102 532 3162 Factus
546 3121 584 3162 ea
598 3101 727 3174 mulene,
743 3103 845 3181 saronas
859 3102 912 3161 sub
928 3103 999 3180 lage.
1041 3098 1238 3184 Nunquamne
1252 3107 1305 3159 nau
1317 3108 1371 3164 tt

75 3201 156 3265 illam
175 3203 341 3286 scripturae
354 3202 530 3268 senteutiam
545 3201 710 3266 exaudistis
737 3207 854 3284 Oportet
864 3203 1048 3284 sumptibile
1062 3205 1179 3266 minere
1193 3209 1237 3264 ur·
1246 3209 1391 3267 nonunt

77 3309 310 3386 corruptricem,
334 3317 364 3366 et
382 3307 502 3368 mertula
522 3307 709 3367 incanduere
731 3310 991 3368 rinmmtalitutenr?
1033 3307 1082 3370 An
1105 3327 1163 3370 non
1188 3305 1239 3370 tibi

78 3403 175 3472 lanias
195 3406 335 3491 propbeta
353 3408 516 3491 persuasit,
541 3428 607 3470 conr
624 3408 664 3472 ita
681 3408 825 3492 loquitur:
850 3413 891 3471 Et
904 3414 1187 3490 mortuiresurgeut‚
1213 3421 1241 3470 at
1259 3415 1384 3473 lut-”nt

77 3511 394 3590 excitabunturque
411 3514 594 3572 monumentis
609 3516 699 3580 sunt?
730 3510 778 3574 Ad
797 3511 868 3575 buce
885 3513 1019 3576 domiuus
1037 3513 1112 3597 ipse,
1136 3515 1238 3574 Reate·-
1250 3501 1342 3612 ,2¹:¹4²ss

75 3624 164 3692 gent,
192 3609 304 3695 inquit,
327 3614 361 3672 tt
373 3615 402 3674 in
418 3617 502 3674 cuturn
518 3624 677 3687 uetmnnrn,
701 3625 733 3674 et
747 3617 798 3674 isti
812 3619 842 3676 in
859 3619 1049 3696 supplicium?
1079 3611 1149 3680 Non
1169 3611 1238 3678 illutl

77 3716 211 3800 deniqne
226 3713 331 3778 Abelis
351 3723 417 3799 post
439 3725 563 3776 mortem
585 3735 649 3778 cunr
670 3715 726 3778 deo
747 3715 922 3804 colloquium
944 3716 1127 3794 recordaris,
1151 3726 1240 3799 utque
1253 3741 1379 3802 umque

78 3839 137 3882 non
155 3817 239 3883 illius
257 3816 397 3895 animam,
421 3815 472 3878 sed
493 3816 665 3898 sauguinem
686 3817 849 3903 supplicare
867 3819 955 3900 dicat,
980 3841 1015 3883 no
1030 3821 1114 3882 deum
1132 3816 1240 3882 olamu-

76 3923 163 3988 ribus
190 3919 402 4004 interpellare?
447 3915 576 4005 Sanguis
599 3939 687 4004 porro
715 3941 898 4005 nequaquam
922 3923 1018 3984 anima
1045 3932 1108 4000 est,
1136 3919 1240 3986 sedin

76 4023 231 4110 sanguiue
246 4021 343 4084 anima
359 4023 454 4107 potius
471 4023 560 4086 inest.
598 4019 713 4108 Quippe
727 4023 849 4106 sanguis
866 4023 1043 4108 aspectabile
1058 4041 1164 4107 eorpus
1181 4033 1239 4102 est,

75 4125 183 4190 anima
199 4146 291 4202 roro,
314 4145 381 4190 eum
399 4125 494 4189 visum
517 4145 633 4188 omnem
652 4125 789 4210 edomat,
813 4125 1008 4209 insanguine
1029 4125 1150 4189 residet.
1196 4121 1241 4190 lta

75 4227 231 4315 dogmatis
247 4227 306 4306 tui,
330 4223 567 4308 ollardesiane,
591 4227 721 4313 pravitas
738 4226 829 4314 ipsius
852 4225 883 4291 vi
905 4228 1039 4293 veritatis
1062 4247 1170 4294 eversa
1190 4249 1241 4314 pe-

76 4332 161 4398 nitus
186 4329 326 4408 concidit.
389 4318 395 4327 ¹

167 4429 220 4498 De
236 4433 365 4519 pluribus
381 4453 454 4499 vern
472 4433 634 4521 principiis,
658 4432 793 4520 quoniam
807 4433 952 4500 adversus
966 4433 1052 4515 alios,
1077 4433 1170 4520 quiin
1190 4453 1240 4498 eo·
1260 4435 1321 4504 cap.
1337 4382 1383 4488 ltt.

110 4573 138 4624 2.
158 4572 232 4623 Libri
247 4572 332 4624 munt
346 4567 496 4642 προσβαλοῐς.

970 4639 1039 4708 10*
