3128 4930
374 265 510 317 raanan
527 265 590 319 arn.
606 267 637 318 n.
654 263 735 320 rota.
750 268 770 318 1.
787 267 887 319 mun.
902 269 944 319 ur.
1197 259 1239 324 eb

86 383 239 450 audierunt
252 385 347 464 illum,
372 395 403 450 et
417 385 509 449 seeuti
528 397 608 450 sunt.
646 383 752 452 Statim
772 387 848 450 euim
864 397 930 472 post
944 387 1074 468 biduum,
1093 410 1150 474 quo
1165 391 1239 476 apud

86 485 162 550 illum
179 487 227 550 isti
244 488 417 552 eommorati
434 498 513 566 sunt,
533 487 661 567 subiieit,
685 491 810 551 Erubuit
822 495 851 551 in
867 493 1032 565 Galidrmm,
1056 503 1088 553 et
1098 497 1392 566 supermanantem

86 595 242 672 Pteleppaa
257 595 348 666 da'eit,
374 595 498 676 Sequere
512 613 571 652 rae.-
596 590 717 670 deinde,
744 595 839 652 Tertia
859 595 905 653 ἄιε
925 597 1040 673 nuptuire
1056 596 1154 675 suetae
1174 591 1243 658 sual
1253 610 1329 656 teano.
1340 612 1361 666 a,
1373 611 1391 656 1.

87 698 208 756 acm
227 697 381 756 Galilaeae.
428 691 578 778 Siquidem
599 714 651 778 par
667 703 732 757 erat
746 692 844 772 ilium,
869 715 934 757 eum
952 693 1134 774 diseederet,
1159 719 1239 762 eume

87 797 261 880 modumque
275 797 392 880 nuptiae
410 795 642 874 celebrarentur,
667 794 788 860 bononis
805 815 908 860 eaussa
923 796 958 859 ad
975 798 1092 862 easdem
1105 799 1237 884 invitari,

87 899 124 958 uti
138 897 250 982 nuptiis
267 897 467 962 benediceret.
507 894 608 980 Quare
623 897 665 962 ita
681 898 800 962 scribit:
823 903 948 980 Nupebe
956 901 1059 980 saetae
1072 913 1140 962 eunt
1154 908 1239 966 terteb

85 1003 126 1060 die
141 1005 173 1061 a'a
194 1004 274 1062 Cana
290 1003 451 1064 Galilaeae:
475 1012 504 1062 et
525 1013 591 1062 erat
607 1013 697 1062 muter
711 1006 777 1063 lesu
797 1003 846 1062 idi.
895 1006 1015 1064 Vesulus
1034 1014 1080 1063 eat
1097 1015 1190 1066 aulem
1211 1018 1242 1067 et

86 1105 177 1177 Iesus,
202 1115 232 1164 et
250 1105 385 1183 aucupor
403 1107 464 1164 eius
486 1107 524 1164 ud
545 1110 675 1184 napum.-
699 1106 845 1183 dafieieate
866 1115 957 1164 etatem
979 1108 1042 1166 orire
1059 1109 1132 1166 da'eit
1149 1119 1239 1170 muter

85 1209 163 1278 lesu,
191 1211 293 1268 Vr'rtum
316 1227 372 1266 aaa
389 1207 508 1267 dubenl:
532 1210 603 1268 dicit
621 1210 764 1279 eddesius,
791 1209 866 1283 (laid
886 1209 957 1267 mr'de'
974 1219 1003 1267 et
1023 1209 1090 1282 tibi,
1115 1211 1240 1271 multer?

85 1311 202 1370 nomam
223 1313 301 1370 omr't
322 1310 393 1369 loru
416 1329 487 1370 meu.
534 1305 619 1390 Quae
642 1318 703 1370 tum
722 1317 806 1390 gesta
824 1318 910 1385 sunt,
934 1329 999 1371 eum
1019 1320 1084 1392 post
1101 1311 1238 1374 tentatio·

86 1431 165 1490 uem,
190 1410 264 1473 mari
282 1431 318 1474 ae
333 1406 461 1474 iordane
481 1411 620 1487 traiecto,
645 1409 702 1472 iter
719 1408 748 1471 in
773 1409 894 1493 patriam
914 1410 1077 1489 convertit,
1101 1410 1238 1477 Nazare-

86 1522 140 1576 tum
156 1511 289 1592 seilicet,
315 1512 362 1576 ubi
379 1513 519 1576 edueatns
536 1532 553 1573 a
571 1527 664 1574 matra
681 1512 787 1575 inerat.
832 1507 889 1574 Ubi
908 1533 972 1575 eum
988 1513 1107 1578 biduum
1124 1515 1239 1580 bassis·

85 1625 143 1693 set,
174 1615 320 1678 bumnuae
341 1614 445 1678 salutis
465 1614 562 1677 studio
590 1634 717 1698 euraque
740 1633 900 1678 sueoensus
925 1615 1109 1699 praedicandi
1131 1639 1238 1684 munus

85 1717 163 1779 obire
181 1717 291 1801 eoepit.
337 1713 462 1780 biduum
483 1717 573 1802 igitur
590 1718 695 1782 ibidem
714 1736 852 1793 manens,
876 1718 952 1800 quod
974 1715 1062 1802 longo
1081 1719 1237 1786 intervallo

83 1818 223 1896 redierat,
249 1819 456 1906 discipolorum
473 1819 584 1904 aliquot
601 1841 674 1904 quos
693 1818 750 1881 iam
772 1817 940 1882 adsciverat
961 1820 1101 1884 comitatu
1121 1831 1235 1906 septus,

84 1921 195 1984 duobus
217 1921 266 2006 qui
289 1923 382 1986 seeuti
406 1933 492 1986 erant
514 1921 666 1997 remissis,
697 1920 794 1984 atatim
816 1919 847 1984 iu
865 1917 1028 1985 Galilaeam
1050 1924 1237 2008 praedicandi

84 2043 185 2087 aaussa
204 2025 354 2110 prodemus
374 2035 433 2104 est,
456 2025 542 2088 simul
559 2034 590 2086 ut
607 2021 767 2108 prodigium
784 2021 852 2085 iilud
871 2023 972 2086 ederet
988 2025 1063 2108 quod
1079 2027 1109 2090 in
1126 2028 1238 2113 nuptiis

84 2125 118 2189 ab
134 2147 170 2189 eo
188 2126 295 2189 iaetum
313 2125 449 2208 legimus.
479 2125 555 2192 Vide
570 2133 678 2210 quauta
693 2145 757 2188 eum
774 2125 1036 2211 eireumspeotione
1049 2127 1126 2194 istud
1141 2129 1236 2216 ipsum

84 2229 225 2314 seriptum
251 2228 464 2307 declaraverita
494 2227 737 2313 quemadmodum
760 2224 887 2291 loannes
914 2239 1049 2312 tanquam
1073 2231 1151 2294 laeto
1178 2231 1236 2296 iam

83 2351 217 2394 sermone
243 2341 369 2395 testetur
392 2331 437 2395 bis
459 2330 576 2394 verbis:
600 2335 709 2410 Eraga
724 2331 882 2392 nesciebam
900 2335 995 2406 illurn,
1019 2337 1071 2394 sed
1089 2338 1142 2414 qui
1159 2339 1388 2406 meritamente.

82 2453 123 2494 are
138 2435 287 2514 buptt'eare
300 2437 375 2495 dr'er't
390 2437 474 2507 milii,
499 2437 593 2520 Super
611 2455 691 2514 paena
706 2435 810 2494 or'derrie
825 2439 956 2514 apri-alam
972 2439 1001 2496 in
1018 2439 1110 2514 speeie
1131 2439 1237 2498 aelera-

84 2537 133 2596 lee
146 2539 367 2610 maalmeon,
392 2539 438 2598 lie
452 2547 505 2598 ert.
552 2533 692 2600 ioannem
708 2535 812 2619 quippe
828 2534 993 2619 baptizandi
1010 2537 1104 2620 gratia
1118 2539 1236 2605 mittens

85 2648 166 2722 pater
182 2637 239 2702 boo
254 2639 280 2701 ei
297 2639 412 2722 siguum
429 2637 620 2722 praebuerat,
644 2657 683 2700 ea
700 2659 757 2720 quo
773 2636 950 2702 salvatorem
969 2637 1049 2702 illum
1073 2640 1108 2703 de
1130 2639 1236 2706 animia

85 2742 191 2804 uostris
208 2741 317 2825 optime
333 2741 468 2804 meritum
487 2751 681 2823 agnosceret,
705 2739 806 2824 quide
823 2741 906 2804 eoeio
924 2741 1032 2806 missus
1050 2741 1079 2804 in
1097 2742 1174 2806 buno
1188 2765 1237 2806 or·

85 2842 146 2906 bem
162 2844 306 2906 uenisset.
353 2840 551 2926 Quamobrem
571 2862 612 2904 ex
633 2840 797 2906 istiusmodi
815 2843 940 2906 veritate
956 2844 1166 2928 seripturarum
1188 2867 1237 2909 ae·

84 2957 239 3031 euratapue
255 2947 370 3011 ratione
387 2945 414 3009 id
430 2965 524 3028 gertus
543 2943 675 3007 bomines
696 2944 833 3026 redargui
852 2957 987 3029 possunt,
1010 2965 1045 3008 ae
1063 2947 1236 3032 praesertim

85 3067 122 3110 ex
145 3045 187 3111 lV
215 3047 461 3133 evangelistarum
487 3067 646 3112 consensu.
698 3043 797 3110 Nemo
823 3046 917 3124 enim,
948 3047 1132 3131 quiquidem
1156 3059 1236 3114 reete

85 3151 204 3230 sentiat,
228 3151 386 3214 aeiieienda
404 3150 454 3214 illa
471 3148 526 3212 sibi
552 3148 738 3233 persuadebit
757 3169 832 3232 quae
850 3170 867 3212 a
887 3148 991 3234 spiritu
1012 3161 1115 3214 saneto
1137 3150 1167 3214 iu
1189 3171 1236 3214 sa-

86 3273 198 3316 euorum
221 3253 384 3336 evangeliis
407 3253 596 3316 enaotissime
619 3261 687 3314 sunt
709 3262 838 3336 peraeta.

167 3351 306 3420 Ceterum
331 3376 370 3419 ea
397 3355 455 3418 alio
481 3367 634 3440 praeterea
659 3353 753 3438 eapite
777 3363 909 3416 sanetum
929 3354 1158 3438 evangelistam,
1189 3355 1235 3418 rei
1253 3353 1331 3469 Q!

87 3457 173 3540 ipsius
189 3459 284 3543 potius
300 3457 497 3538 evangelium,
522 3465 674 3534 accusant,
699 3454 848 3539 quoniam,
870 3455 1016 3538 inquiunt,
1037 3454 1163 3520 loannes
1179 3457 1235 3519 duo
1333 3453 1340 3466 '

87 3559 122 3620 ab
138 3556 256 3624 Cbristo
273 3561 419 3623 celebrata
435 3555 578 3622 Pasebata
597 3568 818 3637 commemorat,
842 3579 907 3620 eum
927 3558 1013 3622 unius
1029 3559 1172 3622 duntaxat
1187 3579 1236 3621 ee·

88 3661 141 3723 teri
156 3663 331 3725 mentionem
350 3662 484 3724 iecerint.
529 3659 596 3724 Nee
614 3661 681 3724 iilud
705 3659 880 3746 ineptissimi
897 3661 1031 3726 bomines
1052 3661 1236 3730 animadver-

88 3771 165 3842 tunt,
192 3787 251 3827 non
276 3767 333 3828 duo
354 3763 447 3827 solum
473 3765 501 3827 in
525 3763 688 3846 evangeliis
707 3761 850 3827 Pasebata
872 3763 1094 3850 comprehendi,
1125 3762 1175 3826 sed
1199 3763 1235 3826 ad

90 3869 179 3949 priora
205 3867 254 3930 itta
279 3868 337 3928 duo
360 3869 477 3930 tertium
503 3868 662 3942 aeeedeae,
693 3866 722 3928 in
749 3887 805 3950 quo
829 3867 963 3930 salvator
983 3875 1030 3930 est
1053 3885 1173 3949 passus,
1205 3876 1237 3928 ut

90 3970 202 4032 omnino
223 3971 277 4032 tria
296 3969 356 4033 sint
380 3968 433 4032 toti
453 3970 492 4032 iili
516 3967 741 4053 praedicationis
763 3968 885 4052 tempori
908 3969 1073 4032 tribuenda.
1117 3965 1235 4030 Etenim

89 4073 177 4135 statim
198 4083 229 4136 ut
252 4095 268 4136 a
290 4069 414 4134 iordane
437 4072 587 4154 digressus
611 4083 673 4148 est,
698 4075 787 4143 Erat,
813 4082 844 4133 ut
866 4091 883 4134 a
907 4069 989 4134 Lnoa
1014 4070 1152 4155 seriptum
1176 4082 1233 4149 est,

90 4177 161 4236 Iesus
176 4181 311 4256 insapiens
326 4197 386 4236 esse
400 4179 484 4256 parari
497 4195 632 4236 unaarum
645 4177 747 4246 XXX,
764 4175 861 4252 filius,
890 4184 923 4233 ul
933 4173 1100 4253 putubatur,
1122 4179 1231 4255 loseph,
1248 4187 1304 4233 bue.
1315 4189 1336 4242 a,
1345 4187 1379 4232 ta

89 4281 272 4358 pulsuitEb‘,
298 4290 353 4339 eto.
393 4278 482 4340 Anno
499 4277 601 4362 quippe
617 4274 745 4358 Augusti
764 4273 952 4360 imperatoris
967 4272 1072 4342 XLtl.
1090 4287 1236 4342 natusest

121 4497 177 4549 (iae.
198 4500 284 4552 Xxll.
309 4527 344 4541 -
388 4501 410 4551 l.
434 4499 514 4569 papeia
539 4502 640 4564 vulpmo
654 4504 772 4565 scripturo
788 4505 829 4552 eat.
