3168 4926
369 230 507 284 ennaea
524 231 587 282 ore.
600 231 631 282 ιι.
648 231 730 284 rom.
745 233 765 282 ι.
783 229 882 281 nara.
895 229 1014 283 xorru.
1230 213 1272 284 da

110 349 186 433 quod
209 348 255 414 vel
275 349 425 416 auditione
444 361 643 437 compertum,
676 351 723 415 rel
745 351 869 414 aliorum
889 349 1007 436 scriptis
1027 349 1191 436 proditum,
1222 352 1271 416 vol

110 452 316 517 nonnullorum
335 454 383 538 qni
403 455 486 521 iidem
505 455 589 520 uobis
606 455 746 519 iecissent
760 452 965 518 testificatione
983 453 1131 536 cognitum
1149 453 1272 518 babere·

110 576 192 634 mus,
215 576 254 620 ne
270 556 296 620 si
314 556 395 641 plura
413 579 497 642 quam
518 578 593 642 quae
609 556 774 641 accepimus
792 555 931 618 mandare
947 555 1064 640 scriptis
1080 555 1215 636 velimus,
1240 557 1270 620 iu

111 679 172 720 eam
195 659 392 743 suspicionem
416 659 521 722 merito
540 659 711 734 veniamus,
743 677 834 742 prava
859 679 912 720 nos
931 658 1071 740 quaedam
1097 669 1124 721 ct
1144 657 1271 723 absurda

109 780 144 822 eo
159 761 343 824 conduxisse
358 761 467 840 studio,
486 773 518 825 ut
534 763 568 824 ad
583 759 797 825 baereticorum
814 759 951 822 iuvidiam
969 759 1005 821 iis
1020 759 1267 844 adscriberemus,

108 863 269 947 eodemque
287 883 345 946 quo
361 863 403 926 illi
418 863 540 927 crimine
556 873 710 926 teneamur
727 862 775 945 qui
793 859 857 924 vari
875 861 944 924 nibil
962 863 1099 940 alleruat,
1123 863 1175 926 scd
1195 886 1270 948 quae

107 987 257 1049 nonquam
271 977 324 1028 aut
337 965 483 1030 audierint
499 977 549 1028 aut
565 965 694 1028 viderint
709 976 761 1028 aut
776 985 916 1048 germana
934 964 1055 1049 spiritus
1071 967 1164 1028 sancti
1182 967 1270 1030 disci·

106 1067 184 1152 plina
201 1067 374 1148 didicerint,
398 1069 428 1131 ia
446 1069 571 1132 medium
589 1069 746 1131 adducunt.
792 1062 867 1131 Cum
885 1065 975 1149 igitur
992 1077 1145 1146 accurate,
1170 1068 1212 1132 nti
1227 1069 1270 1132 di·

105 1170 224 1248 ximus,
260 1171 357 1233 omnia
374 1192 448 1254 quae
471 1171 506 1234 ad
526 1189 759 1254 unamquamque
777 1167 1061 1256 spectant'baeresia
1079 1171 1270 1255 comproben-

106 1273 227 1352 damus,
253 1273 327 1336 adeo
342 1285 375 1337 ut
390 1274 466 1358 quod
482 1273 512 1337 iu
530 1270 587 1336 illis
603 1273 762 1336 exitiosum
778 1282 825 1336 cst
840 1293 874 1334 ac
889 1271 1060 1356 pestiferum
1076 1273 1111 1334 ad
1128 1273 1270 1337 lectorum

106 1375 343 1438 emendationem
360 1376 571 1458 significemus,
597 1385 627 1438 ct
641 1375 676 1438 nd
693 1375 760 1438 illud
778 1375 872 1458 ipsum
888 1373 1113 1458 pmpulsaodum
1132 1376 1234 1460 partim
1252 1397 1269 1440 c

105 1477 280 1561 scriptoris,
310 1476 415 1562 partim
437 1497 478 1540 ex
501 1477 719 1542 remoratione
742 1477 823 1540 uelut
843 1476 1085 1540 medicamentum
1107 1480 1270 1544 conieceri-

104 1601 189 1658 mus,
211 1581 296 1642 cuius
313 1591 394 1643 essct
409 1580 612 1664 opportunitas
628 1579 748 1664 duplex,
773 1590 805 1641 ut
816 1588 847 1641 et
859 1577 925 1662 quala
944 1597 977 1639 ea
997 1579 1174 1663 corrtagiono
1188 1582 1268 1646 labo-

103 1693 226 1758 rarent‚
251 1681 289 1745 iis
307 1682 391 1744 lectis
411 1683 447 1746 ab
466 1680 545 1744 omni
563 1681 678 1766 penitus
698 1681 800 1744 morbo
816 1693 856 1743 'ao
872 1691 928 1742 tam
945 1680 1121 1746 intolerabili
1137 1685 1269 1750 cruciatu

105 1786 331 1862 relevarentur,
363 1795 393 1847 et
415 1783 464 1868 qni
487 1785 630 1848 immunes
654 1783 955 1861 taraconensem,
989 1803 1025 1846 eo
1048 1784 1269 1851 adunationem

105 1897 273 1950 uterentur.
320 1885 402 1966 lloc,
427 1888 561 1972 inquam,
587 1885 719 1950 veritatis
736 1885 977 1949 medicamentum
994 1886 1059 1950 dum
1079 1889 1269 1971 prodentibus

105 2001 384 2075 repraesentamus,
416 1989 445 2052 id
464 1989 594 2073 agimus,
619 1998 651 2052 nt
668 1989 874 2074 discipulorum
894 1985 1004 2053 Christi
1023 1989 1156 2074 discipuli
1176 1994 1269 2055 nomi-

105 2111 227 2170 nemur,
261 2102 292 2155 ct
314 2092 399 2157 buius
422 2092 496 2155 adeo
519 2091 628 2177 ipsius,
661 2091 709 2175 qui
728 2103 774 2155 est
791 2112 946 2177 corporum
966 2092 1188 2179 animorumque
1205 2115 1269 2158 ser·

104 2207 204 2261 rator.

189 2297 283 2364 Nune
298 2308 487 2382 posteaquam
504 2296 577 2362 satis
595 2317 740 2382 superque
757 2295 786 2358 in
806 2295 860 2359 bac
876 2297 1052 2361 contutanda
1067 2299 1182 2364 haeresi
1200 2323 1268 2366 rer·

105 2401 161 2465 sati
185 2402 313 2480 luimus,
345 2400 505 2486 opitulante
524 2395 644 2463 Cbristo
667 2401 701 2464 ad
723 2409 838 2463 ceteras
856 2401 1077 2484 aggrediamur,
1110 2421 1269 2488 earumque

105 2504 205 2582 uirus,
238 2503 294 2566 boc
313 2513 361 2566 cst
378 2504 510 2568 bamatos
527 2513 749 2587 venenatosque
768 2502 889 2578 dentes,
919 2501 1053 2565 ueritatis
1073 2523 1147 2587 quae
1169 2516 1216 2568 est
1237 2509 1267 2570 in

105 2627 192 2670 cruce
215 2607 299 2669 velut
322 2607 445 2690 quodam
470 2607 545 2668 luste
568 2604 810 2669 comminuamus.
857 2601 954 2687 Qunam
976 2604 1053 2670 araim
1074 2605 1266 2689 sulrieoimus,

106 2707 351 2773 llaemorrboeae
370 2706 491 2792 viperae
510 2706 613 2772 similis
632 2719 694 2786 ast,
723 2705 809 2771 ouius
826 2707 910 2772 uirus
929 2728 963 2774 ea
982 2708 1011 2772 ui
1030 2709 1189 2793 praeditum
1208 2723 1266 2792 cst,

106 2822 255 2875 uteorum
275 2830 348 2894 qnos
363 2809 553 2873 momorderit
569 2831 684 2873 omnem
703 2831 718 2874 e
736 2810 909 2896 corporibus
923 2810 1094 2894 sanguinem
1112 2825 1266 2895 excernat,

106 2914 204 2998 itaque
220 2911 368 2976 conficiat.
408 2910 604 2996 Quodipsum
619 2909 876 2995 Quintilliauorum
893 2924 1024 2998 praestat
1038 2915 1193 2982 haeresis..
1219 2915 1268 2982 lu·

107 3015 243 3080 nocentis
265 3015 343 3079 enim
365 3015 478 3099 pueroli
501 3016 642 3078 confosso
665 3037 790 3101 corpore
812 3015 987 3100 sanguninem
1006 3038 1123 3081 omnem
1143 3020 1266 3106 excipit,

107 3139 163 3202 quo
178 3118 211 3181 in
228 3117 414 3182 celebrandis
426 3117 692 3204 participandisqnc
710 3119 858 3204 mysteriis
874 3120 910 3182 ad
926 3119 1200 3185 circumveniendos
1217 3123 1269 3186 bo·

108 3222 199 3284 mines
224 3219 339 3283 aciemn
360 3219 500 3284 abutitur.

190 3321 349 3386 Postremo
366 3333 522 3406 antequam
542 3342 597 3386 nos
615 3317 727 3388 Christi
742 3323 872 3407 potentia
891 3323 959 3386 irati
974 3324 1010 3386 ad
1023 3322 1153 3409 reliquas
1169 3327 1268 3391 accin-

107 3447 230 3510 gamus,
261 3425 339 3488 illius
365 3425 520 3490 veritatem
545 3423 751 3509 imploremus,
783 3435 816 3489 ut
839 3425 951 3490 erroris
975 3426 1118 3511 caiusque
1140 3429 1267 3514 vestigia

107 3528 298 3605 subodorati,
330 3527 459 3591 eiusdem
482 3539 632 3612 comperta
652 3527 831 3613 disiectaque
854 3527 901 3608 vi,
932 3529 988 3592 deo
1010 3529 1040 3593 iu
1058 3530 1191 3594 omnibus
1214 3552 1267 3615 pro

107 3651 142 3694 eo
163 3652 199 3696 ac
222 3631 353 3694 solemus
374 3631 498 3714 gratiam
523 3629 694 3694 babeamus.
784 3674 787 3682 ι

139 3819 163 3872 9.
180 3821 218 3872 tto
234 3822 344 3882 mopiam
357 3821 415 3870 boec
428 3823 499 3870 umbo
507 3856 515 3882 ,
533 3823 674 3870 commodam
743 3821 781 3872 10.
795 3817 838 3872 adr
851 3815 957 3874 dducam
966 3817 1085 3888 inpellier
1095 3833 1207 3884 opacum
1218 3825 1266 3872 Go-

107 3895 174 3951 otpae
189 3891 424 3948 Petuuc'umseeulur,
441 3891 525 3949 quibam
538 3889 670 3949 adstipulo·
704 3891 791 3938 lobna.
827 3887 863 3947 εἰς
878 3885 921 3942 adu
939 3885 1045 3939 θάνατοι
1060 3885 1180 3954 ἐμβάλλει
1196 3892 1266 3940 Petu-

108 3962 143 4005 tuu
155 3961 188 4006 ert
199 3959 334 4006 (tumberto
348 3969 437 4018 quoque
448 3959 508 4017 Opp.
521 3958 574 4005 crit.
582 3953 670 4016 patto.
704 3961 764 4006 utus.
787 3953 830 4009 adr
843 3954 949 4008 aaaron
959 3953 1076 4024 ἐκβάλλει
1089 3959 1199 4007 librilem
1208 3962 1266 4010 acri·

108 4027 168 4074 Num
180 4022 209 4078 τό
227 4021 294 4089 aluo
305 4028 329 4074 tn
344 4027 410 4076 libris
423 4037 469 4074 aon
481 4028 552 4072 estat.
572 4025 599 4074 ln
610 4037 673 4085 seqq.
702 4030 758 4087 ptus
774 4039 846 4087 quum
862 4027 925 4074 eddi.

107 4107 150 4152 nro
163 4089 232 4159 λύμη
246 4094 282 4142 ed.
292 4095 375 4144 Petou.
387 4095 468 4141 uitiosa
479 4087 547 4159 λύμῃ
559 4093 671 4153 amptum
741 4090 779 4142 ll.
798 4089 987 4160 ἰχνιατήσαιτες
1002 4092 1054 4142 cod.
1070 4094 1168 4158 amata.
