3186 4928
344 255 407 320 εδδ
767 264 890 320 Sfflffl
907 263 1080 318 mmm!

347 381 421 469 εἶχεν
435 381 494 470 δρα
509 381 528 450 ό
541 380 639 468 σωτήρ
653 379 740 467 ήμυῖν
753 384 805 450 καί
819 379 925 468 κόρους
941 379 1009 460 υίδς
1022 389 1078 450 τοῦ
1093 387 1181 463 θεοῦ,
1203 379 1222 450 ό
1234 381 1336 450 mv
1350 381 1387 450 δι’
1403 381 1499 465 τάγέ-

345 495 425 554 λιιαν
439 494 538 554 πᾶσαν
551 495 604 570 τῆς
618 483 761 572 ήμετίρας
773 491 849 569 ζεοής
863 483 1049 568 ποιήσασθαι
1062 483 1117 568 τήν
1130 481 1218 568 ήμόν
1229 487 1343 566 ίλκίδα,
1359 489 1393 552 δν
1405 487 1500 574 imp*

347 615 377 656 τε
396 588 433 656 τοί
449 597 569 656 πλεῖστα
585 586 853 670 ἀνατυπωσάμενος
866 590 909 665 είς
922 585 977 671 τήν
990 594 1044 671 τής
1059 585 1200 671 ιίληθείας
1211 587 1289 674 πρός
1301 586 1382 672 ήμδς
1396 587 1499 654 στίστσ-

345 714 408 772 σιν,
431 694 520 777 μέρος
536 688 629 760 αὐτοῦ
652 687 727 776 είγεν
745 687 936 770 οίποθίσθαι,
958 692 1048 776 μόρος
1065 690 1098 758 δδ
1116 692 1255 776 ἐξεγεῖραι
1275 691 1351 758 κατὰ
1370 690 1426 775 τήν
1447 718 1498 774 μυ

344 794 433 877 θοίδη
446 817 500 862 σου
519 791 687 876 ιίνασκευήυ
702 795 753 858 καί
770 792 909 878 πλήθους
926 799 1074 878 λογισμῶν
1089 797 1221 875 ματαίαν
1236 791 1388 879 συλλογήν,
1411 786 1500 875 σόφι-

343 897 465 965 λόνεικε.
509 895 609 973 Αότδς
631 894 686 982 γδρ
711 893 806 972 εόθός
827 898 980 982 διελέγχων
999 917 1056 962 σου
1078 893 1132 963 τόν
1152 894 1267 980 τρόπον
1282 896 1390 978 φάσκει
1410 899 1501 982 λέγων

344 999 405 1078 δτι,
433 996 503 1066 mv
525 999 566 1083 μή
584 999 602 1065 δ
617 997 728 1074 κόκκος
743 1003 795 1088 τοῦ
808 1003 892 1065 σίτου
907 995 1006 1064 πεσοίν
1023 999 1066 1074 είς
1080 995 1136 1081 τήν
1154 1003 1211 1084 γῆν
1228 995 1387 1089 όποθόνη,
1411 998 1502 1082 μόνος

345 1105 435 1186 μίνει,
457 1101 511 1168 δοίν
529 1103 561 1168 δὲ
577 1099 677 1168 πεσιόν
692 1098 849 1190 δποθόνη,
870 1099 997 1176 πολλοός
1011 1102 1143 1176 κόκκους
1158 1101 1250 1185 φέρει
1284 1104 1346 1167 Καί
1359 1107 1429 1168 τίνα
1444 1100 1501 1188 δρα

345 1207 422 1291 ίλιγε
438 1204 566 1282 κόκκους
614 1209 710 1270 Παντί
723 1230 764 1290 τρι
784 1205 881 1286 σαφίς
896 1205 957 1270 ἐστι
970 1205 1022 1270 καί
1039 1199 1222 1288 οίμολόγηται
1239 1205 1329 1270 παντί
1343 1211 1383 1293 τῷ
1397 1201 1501 1292 κόσμγ

343 1306 390 1375 ότι
403 1309 474 1392 περί
488 1309 596 1374 ἑαυτοῦ
608 1309 696 1392 ἔλεγε,
714 1308 845 1372 τουτέστι
858 1307 927 1391 περί
939 1313 995 1372 τοῦ
1007 1304 1145 1388 στόματος
1154 1312 1208 1388 τῆς
1219 1305 1332 1391 σαρκός
1341 1315 1394 1390 τῆς
1406 1304 1501 1393 ἇγίας,

343 1402 381 1492 ής
396 1409 456 1478 δπδ
475 1414 601 1492 Μαρίας
614 1413 716 1492 εἴληφε
722 1461 732 1490 ,
753 1411 804 1474 καλ
822 1408 892 1493 ὅλης
909 1407 1002 1476 αότοδ
1017 1415 1071 1491 τῆς
1091 1408 1355 1494 δνανθρυπήσευς
1405 1408 1447 1478 Τό
1471 1411 1501 1474 δί

344 1521 445 1580 πεσεῖν
461 1514 513 1578 καί
534 1511 716 1592 ἀποθανεῖν,
739 1508 781 1588 τίς
796 1513 886 1598 λέγει,
905 1510 1008 1577 Ὅπου
1025 1510 1058 1578 τό
1077 1517 1198 1596 πταῖμα,
1221 1513 1284 1578 δκεῖ
1296 1512 1502 1596 συναχθήσον-

345 1641 394 1682 ται
409 1618 442 1680 οἱ
453 1611 545 1695 δεταί,
567 1618 635 1700 περί
646 1621 701 1700 τής
715 1612 808 1680 αὐτοῦ
822 1616 983 1701 τριημίρου
996 1620 1051 1680 τοῦ
1065 1611 1201 1696 σιίματος
1216 1612 1382 1700 κοιμήσεως
1395 1617 1501 1702 ίλεγεν,

344 1715 387 1793 τίς
404 1719 455 1804 καί
471 1715 562 1794 αότδς
580 1715 778 1804 ὁμολογήσεις.
808 1711 845 1782 ‘H
856 1715 913 1802 γόρ
928 1717 1039 1799 θεότης
1053 1714 1146 1782 αὐτοῦ
1162 1713 1334 1801 οίκοίμηκος,
1355 1713 1501 1795 διιτιιτος,

344 1818 525 1906 δκρότητος,
547 1818 698 1905 ἄτρεπτος.
740 1818 886 1886 Ἀπέθανε
900 1824 1003 1886 τοίνυν
1021 1816 1040 1886 ό
1053 1816 1164 1896 κόκκος
1178 1827 1234 1888 τοῦ
1250 1823 1348 1898 σίτου,
1369 1821 1423 1886 καί
1437 1817 1502 1885 ιίκί-

344 1946 406 2006 σιη.
440 1922 533 2000 Ὅλος
546 1918 603 1990 οὖν
621 1921 639 1988 ό
655 1921 764 1998 κόκκος
780 1919 897 2005 ἐνίστη,
919 1920 940 2005 ή
956 1930 1062 2004 λεῖμμα
1076 1917 1169 1988 αότοῦ
1186 1920 1307 2016 ἀνέστης
1329 1920 1417 1998 ίίλλος
1432 1921 1500 1990 κιόκι

221 2065 273 2109 μς,
285 2053 331 2098 τις
346 2051 400 2102 κος
422 2024 503 2110 παρδ
521 2023 574 2091 τόν
590 2023 678 2104 δντα,
706 2023 726 2108 ή
749 2023 840 2102 αὐτός
863 2021 882 2091 ό
902 2023 945 2090 οίν
965 2027 1008 2100 είς
1025 2022 1058 2090 τό
1078 2020 1169 2102 είναι,
1197 2022 1231 2091 τό
1247 2023 1300 2090 διδ
1318 2031 1372 2090 τοῦ
1386 2022 1502 2106 Ἰωσήφ

343 2128 558 2210 κεκηδευμίνον
574 2130 607 2193 ἐν
624 2127 737 2194 σινδόνι
754 2130 806 2192 καί
822 2130 854 2194 δν
870 2125 1000 2212 μνήματι
1014 2132 1109 2216 καινῷ
1126 2128 1228 2206 τεθὲν,
1250 2127 1375 2211 ιἰνίστης
1419 2128 1501 2196 Πόν-

342 2257 401 2307 τυς
416 2229 462 2296 δτι
478 2227 534 2296 οόκ
550 2229 676 2320 ἀρνήσῃ.
725 2235 797 2296 Τίνα
810 2234 914 2296 τοίνυν
928 2227 1142 2316 εόηγγελίζοντο
1158 2231 1320 2316 ίγηγίρθαι
1332 2234 1365 2296 οί
1385 2229 1503 2318 δγγελοι

342 2341 408 2410 ταῖς
422 2337 570 2418 γυναιξίνς
596 2332 638 2408 δίς
658 2353 748 2412 φασι,
775 2337 847 2398 Τίνα
863 2337 986 2416 ζητιῖτες
1018 2329 1132 2414 Ἰησοῦν
1146 2331 1199 2398 τόν
1216 2339 1393 2418 Ναζωραῖον
1398 2361 1409 2411 3
1438 2331 1502 2398 δνό-

343 2457 407 2518 στη,
430 2432 486 2502 οιίκ
501 2438 579 2502 ἔστιν
592 2429 663 2502 οίδε·
686 2439 779 2514 δεῦτε,
802 2439 877 2500 ἴδετε
890 2433 944 2501 τόν
956 2431 1058 2501 τόπον.
1096 2431 1175 2512 Ὡςεί
1189 2437 1277 2521 ίλιγε,
1300 2441 1405 2514 Δεῦτε,
1428 2439 1502 2502 ἴδετε

342 2537 395 2606 τόν
410 2538 517 2620 τόπον,
539 2542 591 2604 καί
606 2543 769 2604 συνετίσατε
784 2535 837 2604 τόν
851 2535 1022 2624 Ὠριγίνην,
1045 2536 1092 2604 δτι
1106 2536 1165 2603 οόκ
1180 2540 1224 2604 ίνι
1240 2545 1346 2620 λεῖμμα
1366 2541 1502 2622 κιίμειυκ

344 2644 492 2721 ἐνταῦθα,
514 2636 587 2708 όλλδ
605 2639 674 2708 ὅλον
697 2637 812 2723 οίνίστη.
858 2641 919 2704 Καλ
935 2639 1019 2716 διευς
1032 2647 1109 2728 γνῷς
1124 2638 1169 2706 δτι
1186 2638 1256 2706 δίον
1272 2636 1396 2723 όνίστη,
1424 2638 1501 2708 ’Ave'-

343 2765 416 2826 στη,
438 2741 495 2810 οόκ
516 2746 595 2810 ἔστιν
616 2737 689 2824 οδδε,
716 2747 767 2810 ἵνα
789 2740 966 2832 α’ποκροόσγ
989 2763 1045 2810 σου
1067 2739 1122 2824 τήν
1143 2747 1307 2829 φλυαρίαν,
1329 2740 1378 2808 δτι
1397 2751 1502 2828 λεῖμμα

345 2844 439 2914 αὑτοῦ
464 2843 521 2912 οόκ
546 2848 774 2932 ἐγκατελείφθη,
804 2843 862 2910 ἀλλ’
877 2842 950 2910 αότό
966 2843 1000 2910 τό
1020 2841 1154 2928 ήλωθδν,
1183 2842 1256 2910 αότό
1279 2843 1313 2910 τό
1336 2847 1449 2930 νυγθδν
1468 2853 1501 2934 τῇ

344 2949 451 3038 λόγγη,
473 2947 547 3016 αιἰτδ
563 2946 597 3016 τό
616 2949 766 3034 κρατηθὲν
780 2945 841 3014 όπδ
857 2955 917 3015 τοῖν
934 2951 1123 3032 Φαρισαίων,
1145 2943 1218 3013 αότδ
1233 2944 1266 3014 τό
1283 2949 1466 3030 ίμπτυσθίν.
1572 2999 1573 3004 1

208 3683 274 3752 Κεφ.
288 3681 335 3752 ξηῖ
431 3671 494 3734 Καὶ
508 3673 536 3734 τί
551 3693 603 3751 μοι
617 3667 654 3732 τό
670 3667 773 3750 πλήθη
788 3667 880 3752 λίγειυ
895 3665 972 3752 πρός
987 3669 1101 3752 ίλιγγον
1114 3662 1224 3733 τοότου
1237 3671 1292 3732 τοῦ
1309 3666 1440 3734 lumi
1454 3669 1500 3732 καί

344 3771 542 3858 πολυκόμπου
558 3776 611 3852 τῆς
625 3771 657 3836 δν
672 3767 752 3858 αὐτῷ
769 3773 944 3855 γενηθείσης
960 3773 1121 3854 φλυαρλαςς
1156 3766 1235 3854 ’Ἆρα
1252 3759 1308 3834 τόν
1330 3763 1374 3843 τίς
1392 3769 1500 3850 αἰνίση

344 3878 397 3942 καί
409 3877 518 3942 ἑαυτοῦ
532 3873 565 3942 τό
583 3879 668 3954 σῶμα
681 3873 802 3957 ίγειρεν,
824 3870 920 3949 οὕτως
934 3874 986 3938 καί
999 3869 1080 3955 ήμᾶς
1092 3873 1193 3956 ίγερεῑ.
1235 3867 1309 3936 ’Auo'
1321 3869 1435 3938 κου’του
1448 3870 1499 3958 γδρ

345 3981 453 4056 ίδειξεν
470 3973 489 4043 ό
504 3975 590 4062 δγιος
606 3973 771 4050 όπόστολος
785 3973 839 4058 τήν
853 3970 938 4058 ήμῶν
953 3977 1072 4052 ἐλπίδα,
1093 3975 1195 4056 φήσας
1207 3971 1271 4050 ότι,
1296 3977 1370 4050 Πῶς
1387 3975 1500 4060 λλγαυσί
1570 3977 1571 4000 ¹

344 4105 419 4157 τινες
438 4083 471 4147 ἐν
487 4078 558 4164 όμῖν
579 4076 625 4146 δτι
638 4076 797 4154 όνοίστασις
809 4085 922 4162 νεκρῶν
939 4073 995 4142 οόκ
1009 4078 1101 4153 ίστινς
1122 4079 1151 4141 εί
1167 4076 1200 4142 δὲ
1214 4074 1375 4152 δνόστασις
1388 4083 1499 4162 κεκρὸν

346 4181 403 4248 οόκ
421 4183 495 4262 ίατι,
518 4179 589 4248 οὐδὲ
608 4179 734 4266 Χριστός
752 4179 919 4266 ἐγήγερται,
941 4182 969 4246 εί
988 4177 1020 4246 δὲ
1038 4175 1167 4264 Χριστός
1186 4174 1242 4244 οὐκ
1264 4175 1434 4264 ἐγήγερται,
1455 4203 1497 4244 κε-

346 4281 399 4348 νδν
418 4281 476 4368 ἄρα
498 4283 532 4348 τό
555 4283 693 4370 κήρυγμα
709 4281 809 4366 ἡμῶν,
831 4287 940 4365 ματαία
956 4283 1008 4348 καί
1024 4279 1046 4364 ή
1062 4285 1159 4358 πίστις
1178 4277 1278 4364 ήμῶν,
1301 4277 1497 4366 εὑρισκόμεθα

347 4384 381 4451 δὲ
400 4385 451 4448 καί
466 4387 710 4472 ψευδομάρτυρες
732 4391 785 4450 τοῦ
804 4391 881 4451 θεοῦ
888 4433 897 4465 ,
926 4383 972 4451 δτι
994 4388 1132 4467 εἴπαμεν,
1152 4381 1272 4469 Ἥγειρε
1289 4382 1343 4450 τόν
1360 4382 1495 4471 Χριστόν,
1569 4441 1570 4446 ,

349 4487 400 4552 καί
415 4485 452 4552 τό
471 4487 545 4568 ἑξῆς.
590 4491 651 4576 Κρλ
673 4487 796 4575 ὕστερον
820 4488 968 4574 ἐπιφόρει,
995 4488 1101 4574 λέγων,
1132 4494 1190 4554 Δεῖ
1203 4484 1237 4553 τό
1254 4485 1393 4574 φθαρτόν
1414 4495 1495 4554 τοῦτο
