3148 4938
377 219 515 272 annnam
532 221 598 273 mn.
611 221 643 273 n.
657 221 742 274 ron.
753 224 786 274 ιι.
804 223 904 276 naun.
916 224 1020 278 uxvrn
1218 217 1279 282 565

111 354 255 415 eccelsia:
287 345 449 406 tmedcno
465 345 608 422 quiverit
624 345 653 403 in
675 347 786 405 nomene
807 347 922 406 dornr'crt'.
970 341 1060 408 ltemc
1091 350 1141 410 Ec
1163 370 1213 410 cre
1233 353 1277 410 in-
1303 379 1340 424 p,
1353 379 1373 436 ρ,
1387 380 1406 424 ι,

102 457 235 538 santr'anr
252 459 283 510 et
297 447 460 508 lactentium
473 445 624 524 perfecisti
643 447 763 507 medem.
811 442 901 510 Mitto
924 445 980 510 alia
1004 447 1068 510 eius
1090 450 1210 532 generis
1233 450 1279 514 iu·

111 554 207 618 linita.

196 652 246 717 Ad
264 649 364 715 carnis
384 667 457 714 vero
476 647 725 712 resurrectionem
748 648 825 732 quod
843 649 964 728 attinet,
990 671 1087 714 nonne
1110 654 1271 719 convenire
1290 672 1401 740 capti.

110 758 161 823 illa
181 752 263 820 carui
281 752 385 831 debet,
418 748 619 814 suauissima
640 747 786 829 Hieraoa,
816 769 882 814 cum
906 751 1016 836 etipsa
1041 753 1178 836 loquendi
1201 757 1276 822 ratio

112 859 187 925 satis
203 859 261 922 vim
280 855 356 919 iilius
373 853 499 936 arguat?
534 849 653 914 Etenim
673 852 854 916 resurrectio
874 854 909 916 de
929 873 965 917 eo
981 875 1039 917 non
1057 854 1175 936 dicitur,
1199 859 1276 940 quod

110 962 232 1028 minime
251 955 401 1022 ceciderit.
448 950 595 1036 Quidnam
618 953 707 1037 igitur
729 953 800 1017 iliud
817 965 864 1018 est
887 955 963 1040 quod
985 955 1108 1035 cecidit,
1133 958 1209 1040 quod
1227 979 1275 1022 se·

110 1065 222 1152 pultum
240 1071 285 1124 est
301 1070 388 1142 atque
403 1055 594 1134 dissolutum,
619 1065 824 1140 praeterquam
843 1058 971 1142 corpus?
1012 1055 1121 1143 Neque
1140 1059 1219 1123 enim
1239 1061 1275 1124 de

110 1167 210 1232 anima
227 1163 283 1227 dici
305 1160 383 1224 istud
408 1167 523 1243 potest,
548 1177 622 1242 quae
647 1177 742 1243 neque
760 1159 867 1222 cadere
891 1180 987 1244 neque
1012 1162 1144 1246 separari
1164 1172 1273 1248 potest.

110 1267 203 1334 Plura
221 1266 278 1331 alia
295 1264 330 1327 de
346 1281 381 1326 ea
401 1280 434 1324 re
455 1257 597 1345 disputari
612 1270 752 1344 possunt,
776 1263 828 1326 sed
848 1261 921 1326 baec
937 1283 1051 1328 somma
1068 1273 1150 1343 esto,
1174 1285 1276 1328 resor-

107 1371 272 1436 rectionem
292 1384 473 1449 neqnuquam
488 1362 604 1426 animae
624 1362 728 1443 tribui,
754 1364 805 1428 sed
822 1384 929 1449 corpus
948 1385 1016 1428 esse
1036 1367 1112 1450 qnod
1130 1368 1271 1450 resurgit.

110 1471 198 1557 Quod
215 1469 341 1535 verode
360 1465 505 1530 electione
522 1465 603 1550 plora
620 1465 707 1546 dicit,
732 1485 788 1550 qua
807 1466 939 1530 salvator
959 1467 1177 1552 virginitatem,
1201 1490 1273 1533 con·

108 1572 262 1639 tinentiam
281 1581 311 1633 ct
329 1567 531 1647 castimoniam
553 1568 661 1651 elegit,
694 1567 759 1654 quis
782 1567 840 1630 boc
857 1588 915 1631 non
934 1569 1088 1652 intelligit,
1113 1571 1149 1634 de
1169 1571 1273 1634 eodem

107 1677 224 1742 delectu
248 1670 371 1757 gloriari
397 1689 513 1754 quoque
543 1680 674 1732 sanctam
706 1668 879 1734 catholicam
905 1681 935 1734 ot
960 1672 1150 1756 apostolicam
1176 1673 1273 1738 eccle-

106 1779 202 1844 siam?
247 1771 308 1841 Sed
331 1774 435 1838 eadem
458 1770 648 1836 nibilominus
671 1782 702 1835 et
724 1792 777 1838 eos
796 1793 911 1857 quoqne
934 1773 982 1857 qui
1007 1773 1139 1838 honestis
1162 1774 1272 1860 nuptiis

104 1878 209 1966 illigati
228 1888 297 1942 sunt
320 1897 372 1962 pro
394 1873 440 1939 sui
464 1873 633 1937 conditione
648 1883 761 1954 status,
792 1877 828 1940 ad
853 1875 978 1938 salutem
1002 1876 1161 1961 pervenire
1184 1898 1272 1963 posse

107 2003 169 2047 noa
187 1979 310 2046 dubitat.
355 1975 435 2041 Nam
452 1977 625 2038 venerabiles
641 1999 701 2038 esce
715 1982 844 2058 cupane,
878 1997 912 2040 ac
939 1976 985 2040 dei
1007 1978 1157 2062 aspirante
1176 1980 1392 2064 gratianos-1³.
1405 1995 1425 2038 t·

106 2085 239 2149 eoeleste
267 2099 391 2163 reguum
415 2077 570 2158 obtinere,
600 2079 665 2162 quis
691 2079 739 2143 vel
762 2099 802 2142 ex
826 2099 862 2142 eo
886 2098 944 2142 uon
967 2091 1111 2164 agnoscet
1136 2083 1213 2166 quod
1236 2084 1273 2146 ad

107 2187 226 2273 nuptias
246 2183 388 2247 invitatos
405 2181 537 2244 salrator
551 2181 613 2267 ipse
632 2181 737 2259 inerit,
770 2190 802 2245 ut
823 2182 859 2245 iis
881 2181 1093 2248 benediceret?
1136 2183 1223 2268 Quod
1245 2185 1272 2248 si

106 2303 167 2354 tum
184 2285 292 2372 nuptiis
304 2283 451 2350 interesse
467 2282 623 2362 noluisset,
642 2284 810 2348 earumdem
825 2303 951 2348 eversor
959 2284 1076 2366 luisset,
1095 2305 1150 2350 neo
1167 2307 1271 2350 unum-

105 2409 251 2478 quemque
274 2409 328 2473 pro
345 2407 400 2450 ana
422 2383 622 2449 imbecillitate
646 2385 775 2470 benigne
793 2397 880 2470 atque
904 2384 1091 2470 indulgenter
1115 2388 1270 2452 admittere

104 2502 269 2580 putaretur.
316 2485 516 2570 Quamobrem
535 2489 707 2550 venerabiles
724 2491 840 2568 captiae
854 2499 937 2562 sunt,
964 2507 1028 2550 curn
1048 2509 1098 2552 aas
1115 2489 1179 2575 ipse
1199 2511 1270 2554 cou-

103 2593 245 2660 stituerit.
293 2587 422 2674 ttecque
438 2600 468 2653 et
484 2590 590 2654 adesse
606 2589 711 2652 iisdem
727 2589 837 2669 voluit,
862 2599 893 2652 ot
911 2607 1013 2652 eorum
1031 2609 1083 2654 ora
1098 2592 1269 2676 praeclude-

104 2707 152 2761 ret
170 2696 217 2780 qni
235 2704 338 2758 contra
358 2691 513 2756 veritatem
532 2692 690 2776 disputant.
738 2687 818 2773 Quin
835 2701 865 2755 et
884 2690 942 2754 illic
959 2693 1033 2776 apud
1051 2689 1164 2758 Caoam
1186 2692 1269 2760 Gali·
1291 2707 1401 2757 lucana.

101 2801 187 2864 laeae
200 2801 324 2878 minam
337 2796 536 2876 regnumvsecit
549 2806 579 2856 et
599 2800 627 2856 in
645 2799 738 2856 urnam
755 2813 860 2874 aqueum
874 2800 1022 2856 conuertit.
1069 2794 1148 2860 Nam
1168 2808 1199 2861 ut
1217 2819 1266 2862 cr·

101 2917 150 2966 tus
167 2921 207 2964 ex
223 2899 338 2984 virgine
357 2898 469 2973 inerat,
493 2906 524 2959 ut
541 2895 604 2959 orbi
625 2907 769 2960 terrarum
786 2895 946 2960 excitatam
970 2917 1010 2962 ex
1032 2897 1149 2982 virgine
1171 2899 1267 2964 lucem

103 3002 293 3080 ostenderet,
317 3000 404 3064 itaet
422 2999 545 3085 primum
563 2997 734 3062 miraculum
754 2999 921 3083 nuptiarum
940 2999 1108 3084 ingratiam
1124 2999 1267 3089 apndCa·

103 3125 172 3168 nam
191 3101 343 3168 Galilaeae
360 3101 458 3164 iacere
478 3099 581 3164 voluit.
628 3098 697 3184 Quo
718 3101 855 3164 nimirum
877 3112 907 3166 et
923 3101 1085 3184 virginitati
1108 3123 1193 3166 enum
1216 3103 1266 3168 illo

103 3217 207 3292 partu,
232 3205 363 3288 locisque
386 3222 459 3288 quae
478 3223 518 3266 ex
534 3202 582 3267 illa
599 3203 748 3287 prodierat
771 3202 931 3267 emissione
950 3203 1090 3268 bonorem
1108 3205 1264 3286 tribueret,

102 3320 133 3373 et
150 3308 291 3372 bonestas
309 3307 424 3391 nuptias
441 3304 582 3390 prodigiis
598 3325 631 3368 ao
650 3305 800 3370 miraculis
816 3305 995 3386 illustraret,
1019 3305 1124 3390 quibus
1141 3307 1265 3395 primum

100 3409 241 3474 mumuda
260 3409 289 3472 in
307 3409 406 3474 vinum
425 3429 499 3493 aqua
515 3407 687 3471 miraculum
705 3418 751 3472 est
768 3407 899 3472 molitus.
945 3407 994 3472 nt
1012 3408 1086 3472 baec
1108 3408 1134 3472 ai
1156 3409 1265 3474 abalie-

101 3511 217 3577 naudae
234 3511 332 3576 tonent
351 3511 388 3576 ab
410 3531 447 3574 eo
465 3509 602 3596 nuptiae,
627 3528 765 3594 quorsum
785 3509 825 3574 itu
842 3509 974 3593 gentium
994 3510 1134 3595 magister
1152 3511 1266 3596 pracci-

101 3623 204 3700 peret:
238 3618 368 3676 leniores
388 3616 487 3676 caduce
510 3617 614 3688 retice,-
642 3623 790 3694 postquam
812 3617 885 3674 enain
911 3616 1076 3674 tunun'utuc
1091 3615 1211 3696 sueram
1231 3618 1261 3676 in
1274 3608 1412 3717 Ῑᾞῗῖὓι

101 3719 262 3790 Christum,
286 3719 391 3778 nubere
412 3719 524 3792 nolunt,
555 3717 689 3777 labentes
706 3717 856 3789 ebdc‘cr'arn,
889 3718 1019 3794 quondum
1037 3733 1159 3794 prensum
1171 3717 1263 3794 fidene

99 3823 214 3880 nrn'torn
221 3819 368 3900 fecerunt.
408 3815 486 3901 Quid
502 3818 594 3902 igitar
612 3815 714 3881 iubet?
734 3818 862 3890 Nubant,
882 3815 987 3902 inquit,
1002 3818 1088 3897 filios
1098 3829 1262 3896 procreent,

98 3931 206 3983 manes
222 3923 436 4002 famelicarum.
484 3917 570 4003 Quae
593 3941 659 3984 oum
683 3919 808 4004 apostoli
825 3918 1001 3982 auctoritate
1021 3917 1261 4002 comprobentur,

98 4043 155 4086 cur
173 4043 191 4086 a
206 4033 248 4102 te,
273 4043 291 4086 o
309 4021 450 4101 Hieraca,
473 4033 541 4108 post
558 4018 669 4087 Cbristi
689 4021 798 4086 domini
817 4022 974 4086 adrentum
992 4020 1022 4084 iu
1040 4039 1129 4084 carne
1145 4019 1263 4107 nuptiae

97 4126 355 4190 condemnantur?

131 4311 159 4362 2.
176 4310 221 4364 καὶ
236 4307 303 4364 κατὰ
316 4307 377 4372 τοὺς
392 4313 486 4374 reponet
500 4325 545 4376 pro
559 4325 586 4364 eo
602 4314 665 4376 qood
732 4311 756 4366 d.
775 4311 824 4378 τῆς
840 4311 988 4365 desideratur
1003 4315 1029 4365 tn
1044 4315 1099 4367 edit
1117 4315 1199 4370 Petunt.
1217 4315 1262 4372 Gr·

92 4383 369 4508 msswwa
390 4375 517 4443 καὶτοὺς.
551 4383 665 4434 Ριιιιιιιιι
698 4384 744 4434 ton.
761 4388 832 4446 repet.
