3148 4938
374 261 512 317 seusun
530 265 624 316 eren
651 261 1006 316 senonensem.
1217 253 1278 316 uu>

108 383 153 448 uu
173 401 289 468 quoqne
314 403 434 463 omnes,
466 386 501 449 nd
522 405 596 468 qnos
619 405 726 449 nonen
751 383 820 448 iltod
839 382 1005 469 adoptionis
1024 384 1181 464 conuenit,
1205 386 1276 447 ado·

110 485 197 550 randi
216 485 295 550 iiiios
313 485 451 572 opinione
467 488 595 566 inerant,
614 508 679 550 enm
696 487 743 550 dei
760 486 813 550 titii
832 496 1048 570 nuncupentur.
1081 486 1173 571 Atqui
1189 488 1276 572 longe

107 589 199 654 aliter
216 607 284 653 sese
304 588 415 654 veritas
435 588 541 669 babet,
566 610 641 674 quae
666 589 845 674 singularem
871 601 900 652 et
920 587 1101 672 unigenitum
1121 590 1166 654 dei
1183 591 1274 654 filium

108 701 254 776 perpetuo
277 693 434 776 cognovit,
467 693 512 756 cni
539 691 691 770 serviunt,
726 713 811 776 qoem
835 691 1092 755 adorantomniaz
1126 693 1171 756 oni
1195 687 1390 797 omnssffbt

103 816 187 874 genu
201 797 342 876 flectetur
358 798 536 870 coelestium,
563 799 740 858 terrestm'um
755 807 786 857 et
797 797 992 878 infernorum,
1017 806 1046 855 et
1064 799 1153 856 omnus
1175 799 1275 876 lairguu

106 899 309 978 confitebetur,
335 901 465 978 puerariam
486 901 615 960 domebus
638 903 718 960 lesus
736 901 867 960 Christus
884 901 914 958 a'n
929 900 1027 977 glort‘u
1043 909 1087 958 est
1103 901 1152 958 etet
1165 903 1271 978 putrui.

104 997 218 1084 Neque
236 1019 309 1062 uero
325 998 446 1084 spiritus
461 1010 582 1075 sanstus
598 1022 662 1063 oum
682 999 804 1084 reliquis
821 998 972 1084 spiritibus
989 999 1276 1084 adaequanduses13

61 1083 66 1090 ¹
106 1123 178 1165 enm
197 1123 271 1164 unus
288 1101 327 1164 sit
346 1102 392 1164 dei
410 1101 531 1188 spiritns
554 1125 572 1164 u
587 1116 671 1184 putre
686 1107 843 1184 proruens
859 1106 937 1164 etde
949 1104 1019 1182 filio
1034 1106 1186 1182 eoeapr'ens.
1235 1101 1276 1164 At

105 1203 160 1266 isti
185 1215 337 1266 creaturae
362 1203 438 1268 hunc
464 1225 531 1268 esse
556 1215 721 1270 narraturam
744 1215 894 1268 asserunt.
941 1201 993 1268 Sic
1014 1205 1092 1267 enim
1115 1203 1273 1268 obiiciunt:

106 1303 187 1370 Cum
208 1313 300 1368 omnio
316 1329 370 1386 per
386 1312 475 1388 ipsum
489 1311 570 1390 suctu
585 1313 660 1380 seint,
694 1313 802 1370 ctoriae
822 1313 884 1388 apso
899 1309 1007 1388 sectatae
1023 1312 1063 1368 sit
1079 1309 1169 1382 matt,-
1202 1327 1275 1392 ergc
1288 1328 1396 1387 raanan,
1408 1331 1430 1378 a.

105 1409 199 1472 etiam
216 1409 337 1493 spiritus
360 1409 439 1473 inter
456 1409 520 1473 eins
538 1431 627 1494 opera
652 1411 849 1474 numerandus
865 1419 926 1472 est:
958 1407 1095 1493 quoniam
1115 1415 1275 1492 peripsum

94 1514 189 1593 sueta
205 1524 272 1574 runt
286 1517 389 1574 mnua'n.
427 1510 487 1577 Sed
506 1513 604 1577 miseri
625 1511 772 1592 homines,
798 1510 846 1596 qui
862 1522 974 1574 temere
993 1511 1105 1575 animas
1124 1533 1194 1576 suns
1208 1535 1276 1599 per·

107 1614 201 1691 dunt,
225 1613 294 1678 itlut
313 1615 466 1699 ignorant,
500 1616 578 1678 atiud
604 1637 671 1679 esse
695 1626 847 1680 creatores
873 1613 950 1678 aliud
975 1625 1140 1678 creatorem
1166 1615 1274 1700 ipsum,

109 1726 242 1801 patrem,
269 1717 360 1780 sitium
379 1729 410 1781 et
425 1717 558 1803 spiritum
577 1728 711 1782 sanetum
730 1739 817 1784 nuum
837 1718 942 1796 deum,
968 1716 1017 1800 qui
1035 1737 1141 1781 revera
1160 1718 1276 1782 trinitas

108 1827 177 1896 est,
208 1829 239 1882 et
258 1821 287 1882 in
313 1821 519 1903 singularitate
544 1821 652 1883 unitas.
700 1818 916 1906 Quippeuous
941 1820 1100 1901 deusest,
1134 1842 1192 1884 non
1218 1821 1276 1885 dno

109 1931 229 2005 patres,
255 1943 350 2007 neque
368 1922 419 1986 ruit
436 1924 512 2002 dno,
538 1923 585 1987 rel
601 1924 658 1985 duo
679 1923 800 2007 spiritus
822 1923 928 1986 sancti.
974 1920 1042 1985 Neo
1063 1943 1080 1986 a
1102 1913 1185 2007 pa'tre
1204 1923 1275 1986 atie·

108 2045 168 2088 nus
183 2035 228 2088 est
244 2023 339 2102 trtius,
352 2026 404 2088 sed
420 2026 456 2088 ab
473 2025 539 2110 ipso
554 2025 689 2110 genitus,
714 2047 769 2088 neo
784 2025 899 2090 alienus
915 2025 983 2088 item
1001 2024 1122 2108 spiritus
1139 2037 1273 2114 sanctus.

108 2123 162 2190 Ex
180 2127 285 2212 quibus
302 2127 381 2192 titius
400 2128 567 2214 unigenitus
585 2129 649 2191 siue
669 2128 727 2191 otto
744 2128 829 2191 initio
846 2128 892 2190 vei
910 2139 1041 2211 tempore
1057 2129 1192 2212 genitus3
1216 2129 1275 2215 spi-

109 2231 186 2294 ritns
204 2242 300 2293 antem
319 2242 439 2295 sauctus
456 2251 492 2294 eo
510 2231 595 2294 modo
618 2251 704 2315 qoem
730 2241 815 2316 pater
839 2240 869 2293 et
891 2230 1060 2314 unigenitus
1088 2242 1274 2316 cognoscunt

110 2353 207 2417 oeque
224 2333 341 2417 genitus
363 2354 459 2417 oeque
476 2344 593 2397 creatus
613 2355 628 2394 a
652 2343 736 2418 patre
759 2345 789 2396 et
803 2332 882 2413 titio,
906 2333 959 2396 sed
976 2354 991 2396 a
1008 2343 1090 2418 patra
1109 2334 1273 2418 procedens

109 2445 141 2498 et
161 2435 196 2498 de
217 2434 277 2498 irtio
295 2435 455 2521 acccipiens.
501 2441 629 2517 Spiritus
650 2441 721 2498 enim
740 2457 833 2510 meus,
858 2435 969 2520 inquit,
993 2447 1052 2496 stet
1066 2441 1096 2498 iu
1114 2439 1203 2498 medio
1225 2459 1271 2498 oe·
1284 2457 1339 2514 sgg.
1352 2458 1400 2514 no.

105 2541 184 2598 stri:
217 2547 264 2616 et,
293 2542 540 2600 Uneithrr'stum
559 2544 589 2600 iu
605 2543 709 2620 spiritu
725 2549 834 2600 anneto.
882 2535 916 2602 Si
941 2536 1111 2622 unigenitus
1134 2541 1197 2624 ipse
1213 2538 1273 2624 spi·
1286 2562 1415 2617 nuclea

107 2639 170 2702 ritu
192 2650 295 2703 sencto
317 2640 456 2705 inunctus
480 2641 604 2722 dicitnr,
637 2640 702 2725 quis
729 2640 944 2705 sanctissimam
974 2639 1133 2705 trinitatem
1158 2641 1277 2706 audebit

104 2742 282 2806 incesseret

195 2841 296 2930 Pergit
317 2867 389 2910 vero
411 2846 539 2910 furiosus
557 2857 644 2930 atque
664 2867 766 2912 nereos
785 2845 895 2926 Arius,
926 2859 956 2910 et
978 2867 1047 2926 eurr,
1080 2845 1192 2932 inquit,
1217 2847 1269 2911 do·
1282 2853 1428 2924 capxtx.

104 2945 206 3010 minus
229 2948 321 3029 dixit,
355 2953 431 3029 (inid
452 2973 495 3012 me
520 2953 591 3011 ἀίειν
617 2951 739 3012 bonum?
787 2954 864 3012 Unius
887 2963 930 3011 est
955 2953 1043 3012 dunen
1069 2953 1159 3012 deus?
1187 2951 1271 3035 quasi
1285 2963 1340 3008 nne
1350 2963 1383 3017 18,
1395 2963 1428 3009 1⁸·

102 3050 268 3114 bonitatem
291 3073 356 3116 ase
374 3053 419 3115 bis
437 3053 536 3116 verbis
559 3051 717 3116 ubindieet.
757 3049 943 3137 Quamquam
962 3052 1119 3139 quisalius
1140 3052 1272 3117 bonitate

103 3174 174 3216 oum
195 3155 347 3238 unigenito
366 3155 411 3218 dei
433 3155 490 3218 utro
504 3156 718 3241 comparandos
733 3166 798 3234 est,
823 3155 871 3240 qui
889 3155 1078 3240 semetipsum
1095 3156 1273 3220 redimendis

103 3256 262 3320 animabus
280 3258 390 3321 nostris
408 3257 532 3342 pretium
551 3259 667 3322 obtniit.
714 3255 813 3342 Usque
831 3279 866 3321 eo
885 3256 1013 3323 divinam
1034 3257 1091 3321 vim
1112 3268 1142 3321 ct
1159 3257 1274 3322 bonitu-

102 3371 166 3422 tem
187 3359 339 3442 ignorant;
364 3381 418 3423 nee
436 3361 512 3424 iltius
528 3361 691 3446 sapientiae
709 3360 922 3445 providentiam
942 3371 972 3423 et
988 3360 1273 3426 administrationem

103 3460 293 3545 intelligunt,
319 3464 460 3526 animales
479 3463 632 3543 homines,
668 3475 697 3526 et
713 3465 742 3526 in
759 3484 876 3526 earnem
895 3462 981 3529 attins
1004 3465 1153 3545 immersi,
1185 3464 1232 3548 qni
1256 3485 1274 3526 n

102 3563 213 3650 spiritu
229 3576 333 3628 saneto
349 3565 517 3646 diiudicati,
547 3566 683 3650 illiusque
700 3567 805 3629 inanes
821 3577 851 3629 et
868 3567 972 3647 uacui,
998 3568 1127 3632 eiusdem
1150 3587 1273 3630 munere

104 3689 145 3732 ac
161 3667 306 3730 beneficio
326 3679 445 3748 carent,
471 3691 529 3753 qno
548 3670 688 3733 mortales
707 3689 809 3734 omnes
830 3669 935 3733 eruditi
959 3670 1108 3755 sapientes
1131 3671 1272 3735 eradunt.

101 3768 272 3833 Praetereo
293 3791 359 3832 corn
382 3771 448 3851 titii,
473 3772 625 3856 inquiunt,
652 3769 802 3838 Zebedaei
822 3771 991 3838 interuentu
1016 3772 1118 3836 matris
1141 3793 1214 3836 snae
1237 3771 1273 3837 nb

100 3873 158 3936 itio
176 3872 378 3956 postulassent
400 3886 431 3938 ut
454 3873 485 3938 in
511 3874 603 3960 ipsius
630 3895 724 3958 regno
749 3875 826 3940 niter
850 3877 884 3938 ad
908 3876 1063 3940 dexteram
1091 3874 1271 3955 consideret,

99 3975 183 4039 atter
202 3975 236 4036 ad
253 3975 421 4056 sinistram,
446 3976 485 4042 ita
502 3978 558 4041 ittis
576 3977 746 4061 respondit:
779 3982 903 4040 Nescitis
919 3983 988 4061 quid
997 3985 1119 4060 potatas.-
1148 3983 1269 4060 potestus
1283 3993 1369 4092 garga.

100 4079 204 4140 didere
218 4081 349 4154 celocem,
375 4102 455 4160 quem
475 4081 615 4142 bibiturus
632 4087 718 4142 sum?
746 4081 986 4162 Respondentibus
1002 4086 1078 4156 a'tla's,
1104 4086 1267 4158 Possumus,
1311 4078 1318 4102 '
1357 4078 1364 4090 ’

98 4182 244 4254 sartatecta,
281 4185 402 4244 Cub'eem
429 4187 539 4264 quidem
569 4205 658 4245 meum
682 4185 800 4258 bidens,
835 4187 932 4246 sedere
952 4197 1045 4248 nutem
1067 4190 1106 4247 ud
1126 4189 1271 4259 deuterum

98 4306 195 4346 meum
216 4296 246 4344 et
265 4289 410 4348 suestram
433 4309 489 4348 nun
511 4299 555 4348 est
576 4308 664 4348 meum
687 4291 757 4348 dure
779 4289 873 4362 cubas,
898 4291 950 4348 sed
962 4289 1063 4369 quesbus
1081 4300 1213 4370 paratuum
1229 4299 1274 4349 est

133 4403 164 4484 ft:
186 4407 317 4455 cunnum
339 4409 410 4456 uertit
435 4406 524 4456 remoti
548 4425 562 4456 a
583 4416 672 4457 sancto
706 4406 798 4473 νιρῑνιιν
814 4411 924 4470 mumctt
940 4409 1071 4489 exemptum
1094 4423 1141 4460 uon
1161 4411 1269 4472 suppetit.

96 4483 205 4539 sperno.
241 4474 324 4536 ttecte,
349 4480 374 4524 ut
389 4473 448 4524 mtbt
463 4477 572 4539 uidetur,
589 4489 674 4538 quum-
709 4477 834 4526 Eratonos
850 4479 983 4538 suspicarer
1000 4473 1203 4542 ανανιρονόμενοι.

95 4556 176 4616 quom
201 4544 301 4594 atterum
318 4545 382 4594 oona
399 4535 538 4610 ἀνακρίνειν
554 4557 599 4611 pro
612 4535 675 4598 doo-
743 4543 765 4596 4.
785 4538 923 4614 ἀριστερῶν
939 4559 1003 4612 μον,
1021 4537 1068 4597 οὐκ
1082 4547 1134 4596 cort.
1149 4547 1245 4622 Rttdtp.
