3128 4930
324 219 385 284 106
745 231 1054 286 ειιιοτιτειιιιιαιι

323 356 507 431 κατασκηνοῖ
530 343 549 414 ά
571 346 658 428 θεάς,
685 350 893 435 πληρουμένου
914 357 969 414 τοῦ
989 353 1085 432 ήητοῦ
1105 347 1166 431 ῦτι,
1194 349 1425 434 Κατασκηναίσα
1447 353 1479 418 ἐν

323 447 438 529 αὐτοῖς,
461 452 512 516 καί
528 451 764 535 ἐμπεριπατήσω.
800 449 945 534 Ἐμελλεν
966 445 1021 518 οῦν
1040 450 1137 534 πλάνη
1157 479 1201 528 τις
1218 457 1354 538 γίνεσθαι
1376 456 1410 520 ἐν
1430 481 1477 519 πε-

322 562 419 633 στοῐς,
442 556 469 618 εί
484 552 526 637 μή
542 550 563 635 ή
581 557 682 637 βίβλος
704 561 910 637 πνευματικῶς
927 550 1000 636 ήμῖν
1013 552 1230 638 άπεκαλύφθη,
1257 558 1309 621 ἵνα
1329 553 1478 638 μάθωμεν

323 654 364 740 μή
381 660 545 741 σαλπίγγων
560 652 634 721 είναι
649 661 761 741 χρείαν·
785 653 855 720 άλλά
871 658 988 737 εέιλίναι,
1009 657 1056 723 ὅτι
1071 657 1253 742 πνευματική
1269 655 1381 740 ἐστινή
1396 666 1478 724 πῦσε

322 765 376 823 τοῦ
392 764 468 822 θεοῦ
488 763 687 843 πραγματεία,
709 757 820 840 ἵναμή
839 756 914 823 κατά
930 758 983 835 τάς
1002 756 1174 836 Ἰουιλαλκάς
1194 768 1301 843 χαλκᾶς
1317 759 1479 848 σάλπιγγας

321 859 473 943 λάβοιμεν,
495 858 678 946 ήάργυρῦς,
700 858 772 926 α’λλά
789 868 995 944 πνενματικῶς
1010 861 1194 945 ἐννοήσωμεν
1213 859 1253 939 άς
1273 860 1324 929 ἐπ’
1346 861 1479 948 ούρανοῦ

323 959 396 1026 είναι
415 968 469 1044 τῆς
485 964 638 1045 ἐκκλησίας
653 964 687 1028 τά
702 962 849 1048 κήρυγμα.
884 961 944 1039 Ὣς
958 965 1008 1028 καί
1025 962 1095 1048 άλλη
1113 991 1174 1030 που
1191 962 1288 1044 είπεν,
1308 962 1366 1030 Ἐν
1380 968 1478 1055 ἐκείνη

321 1071 357 1154 τῇ
375 1061 471 1152 ήμέρρι
488 1071 680 1130 σαλπίσουσιν
695 1068 728 1131 ἐν
743 1073 778 1155 τῇ
794 1064 931 1151 σάλπιγγι
946 1072 982 1155 τῇ
997 1066 1115 1156 μεγάλη.
1147 1065 1313 1152 Σάλπιγγες
1327 1066 1384 1153 γάρ
1402 1059 1478 1150 ἦσαν

322 1169 354 1231 οί
366 1174 529 1249 προφῆται,
550 1166 672 1253 σάλπιγξ
689 1169 721 1234 δέ
736 1167 846 1254 μεγάλη
863 1165 884 1251 ή
901 1163 971 1253 άγία
988 1166 1075 1251 φανή
1091 1176 1145 1235 τοῦ
1160 1175 1267 1255 κυρίου
1284 1171 1316 1234 ἐν
1334 1177 1376 1256 τῷ
1394 1167 1477 1254 εῦαγ-

320 1273 413 1357 γελίρι.
457 1266 518 1334 Διά
540 1276 627 1334 τοῦτο
648 1272 701 1336 καί
726 1266 857 1355 άγγέλοις
879 1267 975 1353 ἐδόθη
995 1268 1190 1352 άποκαλύηιαι
1211 1268 1291 1354 ήμῖν.
1334 1277 1477 1338 Σαλπίσει

319 1369 386 1457 γάρ,
409 1374 494 1453 φησί,
517 1375 569 1437 καί
583 1375 616 1438 οί
628 1373 725 1458 νεκροί
744 1369 964 1454 άναστήσονται.
1005 1375 1048 1438 Εί
1062 1375 1095 1439 δέ
1111 1372 1294 1457 χλευάζονται
1308 1371 1376 1458 παρ’
1393 1371 1476 1458 ύμῖν,

321 1465 466 1552 άούτοι,
495 1477 529 1538 αί
548 1481 607 1538 νῦν
631 1473 759 1560 άγγέλαν
784 1478 955 1562 σάλπιγγες,
977 1473 1027 1541 διά
1044 1473 1078 1542 τά
1102 1478 1135 1542 ἐν
1153 1485 1189 1566 τῇ
1208 1474 1411 1557 Ἀποκαλύφει
1431 1501 1476 1563 γε·

199 1579 308 1637 ΜΝ·
322 1573 474 1661 γράφθαι,
496 1576 656 1658 χλευάζεται
673 1577 731 1662 άρα
749 1579 799 1642 καί
816 1575 935 1663 ήπαρά
957 1585 1000 1666 τῷ
1021 1574 1095 1666 άγίιμ
1114 1575 1270 1667 άποστάλφ
1293 1577 1416 1664 σάλπιγξ
1438 1581 1474 1644 εί-

321 1679 447 1761 ρημένη·
481 1678 704 1762 Καταβήσεται,
726 1682 836 1763 φησίν,
858 1678 908 1744 ἐπ’
928 1678 1062 1765 ούρανοῦ
1086 1683 1118 1745 ἐν
1139 1688 1175 1770 τῇ
1201 1679 1306 1771 ἐσχάτη
1328 1680 1477 1768 σάλπιγγι,

321 1782 370 1845 καί
386 1784 418 1846 οί
434 1785 532 1866 νεκροί
550 1780 762 1864 άναστήοονται
777 1785 809 1848 ἐν
823 1789 868 1872 τῇ
881 1781 987 1871 ἐσχάτη
1001 1780 1115 1870 ήμέρςι,
1137 1785 1170 1848 ἐν
1185 1789 1273 1872 φωνή
1288 1781 1476 1869 άρχαγγέλου.

320 1881 511 1970 Συνάὸοντος
536 1888 635 1949 τοίνυν
652 1891 706 1949 τοῦ
722 1883 888 1950 άποστάλου
909 1891 950 1971 τῷ
971 1881 1044 1972 άγίφ
1062 1881 1215 1974 άποσιύλρο
1236 1883 1365 1976 Ἰωάννη
1387 1887 1420 1952 ἐν
1438 1893 1477 1975 τῇ

318 1981 536 2066 Ἀποκαλύψει,
558 1990 631 2052 ποία
646 2012 692 2063 τις
705 1984 894 2052 ύπολείπεται
911 1983 1073 2071 άντιλογίας
1095 1993 1162 2063 ποῦς
1177 1989 1209 2054 ἐλ
1224 1985 1281 2052 οῦκ
1297 1985 1392 2062 εύθύς
1408 1989 1477 2053 ἐτά-

319 2109 372 2169 στη
395 2085 490 2170 πλάνη
516 2087 732 2174 ἐλεγχθήσεται,
760 2096 814 2155 τοῦ
836 2095 913 2155 θεοῦ
935 2091 967 2156 ἐν
986 2087 1099 2178 ἐκάστρο
1120 2095 1181 2155 τῦν
1199 2087 1290 2176 άγίοιν
1312 2087 1478 2168 δεδωκότος

319 2194 496 2278 μαρτυρίαις

181 2593 248 2664 Ῐῐφ·
262 2594 308 2664 W·
404 2596 483 2666 Είτά
499 2625 576 2676 τινες
591 2597 736 2692 ἐξιαύτοῦν
750 2599 840 2666 πάλιν
858 2598 1105 2684 ἐπιλαμβάνονται
1126 2598 1235 2666 τούτου
1254 2607 1309 2666 τοῦ
1325 2604 1421 2686 ῥητοῦ
1442 2605 1476 2668 ἐν

318 2699 571 2792 τήἍποκαλύψει
587 2710 623 2792 τῇ
639 2700 731 2793 αῦτη,
751 2705 803 2768 καί
820 2702 987 2783 φάσκουσιν
1002 2702 1212 2790 άντιλέγοντες,
1234 2701 1281 2769 ῦτι
1296 2701 1360 2770 είιτε
1374 2704 1474 2788 πάλιν,

322 2801 449 2887 Γράψον
469 2811 509 2892 τῷ
526 2801 638 2893 άγγέλρο
656 2812 709 2887 τῆς
726 2807 880 2888 ἐκκλησίας
894 2813 935 2895 τῷ
953 2807 986 2872 ἐν
1004 2810 1192 2887 Θυατείροις,
1215 2807 1266 2872 καί
1282 2805 1338 2873 ούιι
1353 2811 1397 2873 ἐνι
1414 2811 1478 2874 ἐκεῖ

318 2907 454 2988 ἐκκλησία
480 2911 666 2990 Χριστιανῶν
689 2909 720 2972 ἐν
744 2912 899 2998 Θυατείρη.
945 2915 1019 2984 Ποῑς
1044 2901 1100 2974 οῦν
1123 2911 1233 2993 ἐγραφε
1259 2917 1295 2998 τῇ
1317 2910 1358 2993 μή
1378 2909 1473 3001 οῦσης

319 3010 380 3073 Καί
397 3004 581 3092 εύρίσκονται
596 3011 627 3074 οί
641 3017 769 3075 τοιοῦτοι
787 3009 910 3086 ἑαυτούς
925 3007 1135 3096 άναγκάζοντες
1149 3012 1179 3088 ἐξ
1195 3009 1293 3076 αὐτῶν
1307 3003 1352 3077 άν
1364 3011 1475 3098 κηρύτ-

318 3131 401 3176 τουσι
417 3108 492 3176 κατά
508 3117 560 3193 τῆς
581 3109 723 3193 άληθείας
738 3109 899 3199 ὁμολογεῖν.
941 3109 1018 3177 Ἐάν
1035 3111 1092 3198 γάρ
1109 3115 1246 3192 είποισιν,
1271 3111 1337 3180 Ούκ
1353 3116 1399 3179 ἐνι
1418 3122 1475 3180 νῦν

318 3215 455 3295 ἐκκλησία
484 3215 526 3288 είς
555 3213 719 3297 Θυάτειρα,
751 3215 917 3280 δεικνύουσι
947 3217 1222 3301 πεπροφητευκέναι
1246 3215 1298 3280 τάν
1317 3213 1474 3299 Ἰωάννην.

317 3312 556 3397 Ἐνοικησάντοιν
574 3315 629 3401 γάρ
647 3315 761 3382 τούτου
778 3321 869 3384 ἐκεῖσε
883 3319 935 3383 καλ
951 3325 1011 3382 τῶν
1027 3315 1102 3382 κατά
1120 3315 1251 3402 Φρύγας,
1273 3319 1360 3399 δίκην
1374 3317 1476 3384 λύκον

318 3415 513 3503 άρπαξάνταν
530 3416 584 3493 τάς
603 3422 737 3496 διανοίας
759 3428 820 3485 τῶν
841 3417 986 3505 άκεραίοεν
1001 3427 1129 3499 πιστοῦν,
1151 3417 1330 3506 μετήνεγκαν
1345 3417 1401 3502 τήν
1418 3431 1475 3488 πᾶ-

319 3543 374 3586 σαν
395 3518 485 3585 πόλιν
504 3523 546 3596 είς
567 3519 620 3604 τήν
642 3519 741 3588 αῦτῦν
764 3526 891 3608 αἵρεσιν,
912 3526 945 3588 οἳ
957 3547 988 3586 τε
1002 3519 1178 3604 άρνούμενοι
1199 3519 1255 3603 τήν
1268 3519 1476 3605 Ἆποκάλυψιν

315 3631 369 3690 τοῦ
394 3621 485 3708 λόγου
508 3622 617 3690 τούτου
641 3627 683 3700 είς
706 3621 878 3709 άνατροπήν
904 3622 967 3689 κατ’
990 3627 1104 3690 ἐκείνου
1127 3629 1233 3709 καιροῦ
1256 3625 1474 3706 ἐστρατεύοντο.

317 3733 386 3792 Νῦν
405 3727 436 3792 δέ
451 3723 500 3792 διά
517 3725 568 3792 τάν
588 3725 694 3811 κύριον
708 3728 741 3792 ἐν
756 3733 797 3813 τῷ
813 3729 909 3815 χριίνρι
923 3725 1034 3817 τούτῳ,
1057 3723 1128 3810 μετά
1145 3723 1251 3809 χρόνον
1265 3725 1371 3792 ἐκατῦν
1386 3732 1474 3795 δεκα-

316 3827 372 3894 ιίύο
388 3832 477 3908 ἐτοῖν,
500 3831 580 3895 ἐστιν
595 3825 615 3911 ή
632 3831 785 3909 ἐκκλησία,
806 3829 858 3892 καί
873 3826 972 3908 αῦξει,
993 3832 1046 3895 καί
1065 3827 1148 3894 άλλαι
1161 3827 1238 3903 τινές
1259 3831 1350 3895 ἐκεῖσε
1366 3832 1474 3918 τυγχά-

316 3952 414 3998 νουσι·
435 3929 502 3997 τότε
518 3932 550 3996 δέ
572 3927 593 4012 ή
609 3936 690 3994 πάσα
705 3933 842 4012 ἐκκλησία
857 3930 993 4014 ἐκενάίλη
1018 3935 1059 4008 είς
1076 3930 1130 4014 τήν
1144 3928 1219 3997 κατά
1239 3931 1369 4016 Φρύγας.
1414 3933 1473 4000 Διά

316 4033 367 4096 καὶ
391 4031 554 4099 ἐσπούδασε
576 4030 609 4098 τά
630 4031 715 4119 άγιον
733 4041 850 4118 πνεῦμα
872 4032 1065 4114 άποκαλύψαι
1082 4031 1170 4116 ήμῖν,
1200 4040 1266 4110 ποῦς
1282 4037 1380 4116 ἐμελλε
1401 4045 1473 4103 πλα-

315 4141 423 4198 νᾶσθαι
442 4133 462 4217 ή
478 4138 615 4218 ἐκκλησία
632 4135 702 4216 μετά
718 4136 770 4202 τάν
784 4134 892 4220 χρόνον
908 4143 969 4202 τῶν
989 4134 1177 4216 άποστύλιιν,
1199 4143 1254 4203 τοῦ
1276 4161 1305 4202 τε
1323 4134 1473 4205 Ἰωάννου

316 4237 367 4300 καί
380 4243 437 4300 τῦν
452 4243 594 4320 καθεξῆς·
617 4239 653 4314 ὃς
666 4231 702 4322 ἦν
717 4238 822 4322 χρόνος
836 4238 907 4322 μετά
922 4247 977 4306 τοῦ
989 4247 1124 4325 σωτῆρος
1140 4237 1291 4321 α’νάληηιιν
1307 4241 1355 4304 ἐπί
1372 4240 1470 4324 ἐνειή·

314 4363 405 4404 κοντα
420 4340 471 4403 καί
486 4341 580 4422 τρισίν
596 4343 698 4421 ἐτεσιν,
721 4338 763 4417 οῦς
778 4340 935 4425 μελλούσης
948 4348 1000 4426 της
1013 4345 1105 4408 ἐκεῖσε
1120 4345 1273 4425 ἐκκλησίας
1287 4350 1470 4424 πλανᾶσθαι,
