3186 4928
346 243 407 308 396
768 253 891 306 amon
908 253 1078 306 εειεειιυυ

345 369 429 450 κόνι,
454 369 521 448 ἐἷς
534 368 679 454 βασιλεῦς.
725 369 801 455 Οόχλ
814 373 847 436 δν
864 397 889 436 τι
906 373 939 436 έκ
954 368 1009 438 δόο
1029 375 1126 456 μερτδν
1145 367 1241 449 ότελδς
1255 369 1407 458 διιόργον,
1431 369 1500 438 δλλδ

347 475 454 550 τέλειος
472 471 491 538 ό
507 473 620 559 πατήρ,
642 475 748 550 τέλειος
763 471 781 539 ό
795 472 877 552 υίός,
899 474 1008 539 τέλειον
1026 472 1059 540 τό
1080 472 1165 560 ἅγιον
1182 481 1305 557 πνεῦμα.
1346 471 1424 561 Ἐγυδ
1445 473 1499 561 γδρ

347 577 379 641 έν
395 583 435 665 τῷ
456 577 559 662 πατρί·
582 573 635 660 οῦχ
650 573 691 652 υός
705 575 793 662 λόγος
809 579 841 642 έν
861 579 970 665 καρδία
987 573 1167 662 α’νδρόπου,
1190 575 1262 642 όλλδ
1283 577 1398 665 πατέρα
1419 581 1499 643 οἶδα·

347 703 400 761 μεν
415 677 522 760 νοητόν
535 677 591 744 σῦν
606 683 674 768 υἱρῖ,
696 680 747 744 καλ
760 675 830 744 υἱόν
846 675 905 744 όπό
921 677 1034 764 πατρός
1050 681 1264 764 γεγεννημένον.
1310 681 1372 744 Καί
1388 677 1445 762 οῦγ
1461 677 1501 755 ός

346 783 378 847 έν
392 779 544 870 ἄνθροόπρε
560 779 658 848 ἐλθόν
674 783 718 858 είς
730 779 900 864 οἰκητήριον
913 777 932 846 ό
947 789 1032 858 θεῖος
1045 784 1147 867 λόγος,
1171 784 1247 847 *καί
1264 780 1336 865 μετὰ
1353 780 1388 847 τό
1404 807 1499 868 γεγεν-

346 891 458 966 νῆσθαι
472 882 607 965 ὀφθέντα
622 886 654 949 ίν
669 879 751 973 αῦτγῖ
768 881 821 948 τόν
833 881 930 969 λόγον,
956 885 1006 950 καί
1021 883 1109 950 πόλιν
1122 886 1155 950 έν
1166 891 1231 972 θεῷ
1242 881 1414 969 ῦπόργοντα
1427 883 1500 964 ῦνιι,

347 984 388 1063 ω’ς
405 990 437 1053 ίν
453 990 563 1075 καρδίη
581 983 747 1072 όνθριόπου
762 984 855 1072 λόγος.
894 993 993 1051 Ταῦτα
1010 985 1066 1072 γόρ
1081 993 1135 1069 τῆς
1149 992 1202 1053 τοῦ
1215 989 1357 1070 δαίμονος
1375 986 1500 1074 ἐμβρον-

344 1088 458 1172 τήσεως
478 1091 552 1168 ἐστι,
574 1090 626 1154 καλ
648 1091 879 1175 έπαρνησιδεΐας
900 1087 998 1172 πόσης
1019 1091 1121 1173 έχοντα
1141 1087 1212 1166 τοῦς
1231 1097 1430 1178 χαρακτῆρας.

210 1407 277 1478 Κεφ.
295 1407 327 1462 ἵ.
435 1400 533 1462 Ταῦτα
549 1397 581 1461 δέ
598 1395 633 1462 τό
649 1394 733 1483 όλίγα
751 1394 828 1482 πρός
843 1395 898 1480 τήν
917 1396 1027 1463 τούτου
1042 1399 1155 1482 αἵρεσιν
1170 1403 1267 1474 καλῶς
1282 1399 1357 1482 ἔχειν
1373 1398 1499 1481 δοκιμᾶ·

343 1520 458 1575 σαντες·
480 1496 518 1564 οῦ
529 1498 669 1584 δυςχερής
682 1497 736 1585 γόρ
748 1496 769 1582 η’
779 1499 891 1564 τοῦτον
902 1497 1034 1582 δῦναμις,
1051 1497 1119 1565 οῦτε
1129 1498 1170 1582 μή
1181 1501 1332 1583 δυναμένη
1345 1497 1406 1566 όπδ
1420 1499 1498 1567 τεόν-

342 1627 401 1667 τιον
420 1608 549 1667 συνετῶν
571 1599 801 1686 όνατρίπεσδαι·
831 1600 878 1667 διδ
900 1603 950 1667 καλ
968 1601 1076 1668 τοῦτον
1097 1601 1151 1678 τός
1170 1605 1250 1685 ῥίζας
1272 1610 1332 1668 τῶν
1351 1601 1501 1669 mv

345 1702 514 1788 ἐκτεμόντες
530 1711 571 1792 τῷ
591 1711 645 1786 τῆς
663 1702 803 1787 όληθείας
825 1703 990 1790 κηρύγματι
1009 1706 1060 1770 καί
1082 1703 1265 1788 φρονήματι,
1294 1707 1345 1772 καί
1364 1704 1415 1770 τόν
1439 1705 1500 1786 ίόν,

344 1805 385 1884 οἷς
408 1810 516 1887 εἰπεῖν,
539 1804 771 1889 ἀποσβέσαντες,
797 1808 848 1872 καί
870 1805 902 1872 τό
928 1807 1104 1890 δηλητήριον
1124 1805 1235 1873 τοῦτον
1257 1805 1500 1887 Ιῦττυδείξαντες,

343 1909 393 1976 τόν
414 1908 575 1996 δόρρωγόν
598 1912 819 1993 ἐπικεκλημένοι
837 1908 892 1974 σῦν
917 1913 973 1998 υίῷ
990 1911 1117 1996 πατέρα,
1145 1909 1198 1976 τόν
1217 1907 1312 1985 δντως
1331 1909 1412 1988 ὄντα,
1443 1913 1501 1975 καὶ

343 2011 412 2078 νίόν
429 2009 524 2088 δντοις
544 2011 744 2077 ένυπόστατον
763 2013 989 2098 γεγεννημένον,
1012 2013 1062 2077 καὶ
1076 2009 1109 2079 τό
1126 2011 1213 2099 δγιον
1231 2018 1368 2094 8πνεῦμα
1388 2011 1501 2094 αὐτοῦ,
1577 2015 1578 2102 ή

342 2122 457 2196 πνεῦμα
473 2113 673 2180 ένυπόστατον
684 2117 736 2180 καί
750 2118 895 2200 σοιτηρίον
910 2121 962 2197 τῆς
975 2117 1157 2197 οἰκονομίας,
1174 2121 1229 2197 τῆς
1243 2113 1385 2200 ένσδρκου
1398 2140 1500 2202 πραγ-

342 2221 475 2299 ματείας,
497 2215 546 2281 διό
560 2224 616 2282 τοῦ
632 2221 777 2302 τροπαίου
793 2225 846 2283 τοῦ
860 2215 937 2282 κατό
951 2215 1097 2296 θάνατον,
1118 2223 1173 2283 τοῦ
1187 2224 1318 2303 σταυροῦ
1331 2243 1415 2300 φημι,
1439 2215 1501 2301 τήν

340 2317 472 2403 κεφαλήν
487 2318 593 2385 τοῦτου
608 2319 763 2404 ῥήξαντες,
785 2325 838 2387 τοῦ
853 2318 1015 2403 ζητήματος
1029 2327 1090 2386 τῶν
1104 2322 1180 2386 νέων
1195 2318 1354 2398 Ἰουδαίων,
1375 2321 1426 2385 ἐπὶ
1442 2320 1500 2399 τός

340 2425 407 2506 ἑξῆς
423 2414 524 2505 ἴωμεν,
548 2414 572 2488 τό
590 2420 743 2508 α’γαπητοί.
778 2427 910 2507 Δρυίνας
925 2419 981 2508 γόρ
996 2448 1040 2499 τις
1054 2423 1113 2508 ἔχις
1125 2421 1205 2488 οῦτοι
1219 2424 1383 2506 καλουμένη
1395 2421 1499 2512 τοῦτρι

340 2528 418 2592 ἔοικε
434 2531 476 2614 τῷ
494 2523 678 2616 αἱρεσιόρχη·
708 2522 749 2600 οἱς
771 2527 895 2610 δρυίνας
910 2527 1021 2610 λέγεται
1036 2526 1089 2608 μέν
1104 2521 1179 2590 εἶναι
1196 2527 1255 2609 ἔχις
1275 2523 1367 2610 (παροδ
1386 2526 1418 2589 δέ
1442 2525 1501 2602 τός

341 2626 420 2705 πόας
437 2627 459 2710 ή
479 2631 531 2694 καὶ
549 2627 642 2713 δρῦας
660 2625 821 2710 έμφωλεῦει
845 2629 1052 2710 συνεχέστατα,
1081 2626 1129 2692 διδ
1149 2629 1199 2693 καί
1223 2633 1344 2714 δρυίνας
1364 2633 1498 2693 καλεῖται

340 2728 401 2796 δπό
417 2735 472 2796 τοῦ
486 2729 681 2814 φιλόδενδρον
700 2727 798 2797 4αῦτό
816 2725 890 2794 εἶναι
904 2731 956 2794 καλ
971 2727 1059 2795 έαυτδ
1074 2728 1258 2816 παρεικάζων
1273 2728 1417 2814 όναμέσον
1434 2738 1499 2796 τοῖν

216 2863 267 2910 τις,
280 2853 327 2900 σιτ.
341 2834 373 2897 έκ
388 2840 445 2897 τῶν
460 2834 593 2916 δένδρων
610 2835 795 2917 ῥιπτομίνων
809 2831 930 2912 φύλλων
942 2839 979 2921 τῇ
994 2831 1120 2897 ἓκδστου
1134 2832 1314 2917 χλωρότητι),
1337 2830 1373 2898 οδ
1386 2841 1496 2898 τοσοῦ·

338 2961 390 3001 τον
414 2937 446 3001 δέ
466 2932 541 3000 εἶναι
561 2933 709 3020 ὀδυνηρόν
733 2933 766 3000 τό
787 2941 878 3012 ξῦον,
908 2931 960 3000 έόν
980 2935 1012 3000 δὲ
1037 2937 1170 3024 έπιμείνη
1194 2933 1329 3000 θάνατον
1353 2937 1496 3017 ἐμποιεῖν.

342 3037 446 3114 Οῦιως
461 3035 517 3123 γόρ
533 3039 585 3102 καί
602 3030 691 3113 οὗτος
704 3039 755 3102 καί
771 3033 792 3120 ή
810 3034 860 3102 ἀπ’
877 3036 971 3102 αδτοῦ
988 3040 1098 3122 αἳρετις
1115 3035 1258 3102 ῡπόντων
1272 3034 1412 3124 όριδμοῦν
1426 3039 1497 3102 ἑαυ-

339 3139 392 3206 τόν
415 3137 615 3219 όπειιιόζεται,
647 3145 778 3224 Χριστοῦ
804 3139 856 3222 μὲν
878 3137 973 3222 ὄνομα
997 3140 1204 3222 ἐνδεδυμένος,
1232 3137 1384 3204 Ἰουδαίων
1405 3140 1439 3204 δὲ
1462 3139 1495 3204 τό

339 3241 480 3327 φρόνημα
494 3243 725 3332 ἐπανῃρημένος,
746 3239 835 3327 λόγον
851 3241 980 3326 Χριστόν
995 3238 1158 3328 όμολογῦν,
1181 3237 1236 3306 οῦκ
1252 3239 1325 3306 δντα
1340 3242 1373 3306 δέ
1387 3247 1496 3307 τοῦτον

339 3345 557 3428 διανοούμενος.
589 3347 650 3409 Καί
665 3346 698 3410 έν
712 3352 829 3420 πολλοῖς
844 3342 948 3410 ἱαυτόν
961 3342 1154 3428 θριαμβεύων
1168 3341 1225 3410 οῦκ
1242 3343 1417 3428 αἰσχύνεται
1450 3337 1495 3410 Οό

338 3450 388 3514 καί
411 3445 465 3529 τήν
490 3451 638 3514 δοκοῦσαν
659 3450 863 3526 διδασκαλίαν,
892 3443 1006 3529 πλόνην
1024 3448 1057 3511 δέ
1075 3440 1184 3524 οὖσαν,
1212 3449 1243 3512 έν
1263 3453 1304 3536 τῷ
1321 3444 1494 3529 ῦττοδήματι

338 3559 393 3618 τοῦ
415 3557 546 3634 Χριστοῦ
569 3547 861 3630 καταπεπαυηκότες,
883 3551 934 3614 καί
950 3555 987 3638 τῇ
1003 3553 1088 3637 σμίλη
1104 3555 1141 3637 τῇ
1163 3552 1279 3638 ἰατρικῇ
1302 3557 1357 3615 τοῦ
1374 3547 1491 3635 εῦαγγε-

337 3659 401 3721 λίου
423 3652 493 3729 τοῦς
512 3653 710 3738 δεδηγμένους
731 3649 905 3734 όμόξαντες,
927 3649 980 3716 τόν
994 3675 1025 3715 τε
1042 3649 1089 3716 ἰόν
1108 3647 1160 3716 τίκτ’
1176 3651 1276 3716 αῦτῦν
1298 3653 1490 3738 έκκρίνοντες,

338 3759 388 3824 έπλ
409 3757 464 3841 τήν
484 3762 543 3822 τῶν
565 3757 632 3837 έξῆς
652 3753 805 3839 διήγησιν,
828 3751 870 3830 οἱς
890 3761 1047 3840 προεῖπον,
1070 3751 1257 3836 ἐλευσόμεθα.

370 3982 394 4034 3.
421 3979 458 4042 τίς
483 3976 602 4051 βασιλεῦς
629 3981 702 4031 τοδιτ
726 3993 770 4030 πα.
795 3983 897 4044 υλπηυτ.
930 3997 951 4032 τ.
975 3981 1013 4046 λ,
1040 3978 1085 4032 καὶ
1105 3993 1131 4030 π
1158 3977 1184 4031 λι
1207 3978 1261 4046 θεῷ
1286 3974 1408 4048 δτιδρχτιυ
1432 3973 1488 4032 ὄντα
1574 4003 1575 4008 ¹

338 4047 374 4110 τίς
399 4052 510 4120 βασιλεῖς
535 4052 571 4100 εδ.
587 4052 663 4112 princ.
705 4051 732 4100 ln
759 4049 796 4099 εδ.
813 4050 894 4099 Ρείου.
929 4041 991 4102 ἅνω.

336 4121 393 4169 haec
416 4123 486 4170 υετοο
509 4119 684 4194 οοτιτγλοίυαίυτ
708 4119 800 4168 uncinis
822 4119 896 4166 ιὐτλυ-
965 4115 1023 4165 Cn.
1039 4115 1085 4165 IX.
1103 4144 1137 4154 -
1174 4115 1195 4166 1.
1212 4112 1386 4182 προδείξιιντος
1402 4117 1487 4166 Me·

337 4199 394 4304 ωδ.
413 4257 476 4305 Haec
483 4257 555 4304 verba
569 4257 640 4318 plane
656 4258 766 4334 corrupta
776 4258 817 4302 aut
827 4265 895 4301 οιου-
963 4252 987 4302 ’2.
1005 4247 1102 4318 ἄρωγιν
1120 4253 1157 4302 εδ.
1173 4254 1253 4302 Ρελαυ.

337 4333 367 4371 σο
380 4327 441 4372 νυοί.
467 4323 529 4373 Ρυίο
541 4323 688 4372 scribendum
702 4323 782 4386 λόγος,
801 4315 838 4377 οἷς
853 4315 897 4370 καὶ
963 4317 988 4370 3.
1006 4323 1070 4370 Εδίλί
1084 4322 1167 4370 habant
1182 4321 1296 4386 πνεῦμα,
1315 4317 1345 4374 τδ
1364 4315 1446 4374 αῦτοῦ.

338 4385 403 4456 μετὰ
417 4386 445 4441 τί
462 4389 631 4458 γεγεννῆσθαι
646 4385 759 4458 ὀφθῆναι
780 4385 804 4442 έν
824 4381 896 4458 αὐτῷ
963 4383 988 4440 4.
1014 4391 1106 4452 λεγοντα
1131 4381 1211 4454 αῦτήν
1237 4383 1301 4443 εἶναι
1327 4388 1373 4444 καί
1399 4385 1485 4453 λεπτόν
