3116 4934
371 229 507 282 neuneu
524 229 586 282 mu
600 229 633 282 ll.
651 229 732 282 ΤΟΜ.
747 231 767 280 l.
783 228 882 280 naun.
895 229 965 281 LIX.
1186 215 1245 279 1⁹1

89 349 118 412 in
134 349 234 414 stadio
248 349 379 436 supereti
399 360 486 430 suot,
510 348 597 413 eiecti
615 347 745 414 luerunt.
790 346 926 434 Denique
949 348 1047 412 omnia
1071 345 1175 433 plane,
1198 347 1247 410 ubi

89 473 129 515 ex
144 451 202 514 bac
219 451 280 516 vita
297 452 460 516 discessum
479 463 537 532 cst,
561 451 695 515 absoluta
712 463 781 516 sunt
796 473 831 515 ec
851 452 993 536 perlecta.
1025 447 1172 532 Quamdiu
1186 449 1246 534 qui·

89 555 154 616 dem
176 554 207 616 io
226 555 387 618 certamine
406 554 499 618 adbuc
515 552 647 617 universi
665 555 843 633 connectunt,
867 555 912 618 rel
928 563 994 637 post
1010 573 1109 616 casum
1127 571 1250 636 surgere

88 657 175 734 lieet,
207 677 334 742 spesque
360 657 455 720 adbuc
481 667 634 741 superest,
666 657 760 720 adhuc
787 655 946 720 remedium
971 665 1058 740 atque
1086 653 1247 719 confessio.

89 759 135 822 Aa
157 759 230 824 licet
254 780 312 822 noo
334 759 566 844 perlectissimus
582 759 631 821 ille
647 765 741 822 status
759 759 813 836 sit,
839 756 1027 821 nibilominus
1049 757 1173 822 aliorum
1196 777 1249 820 ne·

89 881 236 946 quaquam
259 863 413 946 desperata
435 861 516 924 salus
538 869 595 924 est.

174 961 220 1028 At
240 963 335 1027 omnis
351 963 483 1028 haeresis
499 961 547 1026 ubi
563 983 580 1026 a
596 962 722 1026 veritate
741 961 832 1026 semel
850 962 979 1042 excidit,
1004 961 1131 1026 caecutit
1152 961 1181 1024 in
1204 972 1248 1025 te·
1267 963 1327 1030 ⁰⁸1³·
1343 963 1391 1016 xl.

90 1065 194 1128 nebris
213 1075 245 1129 et
260 1065 465 1144 hallucinatur,
490 1074 578 1150 atque
594 1065 650 1127 alia
668 1083 720 1148 pro
738 1065 803 1127 aliis
819 1075 916 1128 mente
936 1064 1074 1149 concipit.
1111 1060 1189 1127 Nam
1209 1063 1249 1126 illi

89 1168 213 1232 rudibus
239 1168 411 1251 quibusdam
437 1179 525 1252 atque
548 1165 691 1251 imperitis
716 1166 828 1230 similes
854 1176 923 1230 suut
944 1166 993 1251 qui
1019 1164 1248 1250 uniuscuiusque

90 1269 215 1334 membri
233 1271 429 1333 conditionem
447 1280 536 1354 atque
554 1289 638 1332 usum
660 1279 840 1334 stornatum
859 1269 1006 1332 nesciunt.
1053 1266 1139 1332 luvet
1161 1289 1249 1353 porro

89 1372 251 1436 absurdum
267 1371 401 1456 quiddam
418 1383 448 1436 et
465 1372 581 1436 illorum
599 1371 727 1436 amentia
742 1369 837 1434 simile
855 1372 890 1433 ad
907 1370 935 1432 id
953 1370 1029 1455 quod
1046 1369 1180 1434 volumus
1195 1391 1250 1436 ex·

89 1475 275 1559 primenduur
292 1473 411 1538 afferre.
457 1471 586 1538 Perinde
602 1494 675 1558 ergo
692 1473 733 1536 illi
751 1471 859 1536 iaciunt
873 1493 908 1535 ac
925 1473 949 1535 si
968 1473 1055 1557 capiti
1073 1473 1188 1536 calceos
1205 1473 1249 1536 in·

89 1578 212 1657 ducant,
230 1586 261 1640 et
275 1597 413 1640 coronam
431 1576 564 1661 podibus,
588 1585 620 1638 et
633 1575 729 1639 ventri
746 1584 879 1658 torquem
895 1595 1029 1654 aureum,
1047 1586 1146 1639 celcra
1164 1595 1248 1656 vero,

89 1679 255 1744 cuiusmodi
272 1688 342 1742 sunt
358 1679 472 1763 pedulia
487 1687 672 1757 ornamenta,
692 1697 765 1761 quos
784 1676 915 1740 nonnulli
934 1677 1045 1742 udones
1060 1689 1179 1758 vocant,
1201 1689 1251 1744 aot

88 1781 232 1859 braccas,
258 1781 392 1844 manibus
408 1781 608 1860 circumdent,
638 1781 762 1844 annulos
782 1777 915 1863 pedibus.
962 1778 1048 1843 Talis
1071 1790 1118 1844 est
1138 1779 1174 1844 ab
1196 1782 1250 1844 im·

88 1885 193 1968 peritia
221 1883 279 1948 illis
309 1883 441 1947 instituta
472 1884 565 1962 ratio,
606 1881 717 1946 erroris
748 1881 1034 1967 perturbationisque
1067 1883 1248 1968 plenissima.

89 1983 176 2068 Quae
199 1987 279 2049 enim
295 1986 331 2049 de
351 1984 488 2049 secundis
505 1985 631 2070 nuptiis,
656 1982 779 2068 aliisque
799 1983 826 2046 id
849 2003 944 2066 genus
963 1984 1119 2050 sacerdotii
1145 2007 1250 2050 caussa

88 2089 212 2152 decreta
233 2100 320 2168 suut,
344 2109 380 2152 ee
396 2089 432 2152 ed
451 2088 621 2151 universum
645 2087 779 2172 populum
803 2087 1036 2165 transtulerunt,
1065 2097 1097 2150 et
1118 2105 1193 2173 quac
1215 2091 1251 2154 ad

88 2191 328 2254 constituendam
356 2189 576 2254 severissimam
605 2189 787 2274 disciplinam
811 2209 828 2252 a
856 2189 911 2252 deo
938 2191 1074 2254 mandata
1097 2202 1182 2269 suut,
1211 2211 1250 2256 ne

88 2294 168 2356 lorte
183 2292 274 2376 aliqui
289 2313 360 2378 prae
377 2291 467 2355 animi
482 2291 619 2356 socordia
636 2291 666 2354 in
683 2291 820 2354 delictum
837 2290 1013 2370 inciderent,
1038 2293 1109 2356 baec
1124 2292 1167 2356 illi
1184 2293 1250 2358 duro

88 2397 124 2458 ad
147 2414 256 2458 omncs
279 2395 428 2479 pertinere
448 2395 569 2473 volunt,
594 2393 693 2458 divino
714 2393 824 2458 numini
841 2393 1025 2458 atrocitatem
1042 2404 1072 2456 et
1089 2394 1251 2458 inhumani·

88 2507 179 2562 tatem
197 2496 381 2562 adscribunt.
427 2496 474 2560 Ac
498 2497 579 2560 velut
596 2495 621 2560 si
646 2495 711 2580 quis
732 2506 846 2560 vestem
869 2515 954 2558 manu
976 2505 1081 2560 terrens
1103 2496 1139 2560 eb
1162 2514 1250 2581 carpo

87 2617 196 2664 manns
215 2599 360 2664 duntaxat
374 2598 473 2663 cubito
493 2611 579 2664 tenus
595 2597 745 2662 brachium
764 2596 893 2683 operiat,
917 2607 1004 2680 utque
1018 2597 1176 2672 identidem
1191 2617 1251 2662 ora·

87 2703 185 2766 uiuam
206 2701 300 2764 oculis
314 2700 377 2766 suis
394 2701 531 2779 obiiciat,
556 2711 587 2764 et
608 2701 682 2766 alios
705 2700 844 2775 irrideat,
868 2698 975 2763 oblitus
994 2710 1054 2764 toto
1073 2721 1106 2765 se
1124 2717 1249 2786 corpore

86 2823 159 2870 esse
176 2804 329 2881 nudatum,
354 2803 475 2889 perinde
494 2814 525 2868 et
539 2801 581 2868 illi
599 2801 708 2867 iaciunt
723 2803 771 2886 qui
787 2803 854 2866 dum
872 2802 1003 2886 digamos
1023 2823 1087 2867 ase
1102 2804 1251 2889 repudiari

88 2907 244 2985 iactitant,
274 2906 386 2990 reliqna
410 2917 567 2992 praecepta
585 2905 664 2970 illius
682 2904 729 2968 vel
755 2904 879 2982 similia,
902 2904 952 2967 vel
969 2906 1034 2970 sine
1056 2906 1114 2970 ulla
1134 2927 1251 2991 compa·

86 3011 208 3074 ratione
229 3008 461 3094 praestantiora,
486 3027 609 3093 quorum
628 3007 821 3071 violatoribus
837 3007 940 3072 mortis
958 3027 1050 3092 poena
1065 3009 1248 3094 proponitur,
1350 3063 1354 3070 .

87 3121 286 3176 contemnunt
309 3120 340 3174 et
359 3109 498 3176 abiiciunt
516 3121 545 3174 et
561 3131 620 3174 uno
640 3109 690 3174 illo
706 3109 865 3174 interdicto
880 3111 1010 3174 conteuti
1034 3119 1136 3174 cetera
1157 3111 1250 3195 negli-

86 3226 173 3298 gunt.
222 3210 324 3295 Quare
342 3211 386 3277 sic
405 3223 541 3298 tanquam
558 3211 641 3276 obliti
658 3213 734 3293 siut,
760 3223 820 3276 toto
840 3231 964 3297 corporo
981 3213 1049 3276 nudi
1072 3224 1157 3292 suut,
1182 3215 1249 3278 dure

85 3328 118 3382 et
143 3317 288 3382 universa
315 3315 363 3380 dei
388 3325 544 3402 praecepta
571 3315 755 3402 relinquunt,
787 3335 883 3399 neque
910 3333 997 3378 unum
1020 3313 1090 3380 illud
1113 3327 1193 3380 caste
1215 3335 1250 3380 ac

86 3421 208 3484 sincere
231 3419 411 3484 custodiunt.

177 3518 205 3586 0
232 3521 431 3584 admirandam
460 3520 608 3585 bominum
634 3519 795 3584 insaniam!
842 3517 924 3584 Saue
949 3519 1096 3604 quaelibet
1118 3519 1247 3598 occasio,
1267 3523 1327 3590 cap.
1345 3523 1404 3576 ΧΗ.

87 3623 281 3708 quantumuis
300 3622 423 3708 exigua,
448 3641 680 3708 unamquamque
698 3623 834 3688 haeresin
853 3643 869 3685 a
889 3622 1014 3686 ueritate
1033 3621 1182 3700 distraxit,
1205 3631 1250 3684 at·

87 3747 146 3811 que
167 3726 203 3790 ad
223 3725 337 3788 infinita
362 3726 437 3788 mala
455 3726 603 3810 perduxit.
650 3721 901 3809 Quemadmodum
924 3723 1047 3788 enimsi
1072 3724 1137 3808 quis
1158 3723 1250 3786 iuter-

119 3861 147 3916 ἃ
167 3857 263 3932 βράχιι
279 3865 391 3926 amntem
408 3867 472 3912 catut
487 3867 511 3914 lc
528 3863 655 3914 Glornllc·
721 3859 748 3915 e.
767 3858 914 3928 dmlqcbclc
930 3863 984 3912 edit
993 3863 1084 3922 Percu,
1099 3861 1180 3910 dubito
1191 3873 1249 3910 cuni

85 3935 167 3994 nido,
184 3933 225 3980 ulrt
240 3932 323 3992 buitur
338 3933 511 3994 btcEptpbuntt
525 3934 598 3994 locu,
615 3945 656 3994 co.
690 3933 765 3982 ultera
782 3935 920 3980 auctoritate
941 3932 1024 3980 ductus
1040 3943 1113 3990 quam
1128 3931 1250 3978 uerborum

85 4001 290 4050 llemeterllualum
307 3999 323 4047 l.
340 3999 354 4048 l.
688 4011 749 4061 quoe
768 3999 842 4059 poulo
860 4001 912 4060 pont
929 4002 1054 4060 sequuntur
1068 3996 1112 4048 καὶ
1128 3991 1249 4049 ἐπιλαθό-

121 4095 149 4152 4.
176 4101 213 4150 ss
235 4115 279 4152 uc
295 4101 423 4163 entonam
438 4091 595 4164 rectiorem
620 4095 657 4158 ὠς
690 4071 818 4192 ζξζζξω·
842 4067 868 4115 ’“
884 4067 939 4116 “¹⁴‘'
952 4068 1028 4127 ’Μ’
1045 4069 1110 4114 ‘²¹⁶‘
1125 4061 1248 4130 ‘mm‘

85 4159 119 4222 ἶ*
140 4168 167 4221 ‘l
181 4181 228 4228 '¹‘-
726 4199 786 4248 co.
805 4199 865 4250 xri.
883 4227 916 4238 -
953 4198 974 4250 1.
992 4199 1057 4250 uror
1071 4203 1142 4266 oum
1156 4199 1249 4254 amur.

122 4271 149 4322 b.
168 4269 268 4338 χειρῑδα
280 4267 416 4340 κατασχών
431 4286 485 4322 mro
498 4277 531 4322 ert
544 4271 656 4322 emendo·
723 4267 747 4319 2.
765 4271 916 4332 deposuerim
930 4261 1034 4333 Ὧςπερ
1050 4265 1099 4336 γὰρ
1118 4269 1143 4322 tl
1155 4286 1194 4330 τις
1209 4297 1224 4307 -
1233 4295 1250 4306 -

85 4341 130 4400 tto,
149 4343 367 4390 clamaturum.
382 4339 483 4405 ἱματίου
496 4345 517 4390 et
531 4341 656 4390 mimum
691 4335 816 4406 βαδίζω,
833 4333 976 4390 καταλιπών
992 4341 1059 4400 ccc,
1075 4342 1180 4390 ectum
1194 4353 1249 4389 con·

83 4411 162 4468 ptam
182 4409 368 4458 accommodato.
403 4411 467 4458 [ΔΜ
486 4409 571 4460 nouem
587 4410 657 4470 rutqo
688 4408 797 4457 ddwnntl
809 4403 832 4457 cl
845 4410 899 4456 unta
911 4421 960 4470 τις,
976 4411 998 4456 et
1011 4407 1088 4458 deleta
1103 4410 1188 4469 capua
1203 4403 1248 4458 καὶ

86 4471 193 4540 bunion
210 4473 276 4543 χειρὶ
293 4474 480 4544 cinctaeque
689 4479 743 4526 uota
759 4469 911 4527 scurrus.
