3128 4930
319 211 381 274 146
743 220 866 273 εισοτι
883 219 1053 272 σεισαεοειι

183 357 250 426 Κεφ.
271 355 303 428 β’,
409 340 650 424 Προςφθείρεται
668 335 725 423 γάρ
743 329 833 413 οῦτος
853 334 1095 416 ιΟιίαλεντίνσις,
1117 338 1169 402 καλ
1186 339 1219 402 έκ
1237 343 1292 422 τῆς
1307 333 1408 402 αῦτῶν
1426 361 1476 419 μο-

319 442 447 526 χθηρίας
466 435 605 522 ἀνιμᾶται
621 437 654 506 τό
677 437 855 524 δηλητήριον
870 439 1000 519 τοῦτον,
1024 441 1075 505 καλ
1090 443 1261 517 ζιζανιῶδες.
1307 436 1428 514 Πολλιίς
1447 463 1476 502 τε

320 543 372 608 καλ
388 539 476 618 ἀλλας
492 543 544 607 καὶ
565 538 655 618 αῦτός
674 538 766 626 ἀργός
786 543 836 606 καλ
861 539 1039 628 θαρσβολάς
1060 540 1240 627 διηγήσατο,
1268 544 1320 607 καλ
1341 541 1398 626 τήν
1418 548 1477 606 τῶν

320 650 434 730 νεκρῶν
451 640 612 710 ἀνάστασιν
625 641 829 729 ἀρνησάμενος
847 643 1018 729 ἐδογμάτισε
1033 642 1145 726 ταύτην
1161 642 1216 727 τήν
1229 646 1349 730 α’ίρεσιν.
1397 649 1476 729 Χρή
1555 659 1556 672 ’

320 773 367 814 ται
384 749 417 813 δέ
432 749 516 836 νόμῳ
536 749 588 814 καλ
604 745 786 832 προφήταις,
809 753 919 834 παλαιᾷ
935 771 967 812 τε
983 747 1034 812 καλ
1056 753 1145 837 καινῇ
1163 745 1312 836 διαθήκη,
1334 749 1384 812 ιιαλ
1404 745 1478 811 ἀπο-

321 849 451 936 κρόφοις
473 852 549 916 τισίν
574 846 722 926 ῶςαῦτοις.
764 847 1013 934 Ἀνατραπήσεται
1034 849 1067 916 δέ
1085 851 1137 915 καλ
1153 846 1244 925 αῦτός
1264 847 1335 932 μετά
1357 847 1479 914 πόντιον

320 960 381 1020 τῶν
395 953 453 1038 πρό
468 950 562 1019 σῦτσῦ
576 978 606 1018 τε
623 953 674 1018 καί
690 957 748 1018 τῶν
764 949 822 1035 μετ’
839 949 941 1032 αῦτόν,
964 949 1205 1036 ἀπαλλοτριῶσας
1223 949 1329 1018 ἑαυτόν
1342 959 1396 1034 τῆς
1409 949 1478 1033 ἀλη·

319 1060 424 1136 θείας,
445 1057 496 1122 καλ
513 1052 555 1132 ῶς
571 1051 632 1121 ἀπό
650 1053 806 1138 λαμπάδος
821 1053 919 1139 πυρός
939 1060 1086 1138 φατεινής
1100 1057 1144 1130 είς
1160 1051 1289 1137 ἀσβόλην
1303 1057 1479 1136 μεταβεβλη-

321 1159 417 1241 μένος.
463 1159 541 1242 Περὶ
558 1157 610 1240 μέν
631 1156 686 1243 γάρ
707 1163 819 1242 νεκρῶν
836 1155 1022 1232 ἀναστάσεως
1037 1154 1097 1240 ήδη
1112 1154 1186 1240 ήμῖν
1208 1159 1240 1222 έν
1260 1163 1380 1231 πολλαῖς
1400 1157 1479 1242 αἱρέ-

321 1282 400 1326 σεσιν
418 1264 543 1346 εἴρηται·
567 1256 604 1325 οῦ
620 1259 742 1342 λυπήσει
766 1260 798 1324 δέ
821 1261 872 1324 καλ
894 1251 987 1334 αὖθις
1003 1261 1035 1324 έν
1053 1267 1089 1349 τῇ
1104 1257 1180 1345 πρός
1195 1266 1301 1324 τοῦτον
1322 1255 1479 1347 ἀνατροπῇ

319 1362 488 1449 χρήσασθαι
512 1358 620 1447 όλίγοις
642 1361 749 1448 λόγοις.
793 1364 836 1426 Et
856 1361 910 1444 μέν
932 1360 987 1448 γάρ
1007 1359 1063 1444 τήν
1079 1360 1206 1428 παλαιόν
1225 1359 1377 1444 διαθήκην
1398 1362 1479 1450 δέηη,

321 1459 347 1531 ῶ
365 1458 469 1544 οῦτος,
491 1465 542 1530 καλ
566 1461 620 1547 τήν
641 1461 749 1546 καινήν
768 1460 920 1546 ῶςαῦτιος,
943 1462 1041 1529 πόθεν
1056 1461 1112 1530 οῦκ
1130 1463 1290 1553 έλεγγθήση
1307 1467 1479 1548 παραφθεί·

320 1594 383 1654 ροιν
396 1565 452 1651 τήν
465 1573 519 1650 τής
536 1563 677 1648 ἀληθείας
693 1565 780 1646 όδόν,
802 1569 853 1630 καλ
869 1565 976 1632 έαυτόν
995 1564 1149 1644 ἀποξενοῦν
1164 1573 1217 1650 τῆς
1240 1573 1295 1631 τοῦ
1315 1569 1426 1650 κυρίου
1449 1568 1480 1631 έν

321 1667 449 1759 ἀληθείᾳ
464 1676 554 1754 ζαής;
574 1668 642 1735 Ὅτι
661 1669 714 1752 μέν
730 1667 786 1755 γδρ
801 1666 892 1745 αότός
908 1665 927 1734 ό
940 1667 1045 1754 πόριος
1060 1675 1189 1756 πρῶτος,
1210 1671 1261 1734 ’ίνα
1276 1669 1396 1753 γέιηται
1410 1665 1481 1752 ήμῖν

322 1770 462 1861 ἀρραβῶυ
478 1780 532 1856 τῆς
545 1769 732 1848 ἀναστάσεως
747 1773 799 1836 καλ
813 1770 1004 1857 πρωτότοκος
1020 1775 1053 1838 έκ
1066 1779 1127 1838 τῶν
1142 1777 1272 1858 νεκρῶν,
1293 1773 1345 1836 καλ
1361 1768 1479 1836 ἀπέθα»

321 1901 372 1942 νιν
394 1873 470 1960 ῦπέρ
493 1872 578 1958 ήμῶν
601 1876 653 1940 καὶ
673 1871 787 1957 ἀνέστη.
833 1875 892 1939 Καί
918 1871 972 1957 οῦγ
995 1871 1096 1950 ἀπλῶς
1118 1877 1150 1940 έν
1175 1871 1293 1958 δοκήσει
1316 1875 1480 1940 πέπονθεν,

200 1999 252 2046 m·
263 1988 309 2036 ⁴¹⁸·
321 1975 435 2062 Έτάφη
452 1975 519 2065 γάρ,
541 1979 593 2044 καλ
608 1974 641 2042 τό
659 1983 745 2058 σῶμα
762 1973 854 2042 αῦτοῦ
870 1975 1073 2061 βεβαστόχασι.
1118 1979 1180 2042 Καὶ
1197 1985 1341 2064 μαρτυρεῖ
1352 1977 1408 2060 μέν
1421 1975 1480 2043 Ἰα-

324 2079 387 2166 σήφ
411 2077 429 2146 6
452 2076 512 2145 ἀπό
532 2076 743 2164 Ἁριμαθαίας,
772 2086 956 2165 μαρτυροῦσι
980 2081 1029 2145 καί
1053 2081 1087 2146 σί
1111 2082 1258 2164 φέρουσαι
1279 2087 1360 2166 μῦρα
1382 2082 1429 2156 είς
1449 2077 1480 2146 τό

315 2189 442 2268 μνῆμα,
469 2183 521 2248 καλ
539 2178 560 2264 ή
577 2187 634 2246 τῶν
654 2179 760 2248 ἑκατόν
779 2188 886 2268 λιτρῶν
909 2179 999 2266 ἀλόης
1021 2179 1110 2265 όλιιή,
1137 2180 1184 2248 ότι
1207 2179 1262 2248 οῦκ
1283 2174 1322 2265 ήν
1345 2181 1482 2266 δόκησις,
1555 2255 1556 2264 ρ

323 2282 394 2352 οῦδὲ
412 2288 575 2368 φαντασία,
597 2290 780 2370 μαρτυροῦσι
796 2284 892 2350 δὲκαὶ
908 2287 940 2349 σί
956 2281 1071 2371 ἀγγελοι
1090 2293 1154 2362 ταῖς
1174 2285 1291 2372 γυναιξλ
1313 2283 1483 2368 πεφηνότες
1555 2305 1556 2310 ’

322 2386 383 2468 ότι,
404 2384 539 2470 Ἀνέστη,
562 2383 619 2454 οῦκ
637 2389 713 2452 έστιν
729 2378 799 2452 ῶδε·
821 2391 850 2452 τί
865 2393 972 2470 ζητεῖτε
991 2385 1044 2453 τόν
1064 2391 1159 2466 ζῶντα
1177 2385 1249 2470 μετά
1269 2393 1328 2452 τῶν
1348 2393 1482 2472 νεκρῶν;

322 2493 373 2558 ιιαλ
393 2486 450 2557 οῦκ
470 2487 554 2556 εἷπον
577 2488 639 2570 ότι,
664 2486 728 2554 Οῦκ
751 2485 919 2568 ἀπέθανεν,
941 2486 1028 2570 ἀλλά,
1055 2486 1191 2572 Ἀνέστη,
1222 2487 1240 2555 ό
1263 2488 1484 2566 πεπονθῶςέν

323 2595 426 2685 σαρκί,
448 2599 505 2672 ζῶν
521 2592 553 2658 δέ
567 2589 613 2658 ἀεὶ
629 2595 662 2658 έν
679 2589 840 2674 πνεύματι,
861 2593 914 2658 καλ
929 2588 1053 2675 ἀπαθής
1069 2590 1112 2658 ῶν
1127 2593 1158 2658 έν
1173 2599 1210 2681 τῇ
1226 2594 1287 2683 ίδίμ
1305 2589 1444 2674 θεότητι,
1468 2589 1486 2658 ό

323 2692 443 2761 ἀνωθεν
458 2691 505 2760 ἀελ
521 2695 553 2758 ἐκ
569 2691 681 2780 πατρός
696 2695 905 2779 γεγεννημένος
919 2689 1071 2780 όπάργοιν,
1094 2690 1113 2760 ό
1129 2692 1174 2760 έπ’
1189 2693 1318 2778 ἐσχάτων
1332 2699 1394 2760 τῶν
1409 2691 1485 2778 ήμε-

324 2804 386 2886 ρῶν
404 2793 571 2878 εὐδοκήσας
592 2793 651 2861 ἀπό
671 2801 796 2882 Μαρίας
819 2804 872 2879 τῆς
893 2800 1050 2883 παρθένου
1072 2799 1208 2883 γενέσθαι
1229 2795 1411 2884 ἅνθρωπος,
1444 2793 1486 2873 ῶς

323 2908 467 2984 μαρτυρεῖ
485 2903 606 2976 Παῦλος
626 2896 645 2966 ό
662 2895 823 2984 ἀγιιότατος
844 2901 952 2985 λέγων,
975 2897 1141 2984 Γενόμενος
1165 2903 1198 2966 ἐκ
1220 2898 1378 2986 γυναικός,
1400 2897 1485 2984 γενό-

321 3025 410 3086 μενος
424 2997 484 3066 ῦπό
502 2999 603 3084 νόμον.
639 2998 716 3086 Ἆρα
731 3025 763 3086 γε
781 2999 866 3067 υῦποι
882 2999 1012 3085 ήκουσας
1027 3010 1081 3068 τοῦ
1096 3005 1189 3087 ρητοῦ
1204 3009 1257 3068 τοῦ
1271 3003 1409 3088 λέγοντος
1424 3000 1483 3082 ὅτι,

323 3111 381 3168 Δεῖ
400 3101 432 3168 τό
449 3100 590 3189 φθαρτόν
609 3110 696 3170 τοῦτο
716 3101 897 3170 ἐνδύσασθαι
917 3101 1108 3190 ἀφθαρσίαν,
1129 3106 1181 3170 καλ
1202 3104 1236 3170 τό
1256 3101 1373 3187 θνητόν
1393 3110 1484 3170 τοῦτο

322 3203 507 3272 ένδόσασθαι
526 3203 712 3284 ἀθανασίαν,
741 3201 763 3288 ή
784 3205 840 3274 οῦκ
858 3209 954 3274 έπεισέ
970 3228 1004 3271 σε
1020 3203 1145 3284 Ἡσαΐας
1162 3203 1181 3272 ό
1201 3205 1358 3292 προφήτης
1377 3206 1483 3292 λέγων,

325 3308 385 3372 Καὶ
403 3305 616 3392 ἀναστήσονται
634 3311 664 3374 σί
683 3311 798 3395 νεκροί,
820 3311 869 3375 καί
891 3307 1103 3395 ἐγερθήσονται
1124 3311 1156 3376 ολ
1177 3311 1209 3375 έν
1229 3318 1291 3386 τοῖς
1312 3313 1482 3392 μνημείοιςς

323 3407 414 3487 αῦτδς
435 3412 467 3476 δέ
486 3407 503 3476 6
519 3409 622 3496 πόριος
641 3411 734 3498 λέγων
749 3411 811 3492 ότι,
836 3408 1067 3498 Ἐγερθήσσνται
1085 3402 1170 3478 οῦτοι
1186 3413 1227 3487 είς
1247 3410 1325 3494 ζωήν
1346 3408 1482 3490 αίοόνιον,

322 3514 373 3578 καί
386 3503 471 3578 οῦτοι
482 3513 523 3588 είς
537 3511 671 3592 κόλασινς
693 3512 715 3596 ἢ
729 3513 766 3581 οῦ
780 3515 922 3598 μέμνησαι
937 3512 1087 3597 ποῦ”Αβελ
1103 3512 1176 3597 μετά
1190 3511 1326 3582 θάνατον
1340 3518 1394 3596 τῆς
1405 3511 1483 3600 πρός

321 3614 398 3681 θεόν
415 3611 544 3698 όμιλίας,
568 3611 609 3692 ῶς
624 3613 661 3681 οῦ
679 3616 733 3700 τήν
752 3615 853 3702 ψυχήν
867 3617 940 3703 λέγει
961 3613 1145 3702 έντυγχόνειν
1153 3617 1212 3682 ’καλ
1233 3619 1309 3700 βοῦν
1330 3613 1408 3702 πρός
1429 3613 1483 3680 τόν

322 3715 418 3797 θεόν,
439 3714 509 3782 ἀλλά
524 3713 557 3780 τό
574 3711 663 3800 αίμαι
693 3715 778 3809 κλίμα
793 3721 825 3784 δέ
841 3715 877 3785 οῦ
893 3717 976 3802 ψυχή
990 3716 1130 3806 ῦπάρχει,
1153 3715 1210 3784 ἀλλ’
1227 3721 1259 3784 έν
1279 3724 1320 3806 τῷ
1342 3713 1482 3800 αίματιή

324 3817 408 3903 ψυχή
428 3822 497 3886 ἔστι.
542 3825 637 3902 Σῶμα
652 3817 708 3905 γάρ
733 3823 792 3887 ἐστι
810 3818 842 3886 τό
859 3817 933 3905 αἷμα
950 3819 1076 3907 όρατόν,
1098 3818 1119 3904 ή
1134 3821 1167 3886 δέ
1189 3819 1272 3905 ψυχή
1288 3817 1418 3905 ἀόρατός
1438 3846 1483 3897 τις

322 3915 496 4007 ῦπάρχουσα
513 3922 545 3986 έν
561 3928 603 4012 τῷ
618 3923 721 4004 αίματι
737 3925 793 4006 ἔχει
809 3921 862 3990 τόν
884 3931 990 4010 χῶρον.
1034 3925 1096 3988 Καλ
1113 3921 1299 4008 πανταχόθεν
1315 3921 1484 4009 έλήλεγιιταί

323 4039 397 4102 σου,
432 4017 457 4089 τῦ
485 4022 694 4111 Βαρδησιόνη,
726 4021 748 4108 ή
773 4030 968 4105 κακοπιστία,
1002 4023 1225 4112 ἀνατρεπυμίνη
1254 4028 1284 4104 ἐξ
1311 4021 1404 4108 αῦτῆς
1430 4033 1484 4110 τῆς

323 4117 471 4206 ἀληθείας.
1296 4201 1319 4246 .

187 4345 304 4424 Κςφςγ,
411 4329 487 4412 Περί
503 4330 535 4394 δέ
551 4339 667 4397 πολλῶν
688 4329 787 4417 ἀρχῶν
809 4332 966 4422 ἐπειδήπερ
986 4331 1128 4410 πολλάκις
1143 4331 1218 4400 κατά
1237 4339 1296 4400 τῶν
1319 4329 1418 4410 οῦτοις
1438 4342 1483 4400 λε-

358 4451 416 4516 ck».
433 4466 463 4518 ΙΙ.
482 4493 516 4506 -
552 4465 574 4523 ί.
599 4470 691 4534 aevom
708 4463 929 4534 Οιίαλειτινιανοῑς.
