3154 4930
397 246 533 300 reusam
550 247 614 300 nm.
624 249 655 300 n.
673 247 755 300 rom.
770 251 800 302 u.
817 249 916 302 nans.
930 249 1020 302 cxvi.
1222 233 1284 300 5⁰⁷

129 365 209 432 terio
225 367 302 432 laos.
341 364 491 454 Siquidem
510 369 600 434 orbor
615 369 665 434 illa
679 371 791 456 peooeti
810 389 827 434 a
843 369 973 434 bonitate
992 369 1138 456 proficisci
1153 389 1213 434 nou
1232 391 1285 456 po·

130 481 203 534 test.
250 469 314 535 iloo
331 483 394 550 est,
423 474 523 536 Arbor
536 475 714 536 molobonoc
727 477 843 556 fruetus
856 495 911 536 non
927 476 1023 555 serit,
1047 495 1136 556 neque
1155 476 1226 538 Mna
1246 495 1285 536 ee·

130 577 236 640 ardore
250 579 320 638 meli
336 579 452 658 fruetus
467 581 608 640 oriuntur.
658 574 793 661 Exempli
811 577 904 659 gratia
924 575 1075 640 orbor-illa
1093 575 1186 653 bona,
1211 595 1284 660 qoee

130 677 227 741 malos
253 679 364 742 lruotos
392 679 480 744 edere
503 699 566 742 mon
598 689 711 765 potest,
743 679 773 742 lit
801 675 928 762 benigna
955 678 1101 764 hospitum
1130 679 1280 764 exceptio.

133 777 280 865 Quicquid
302 780 379 844 enim
401 781 437 844 ob
454 801 490 846 ea
509 771 728 868 proficiscetor',
753 782 798 846 vis
814 782 878 846 eius
895 781 931 846 ab
946 780 1131 868 improbitate
1149 801 1206 844 non
1224 782 1284 845 ori-

133 893 192 946 tur.
239 879 382 948 Similiter
399 884 605 970 eleemosyna,
630 885 803 950 castimonia
824 905 898 970 quae
922 895 1041 970 propter
1058 884 1143 948 deum
1165 883 1282 963 colitur,

130 985 314 1052 ¹continentis
335 995 455 1072 propter
476 987 639 1066 dominum,
663 989 773 1053 iustitia
795 989 869 1073 legis
891 987 984 1072 matis
1006 996 1153 1070 suscepta.

220 1189 416 1276 Quamobrem
434 1193 536 1258 ambae
557 1194 625 1260 illae
642 1193 763 1258 arbores
781 1197 816 1260 de
836 1195 944 1260 iustitia
967 1204 997 1258 et
1020 1204 1140 1280 peccato
1162 1192 1285 1278 intelligi
1321 1195 1380 1264 cop.

132 1297 286 1360 commodo
308 1307 441 1382 possunt.
487 1298 530 1362 At
554 1297 694 1362 barbaros
716 1297 766 1362 illo
781 1295 974 1363 illanicbecos
997 1317 1148 1383 perperam
1172 1299 1208 1362 de
1231 1301 1286 1363 deo
1303 1264 1399 1316 thtt.

131 1419 167 1462 ne
184 1399 298 1463 diabolo
314 1411 437 1464 conatur
452 1401 598 1487 oooipere.
645 1399 756 1465 Verum
773 1401 919 1466 neminem
940 1421 976 1466 eo
993 1400 1132 1466 audaciae
1149 1403 1286 1488 progredi

132 1522 222 1587 posse
239 1503 421 1588 perspicuum
439 1514 484 1568 est
500 1515 532 1568 ut
547 1515 597 1568 out
611 1505 695 1568 deum
712 1516 828 1570 usserat
838 1505 944 1570 malum
960 1505 1117 1590 aliquando
1129 1507 1283 1585 laetorum,

131 1615 185 1670 ant
202 1606 346 1690 diabolum
365 1605 484 1670 bonum.
521 1605 660 1690 Quinimo
683 1607 758 1671 bona
786 1608 883 1672 omnia
905 1609 977 1672 dens
991 1608 1089 1686 efficit,
1115 1629 1209 1693 oeque
1225 1628 1287 1672 me·

131 1711 193 1774 lum
209 1711 362 1794 quiequam
385 1709 422 1772 ab
438 1729 475 1774 eo
491 1711 662 1796 productum
680 1723 743 1790 est,
767 1722 817 1776 aut
835 1729 907 1776 vero
925 1709 1105 1796 producitur.
1150 1709 1236 1795 Quod
1259 1711 1285 1774 ei

131 1813 267 1878 eubolus
286 1813 424 1878 nonnulla
442 1814 517 1878 mula
535 1814 664 1893 molitor,
689 1814 823 1878 nimirum
839 1813 894 1876 bac
910 1814 987 1878 illius
1003 1833 1092 1899 opera
1108 1814 1218 1878 sanctis
1234 1814 1285 1878 bo·

131 1915 260 1980 minibus
288 1937 397 1980 corona
426 1918 570 1996 nectitur,
602 1937 637 1981 ac
659 1917 820 2002 praemium
842 1915 1002 1982 victoribus
1025 1916 1173 1981 tribuitur.
1218 1914 1285 1982 Sie-

131 2037 191 2102 qne
214 2028 272 2082 toto
294 2019 374 2082 illius
395 2020 471 2084 ratio
494 2019 615 2085 corruit.
660 2017 744 2084 Mala
769 2019 847 2084 enirn
876 2019 964 2082 arbor
989 2029 1021 2083 et
1043 2019 1178 2084 bonade
1201 2019 1286 2084 bonis

131 2141 169 2184 oo
191 2121 275 2184 malls
297 2122 434 2204 operibus
457 2123 658 2206 expleantur,
691 2144 746 2186 neo
769 2124 804 2187 nd
827 2133 913 2188 vetus
941 2141 1108 2208 novumque
1128 2132 1287 2188 testamen·

130 2233 194 2286 tum
217 2225 380 2308 pertinent,
406 2237 436 2290 ot
460 2225 533 2290 falso
554 2223 748 2292 Manichacus
771 2225 933 2290 existimat.

219 2427 279 2495 Sed
302 2430 391 2496 instet
415 2432 491 2496 idem
516 2434 581 2513 ille,
614 2445 643 2498 ct
667 2443 698 2497 ut
719 2451 802 2498 suom
821 2433 858 2496 de
876 2431 988 2498 duobus
1010 2431 1159 2517 principiis
1181 2432 1285 2516 dogmn
1303 2436 1370 2555 gp
1413 2481 1417 2498 .

121 2533 280 2612 mobilior,
305 2535 461 2600 nonnullas
478 2557 496 2598 o
511 2537 662 2622 seripturis
681 2555 772 2600 uoces
795 2557 847 2622 prc
864 2555 919 2600 soa
940 2535 1057 2600 libidine
1073 2545 1186 2619 onptat,
1211 2553 1285 2618 quae
1354 2505 1395 2556 W·

131 2647 206 2700 sunt
228 2639 384 2702 eiusmodi.
436 2635 572 2718 ludaeis,
603 2639 713 2724 inquit,
744 2639 876 2702 dominus
901 2638 994 2717 dixit,
1026 2642 1081 2702 Vm
1094 2639 1160 2719 fille·
1181 2640 1438 2712 debdolr'remmmt.

130 2745 221 2802 esui:
245 2745 294 2804 ille
311 2745 448 2806 domrbalia
459 2745 537 2827 situl,
563 2747 691 2824 quonrirm
704 2754 789 2823 puter
805 2747 866 2803 elue
881 2745 1001 2804 mendac
1017 2754 1089 2804 erat.
1137 2736 1230 2804 Cuius
1247 2761 1288 2809 ex

126 2846 290 2908 *occasione
314 2845 369 2909 loci
394 2845 480 2908 bomo
504 2845 714 2909 contumeliose
734 2845 762 2908 in
782 2845 867 2908 deum
892 2845 1007 2929 garrire
1026 2865 1086 2908 non
1104 2844 1231 2922 dubitat,
1256 2853 1286 2907 et

128 2946 211 3010 coeli
235 2960 388 3034 terraeque
414 2947 595 3012 conditorem
622 2959 733 3033 patrem
757 2967 824 3012 esse
852 2947 956 3010 diaboli
980 2947 1096 3026 dicere,
1128 2967 1192 3010 oum
1217 2945 1287 3010 nibil

130 3050 278 3146 eiusmodi¹
297 3052 377 3115 locus
396 3052 445 3115 ille
464 3052 632 3130 contineatp
656 3051 764 3114 etenim
781 3051 807 3114 si
823 3050 930 3114 diaboli
945 3049 994 3113 lilii
1012 3049 1134 3114 bobeudi
1150 3048 1192 3113 illi
1204 3060 1285 3127 sunt,

130 3155 238 3219 laisum
255 3167 301 3218 est
320 3156 396 3239 quod
417 3155 474 3220 alio
498 3156 563 3218 loon
579 3155 720 3234 defendit,
744 3175 779 3219 ao
794 3148 854 3218 sibi¹
865 3153 928 3240 ipse
945 3154 1113 3239 imprudens
1129 3162 1285 3238 repugnat.

131 3257 277 3342 Sequitur
301 3258 377 3322 enim
399 3269 548 3344 separatas
572 3257 725 3343 deinceps,
760 3269 790 3321 et
818 3258 972 3322 adiabnlo
994 3257 1148 3342 productas
1170 3255 1287 3320 illorum

129 3361 248 3424 animos
271 3362 380 3440 luisse,
406 3362 580 3446 minimeque
597 3362 634 3425 ob
651 3361 772 3424 coelesti
789 3361 899 3425 virtuto
917 3361 1078 3446 prolectas,
1104 3368 1135 3422 ut
1153 3359 1230 3422 illius
1247 3359 1287 3420 la·

130 3463 201 3528 bula
222 3464 369 3529 narrabat.
415 3462 481 3528 Neo
505 3464 561 3527 iam
589 3482 656 3548 pers
674 3463 731 3526 erit
754 3463 810 3526 ulln
827 3463 918 3542 lucis,
942 3473 993 3528 not
1010 3463 1088 3526 illius
1106 3471 1285 3536 armaturae,

128 3576 186 3630 aut
209 3565 361 3630 columnae
381 3566 516 3644 luminis,
549 3576 599 3630 aot
621 3566 723 3628 matris
741 3565 832 3629 vitoe.
880 3563 1036 3628 imovero
1060 3566 1085 3628 si
1109 3562 1216 3628 dioboli
1237 3561 1287 3626 lilii

128 3677 220 3746 sunt,
246 3667 430 3733 Abrabamus
447 3671 533 3733 etiam
555 3669 669 3734 illorum
688 3679 786 3753 pater,
811 3689 901 3752 aquo
921 3663 1018 3731 ludaei
1037 3665 1187 3753 propagati
1204 3672 1284 3738 sunt,
1337 3716 1340 3726 ,

127 3771 240 3836 dioboli
263 3770 338 3836 lilius
366 3771 439 3852 erit,
472 3793 511 3838 ex
535 3773 584 3836 illc
604 3769 772 3835 Manichaei
799 3769 957 3835 sententio.
1003 3767 1089 3853 Quod
1114 3769 1139 3832 si
1164 3770 1204 3832 ite
1226 3776 1284 3846 ost,

128 3895 260 3962 quonam
278 3875 390 3939 rationo
408 3876 537 3939 salvator
556 3875 619 3959 ipse
639 3875 682 3938 bis
699 3875 765 3939 illos
782 3874 881 3939 verbis
896 3875 1039 3960 appellat:
1074 3877 1128 3934 Vos
1142 3895 1197 3934 non
1219 3874 1442 3935 consternent

126 4080 370 4148 nobcmoolumbot.
406 4083 441 4132 lto
456 4096 529 4144 supro
545 4076 692 4143 boer.bll,l.
727 4077 830 4150 ἐμαυτῷ
855 4081 892 4146 (tn
912 4083 963 4132 cod.
989 4083 1033 4132 ten.
1056 4093 1142 4153 rosurp
1163 4081 1288 4142 conspicuo

126 4153 195 4202 dixit
212 4147 253 4202 Tol
270 4147 317 4234 pdp
333 4150 371 4210 εἰς
386 4147 525 4216 ἱερωσύνην
540 4147 694 4215 nneobobiu-
727 4151 771 4214 est)
789 4150 856 4200 codd
874 4163 929 4200 nur.
946 4153 967 4198 et
984 4150 1020 4199 ed.
1035 4151 1111 4212 prtnc.

127 4235 163 4270 ror
189 4214 233 4270 διὰ
256 4233 284 4269 το
308 4213 461 4287 ίξοχώτατον
486 4217 533 4284 τῆς
554 4215 694 4284 ἱερουργίας
761 4219 784 4266 5.
804 4209 920 4282 domrdp
936 4213 1090 4281 ἐλεγκτικῶς
1106 4217 1288 4268 comcomm-

129 4285 171 4345 εἰς
187 4280 282 4344 πάντας
299 4284 417 4352 ἐνόμισαν
434 4286 496 4344 tome
512 4286 643 4352 φέρεσθαι,
728 4288 821 4346 touton,
844 4289 933 4348 partlm
952 4287 1078 4347 praeeunte
1095 4287 1225 4347 Cmmorto,
1248 4288 1289 4348 qut

165 4353 191 4403 4.
209 4351 292 4422 ἐαυτῷ
314 4369 343 4407 ec
366 4357 426 4405 libro
443 4368 486 4404 me
513 4359 565 4419 (qut
588 4356 695 4418 statmo
727 4357 891 4416 murpretmm
905 4359 937 4404 est
962 4351 1094 4414 Quomodo
1106 4349 1183 4422 igitm
1198 4352 1288 4404 Salva-

126 4427 226 4473 nototus
241 4427 285 4487 est)
301 4425 423 4473 annoloull
439 4425 464 4472 in
478 4437 554 4486 morp.
565 4428 602 4474 sut
618 4437 695 4472 aem·
728 4432 770 4472 tor
787 4437 902 4488 expresse
922 4419 984 4471 dicit
1002 4419 1035 4470 nd
1051 4420 1126 4488 ipsos·
1139 4425 1188 4474 ceu.
1224 4423 1289 4473 Libri

124 4493 166 4556 pti
190 4493 229 4542 m.
243 4491 363 4553 sucum,
388 4491 448 4542 unm
470 4495 556 4554 recepit
575 4495 694 4542 Petreius.
727 4494 799 4555 vulpe
814 4493 898 4544 nubem
916 4485 930 4549 ὁ
946 4487 1030 4561 πατὴρ
1048 4491 1178 4548 λεκτικῶς.
