<?xml version="1.0" encoding="UTF-8"?>
<!DOCTYPE html PUBLIC "-//W3C//DTD XHTML 1.0 Transitional//EN"
    "http://www.w3.org/TR/xhtml1/DTD/xhtml1-transitional.dtd">
<html xmlns="http://www.w3.org/1999/xhtml" xml:lang="en" lang="en">
 <head>
  <title>
</title>
<meta http-equiv="Content-Type" content="text/html;charset=utf-8" />
  <meta name='ocr-system' content='tesseract 3.04.00' />
  <meta name='ocr-capabilities' content='ocr_page ocr_carea ocr_par ocr_line ocrx_word'/>
</head>
<body>
  <div class='ocr_page' id='page_1' title='image "./corporishaerese02oehlgoog_0244.png"; bbox 0 0 3116 4934; ppageno 0'>
   <div class='ocr_carea' id='block_1_1' title="bbox 347 243 1235 310">
    <p class='ocr_par' dir='ltr' id='par_1_1' title="bbox 347 243 1235 310">
     <span class='ocr_line' id='line_1_1' title="bbox 347 243 1235 310; baseline 0 -2"><span class='ocrx_word' id='word_1_1' title='bbox 347 255 485 310; x_wconf 78' lang='lat' dir='ltr'>ransart</span> <span class='ocrx_word' id='word_1_2' title='bbox 503 257 613 310; x_wconf 81' lang='lat' dir='ltr'>marr.</span> <span class='ocrx_word' id='word_1_3' title='bbox 630 253 972 310; x_wconf 61' lang='lat' dir='ltr'>Tomrnaaanxnr.</span> <span class='ocrx_word' id='word_1_4' title='bbox 1172 243 1235 308; x_wconf 67' lang='grc' dir='ltr'>πθ</span> 
     </span>
    </p>
   </div>
   <div class='ocr_carea' id='block_1_2' title="bbox 75 373 1238 668">
    <p class='ocr_par' dir='ltr' id='par_1_2' title="bbox 75 373 1238 668">
     <span class='ocr_line' id='line_1_2' title="bbox 76 373 1238 463; baseline 0 -21"><span class='ocrx_word' id='word_1_5' title='bbox 76 395 187 442; x_wconf 82' lang='lat' dir='ltr'>nomen</span> <span class='ocrx_word' id='word_1_6' title='bbox 211 376 323 462; x_wconf 85' lang='lat' dir='ltr'>accepi.</span> <span class='ocrx_word' id='word_1_7' title='bbox 370 375 483 442; x_wconf 80' lang='lat' dir='ltr'>Horam</span> <span class='ocrx_word' id='word_1_8' title='bbox 503 397 576 442; x_wconf 79' lang='lat' dir='ltr'>sero</span> <span class='ocrx_word' id='word_1_9' title='bbox 596 377 728 442; x_wconf 86' lang='lat' dir='ltr'>baeresis</span> <span class='ocrx_word' id='word_1_10' title='bbox 752 377 789 442; x_wconf 90' lang='lat' dir='ltr'>nd</span> <span class='ocrx_word' id='word_1_11' title='bbox 808 373 970 463; x_wconf 74' lang='lat' dir='ltr'>Epiphania</span> <span class='ocrx_word' id='word_1_12' title='bbox 993 377 1097 462; x_wconf 80' lang='lat' dir='ltr'>dogma</span> <span class='ocrx_word' id='word_1_13' title='bbox 1119 379 1238 442; x_wconf 83' lang='lat' dir='ltr'>conion-</span> 
     </span>
     <span class='ocr_line' id='line_1_3' title="bbox 75 478 1234 565; baseline 0.003 -23"><span class='ocrx_word' id='word_1_14' title='bbox 75 489 155 544; x_wconf 86' lang='lat' dir='ltr'>mata</span> <span class='ocrx_word' id='word_1_15' title='bbox 173 479 301 558; x_wconf 85' lang='lat' dir='ltr'>ridetur,</span> <span class='ocrx_word' id='word_1_16' title='bbox 322 481 359 544; x_wconf 91' lang='lat' dir='ltr'>de</span> <span class='ocrx_word' id='word_1_17' title='bbox 374 501 432 565; x_wconf 85' lang='lat' dir='ltr'>qno</span> <span class='ocrx_word' id='word_1_18' title='bbox 450 481 478 543; x_wconf 95' lang='lat' dir='ltr'>in</span> <span class='ocrx_word' id='word_1_19' title='bbox 494 478 703 545; x_wconf 69' lang='lat' dir='ltr'><strong>Gnosticorum</strong></span> <span class='ocrx_word' id='word_1_20' title='bbox 720 491 802 545; x_wconf 89' lang='lat' dir='ltr'>secta</span> <span class='ocrx_word' id='word_1_21' title='bbox 818 499 983 544; x_wconf 87' lang='lat' dir='ltr'>sermonem</span> <span class='ocrx_word' id='word_1_22' title='bbox 997 491 1083 546; x_wconf 89' lang='lat' dir='ltr'>antea</span> <span class='ocrx_word' id='word_1_23' title='bbox 1102 481 1234 546; x_wconf 77' lang='lat' dir='ltr'>fecimus.</span> 
     </span>
     <span class='ocr_line' id='line_1_4' title="bbox 75 576 1238 668; baseline 0.003 -24"><span class='ocrx_word' id='word_1_24' title='bbox 75 576 169 646; x_wconf 82' lang='lat' dir='ltr'>iidem</span> <span class='ocrx_word' id='word_1_25' title='bbox 187 581 324 647; x_wconf 85' lang='lat' dir='ltr'>diversos</span> <span class='ocrx_word' id='word_1_26' title='bbox 339 603 379 647; x_wconf 88' lang='lat' dir='ltr'>ex</span> <span class='ocrx_word' id='word_1_27' title='bbox 394 591 497 648; x_wconf 85' lang='lat' dir='ltr'>vetere</span> <span class='ocrx_word' id='word_1_28' title='bbox 512 603 647 668; x_wconf 82' lang='lat' dir='ltr'>novoque</span> <span class='ocrx_word' id='word_1_29' title='bbox 664 593 839 648; x_wconf 83' lang='lat' dir='ltr'>testamento</span> <span class='ocrx_word' id='word_1_30' title='bbox 855 582 951 646; x_wconf 88' lang='lat' dir='ltr'>libros</span> <span class='ocrx_word' id='word_1_31' title='bbox 962 583 1141 650; x_wconf 87' lang='lat' dir='ltr'>adsciscant.</span> <span class='ocrx_word' id='word_1_32' title='bbox 1172 582 1238 648; x_wconf 89' lang='lat' dir='ltr'>No·</span> 
     </span>
    </p>
   </div>
   <div class='ocr_carea' id='block_1_3' title="bbox 74 786 1377 4262">
    <p class='ocr_par' dir='ltr' id='par_1_3' title="bbox 74 786 1377 3133">
     <span class='ocr_line' id='line_1_5' title="bbox 78 786 1348 874; baseline 0.006 -26"><span class='ocrx_word' id='word_1_33' title='bbox 78 786 196 866; x_wconf 89' lang='lat' dir='ltr'>bibent,</span> <span class='ocrx_word' id='word_1_34' title='bbox 221 789 355 874; x_wconf 84' lang='lat' dir='ltr'>adeoque</span> <span class='ocrx_word' id='word_1_35' title='bbox 372 788 451 852; x_wconf 87' lang='lat' dir='ltr'>omni</span> <span class='ocrx_word' id='word_1_36' title='bbox 470 809 581 872; x_wconf 73' lang='lat' dir='ltr'>penem</span> <span class='ocrx_word' id='word_1_37' title='bbox 600 787 757 873; x_wconf 75' lang='lat' dir='ltr'>spurcitiae</span> <span class='ocrx_word' id='word_1_38' title='bbox 778 799 807 852; x_wconf 87' lang='lat' dir='ltr'>et</span> <span class='ocrx_word' id='word_1_39' title='bbox 825 809 932 873; x_wconf 86' lang='lat' dir='ltr'>corpus</span> <span class='ocrx_word' id='word_1_40' title='bbox 950 810 1034 853; x_wconf 87' lang='lat' dir='ltr'>suom</span> <span class='ocrx_word' id='word_1_41' title='bbox 1057 801 1088 852; x_wconf 92' lang='lat' dir='ltr'>et</span> <span class='ocrx_word' id='word_1_42' title='bbox 1109 801 1236 854; x_wconf 85' lang='lat' dir='ltr'>arentem</span> <span class='ocrx_word' id='word_1_43' title='bbox 1341 818 1348 828; x_wconf 91' lang='lat'><strong>·</strong></span> 
     </span>
     <span class='ocr_line' id='line_1_6' title="bbox 76 888 1236 975; baseline 0.005 -23"><span class='ocrx_word' id='word_1_44' title='bbox 76 889 264 975; x_wconf 78' lang='lat' dir='ltr'>animamque</span> <span class='ocrx_word' id='word_1_45' title='bbox 290 890 504 956; x_wconf 81' lang='lat' dir='ltr'>contandnaot.</span> <span class='ocrx_word' id='word_1_46' title='bbox 550 888 677 974; x_wconf 77' lang='lat' dir='ltr'><strong>Quidam</strong></span> <span class='ocrx_word' id='word_1_47' title='bbox 703 890 781 954; x_wconf 90' lang='lat' dir='ltr'>enim</span> <span class='ocrx_word' id='word_1_48' title='bbox 806 912 845 954; x_wconf 77' lang='lat' dir='ltr'>ex</span> <span class='ocrx_word' id='word_1_49' title='bbox 870 890 906 954; x_wconf 90' lang='lat' dir='ltr'>iis</span> <span class='ocrx_word' id='word_1_50' title='bbox 934 891 1125 956; x_wconf 87' lang='lat' dir='ltr'>monasticam</span> <span class='ocrx_word' id='word_1_51' title='bbox 1149 896 1236 958; x_wconf 81' lang='lat' dir='ltr'>vitam</span> 
     </span>
     <span class='ocr_line' id='line_1_7' title="bbox 76 993 1238 1080; baseline 0.009 -26"><span class='ocrx_word' id='word_1_52' title='bbox 76 993 176 1077; x_wconf 85' lang='lat' dir='ltr'>specie</span> <span class='ocrx_word' id='word_1_53' title='bbox 200 994 265 1080; x_wconf 87' lang='lat' dir='ltr'>ipsa</span> <span class='ocrx_word' id='word_1_54' title='bbox 292 994 483 1079; x_wconf 81' lang='lat' dir='ltr'>profitentur,</span> <span class='ocrx_word' id='word_1_55' title='bbox 512 993 671 1078; x_wconf 83' lang='lat' dir='ltr'>itidemque</span> <span class='ocrx_word' id='word_1_56' title='bbox 699 993 836 1058; x_wconf 88' lang='lat' dir='ltr'>mulieres</span> <span class='ocrx_word' id='word_1_57' title='bbox 864 993 941 1058; x_wconf 88' lang='lat' dir='ltr'>idam</span> <span class='ocrx_word' id='word_1_58' title='bbox 971 996 1048 1059; x_wconf 86' lang='lat' dir='ltr'>vitae</span> <span class='ocrx_word' id='word_1_59' title='bbox 1075 995 1238 1064; x_wconf 84' lang='lat' dir='ltr'>institutum</span> 
     </span>
     <span class='ocr_line' id='line_1_8' title="bbox 77 1093 1238 1182; baseline 0.003 -24"><span class='ocrx_word' id='word_1_60' title='bbox 77 1097 263 1179; x_wconf 82' lang='lat' dir='ltr'>praeierunt.</span> <span class='ocrx_word' id='word_1_61' title='bbox 309 1093 369 1180; x_wconf 78' lang='lat' dir='ltr'>Qui</span> <span class='ocrx_word' id='word_1_62' title='bbox 385 1117 488 1160; x_wconf 81' lang='lat' dir='ltr'>cannes</span> <span class='ocrx_word' id='word_1_63' title='bbox 512 1097 657 1181; x_wconf 87' lang='lat' dir='ltr'>corruptis</span> <span class='ocrx_word' id='word_1_64' title='bbox 673 1106 741 1160; x_wconf 87' lang='lat' dir='ltr'>sant</span> <span class='ocrx_word' id='word_1_65' title='bbox 756 1095 947 1182; x_wconf 74' lang='lat' dir='ltr'><strong>corporibus,</strong></span> <span class='ocrx_word' id='word_1_66' title='bbox 972 1097 1046 1162; x_wconf 89' lang='lat' dir='ltr'>adeo</span> <span class='ocrx_word' id='word_1_67' title='bbox 1067 1110 1097 1162; x_wconf 86' lang='lat' dir='ltr'>ut</span> <span class='ocrx_word' id='word_1_68' title='bbox 1115 1120 1181 1166; x_wconf 89' lang='lat' dir='ltr'>com</span> <span class='ocrx_word' id='word_1_69' title='bbox 1203 1099 1238 1164; x_wconf 92' lang='lat' dir='ltr'>li·</span> 
     </span>
     <span class='ocr_line' id='line_1_9' title="bbox 77 1195 1237 1288; baseline 0.006 -28"><span class='ocrx_word' id='word_1_70' title='bbox 77 1195 207 1262; x_wconf 90' lang='lat' dir='ltr'>bidinem</span> <span class='ocrx_word' id='word_1_71' title='bbox 227 1199 284 1284; x_wconf 90' lang='lat' dir='ltr'>ipsi</span> <span class='ocrx_word' id='word_1_72' title='bbox 303 1219 385 1264; x_wconf 86' lang='lat' dir='ltr'>anam</span> <span class='ocrx_word' id='word_1_73' title='bbox 402 1197 558 1284; x_wconf 73' lang='lat' dir='ltr'><strong>expleant,</strong></span> <span class='ocrx_word' id='word_1_74' title='bbox 586 1199 716 1278; x_wconf 85' lang='lat' dir='ltr'>lacinus,</span> <span class='ocrx_word' id='word_1_75' title='bbox 741 1209 773 1263; x_wconf 89' lang='lat' dir='ltr'>nt</span> <span class='ocrx_word' id='word_1_76' title='bbox 789 1198 941 1264; x_wconf 86' lang='lat' dir='ltr'>bonestioa</span> <span class='ocrx_word' id='word_1_77' title='bbox 958 1199 1062 1281; x_wconf 85' lang='lat' dir='ltr'>dicam,</span> <span class='ocrx_word' id='word_1_78' title='bbox 1086 1201 1156 1265; x_wconf 91' lang='lat' dir='ltr'>illnd</span> <span class='ocrx_word' id='word_1_79' title='bbox 1171 1223 1237 1288; x_wconf 91' lang='lat' dir='ltr'>per·</span> 
     </span>
     <span class='ocr_line' id='line_1_10' title="bbox 78 1297 1377 1386; baseline 0.002 -22"><span class='ocrx_word' id='word_1_80' title='bbox 78 1311 198 1383; x_wconf 84' lang='lat' dir='ltr'>petrem</span> <span class='ocrx_word' id='word_1_81' title='bbox 214 1302 291 1385; x_wconf 90' lang='lat' dir='ltr'>quod</span> <span class='ocrx_word' id='word_1_82' title='bbox 314 1299 404 1366; x_wconf 89' lang='lat' dir='ltr'>lodaa</span> <span class='ocrx_word' id='word_1_83' title='bbox 422 1301 499 1366; x_wconf 81' lang='lat' dir='ltr'>filius</span> <span class='ocrx_word' id='word_1_84' title='bbox 516 1297 600 1366; x_wconf 83' lang='lat' dir='ltr'>Oaros</span> <span class='ocrx_word' id='word_1_85' title='bbox 616 1301 772 1366; x_wconf 85' lang='lat' dir='ltr'>admisisse</span> <span class='ocrx_word' id='word_1_86' title='bbox 785 1302 904 1386; x_wconf 80' lang='lat' dir='ltr'>legitur.</span> <span class='ocrx_word' id='word_1_87' title='bbox 948 1301 1027 1366; x_wconf 89' lang='lat' dir='ltr'>Nam</span> <span class='ocrx_word' id='word_1_88' title='bbox 1046 1313 1079 1367; x_wconf 90' lang='lat' dir='ltr'>nt</span> <span class='ocrx_word' id='word_1_89' title='bbox 1097 1304 1152 1370; x_wconf 89' lang='lat' dir='ltr'>iste</span> <span class='ocrx_word' id='word_1_90' title='bbox 1172 1325 1236 1370; x_wconf 87' lang='lat' dir='ltr'>cum</span> <span class='ocrx_word' id='word_1_91' title='bbox 1251 1319 1377 1378; x_wconf 70' lang='lat' dir='ltr'>aenaea.</span> 
     </span>
     <span class='ocr_line' id='line_1_11' title="bbox 77 1400 1236 1492; baseline 0.004 -26"><span class='ocrx_word' id='word_1_92' title='bbox 77 1400 229 1468; x_wconf 81' lang='lat' dir='ltr'>Tbamnre</span> <span class='ocrx_word' id='word_1_93' title='bbox 251 1402 349 1468; x_wconf 90' lang='lat' dir='ltr'>coibat</span> <span class='ocrx_word' id='word_1_94' title='bbox 371 1423 406 1468; x_wconf 87' lang='lat' dir='ltr'>ac</span> <span class='ocrx_word' id='word_1_95' title='bbox 428 1401 539 1468; x_wconf 81' lang='lat' dir='ltr'>libidini</span> <span class='ocrx_word' id='word_1_96' title='bbox 561 1424 634 1468; x_wconf 88' lang='lat' dir='ltr'>sone</span> <span class='ocrx_word' id='word_1_97' title='bbox 655 1403 871 1483; x_wconf 74' lang='lat' dir='ltr'>satisfaciebat,</span> <span class='ocrx_word' id='word_1_98' title='bbox 902 1424 996 1489; x_wconf 87' lang='lat' dir='ltr'>neque</span> <span class='ocrx_word' id='word_1_99' title='bbox 1019 1407 1171 1492; x_wconf 80' lang='lat' dir='ltr'>quicquam</span> <span class='ocrx_word' id='word_1_100' title='bbox 1194 1418 1236 1472; x_wconf 86' lang='lat' dir='ltr'>ta·</span> 
     </span>
     <span class='ocr_line' id='line_1_12' title="bbox 77 1505 1237 1591; baseline 0.006 -23"><span class='ocrx_word' id='word_1_101' title='bbox 77 1525 146 1569; x_wconf 90' lang='lat' dir='ltr'>men</span> <span class='ocrx_word' id='word_1_102' title='bbox 164 1507 202 1568; x_wconf 86' lang='lat' dir='ltr'>ad</span> <span class='ocrx_word' id='word_1_103' title='bbox 222 1505 462 1591; x_wconf 71' lang='lat' dir='ltr'>propagationem</span> <span class='ocrx_word' id='word_1_104' title='bbox 478 1505 608 1584; x_wconf 83' lang='lat' dir='ltr'>sobolis,</span> <span class='ocrx_word' id='word_1_105' title='bbox 631 1506 793 1571; x_wconf 85' lang='lat' dir='ltr'>cuiusmodi</span> <span class='ocrx_word' id='word_1_106' title='bbox 811 1505 975 1572; x_wconf 88' lang='lat' dir='ltr'>bominibus</span> <span class='ocrx_word' id='word_1_107' title='bbox 990 1529 1007 1572; x_wconf 89' lang='lat' dir='ltr'>e</span> <span class='ocrx_word' id='word_1_108' title='bbox 1024 1511 1079 1572; x_wconf 91' lang='lat' dir='ltr'>deo</span> <span class='ocrx_word' id='word_1_109' title='bbox 1093 1531 1237 1574; x_wconf 84' lang='lat' dir='ltr'>concessa</span> 
     </span>
     <span class='ocr_line' id='line_1_13' title="bbox 77 1607 1237 1698; baseline 0.006 -27"><span class='ocrx_word' id='word_1_110' title='bbox 77 1617 141 1686; x_wconf 83' lang='lat' dir='ltr'>est,</span> <span class='ocrx_word' id='word_1_111' title='bbox 166 1607 326 1686; x_wconf 86' lang='lat' dir='ltr'>efficiebat,</span> <span class='ocrx_word' id='word_1_112' title='bbox 352 1609 503 1673; x_wconf 90' lang='lat' dir='ltr'>imovero</span> <span class='ocrx_word' id='word_1_113' title='bbox 523 1609 580 1672; x_wconf 91' lang='lat' dir='ltr'>sibi</span> <span class='ocrx_word' id='word_1_114' title='bbox 602 1629 639 1673; x_wconf 92' lang='lat' dir='ltr'>eo</span> <span class='ocrx_word' id='word_1_115' title='bbox 656 1609 720 1696; x_wconf 86' lang='lat' dir='ltr'>ipso</span> <span class='ocrx_word' id='word_1_116' title='bbox 738 1609 841 1688; x_wconf 93' lang='lat' dir='ltr'>modo,</span> <span class='ocrx_word' id='word_1_117' title='bbox 867 1629 924 1693; x_wconf 88' lang='lat' dir='ltr'>qno</span> <span class='ocrx_word' id='word_1_118' title='bbox 939 1609 1078 1694; x_wconf 82' lang='lat' dir='ltr'>flagitium</span> <span class='ocrx_word' id='word_1_119' title='bbox 1096 1611 1165 1676; x_wconf 90' lang='lat' dir='ltr'>illud</span> <span class='ocrx_word' id='word_1_120' title='bbox 1187 1635 1237 1698; x_wconf 91' lang='lat' dir='ltr'>pa·</span> 
     </span>
     <span class='ocr_line' id='line_1_14' title="bbox 77 1708 1237 1796; baseline 0.009 -26"><span class='ocrx_word' id='word_1_121' title='bbox 77 1709 195 1788; x_wconf 85' lang='lat' dir='ltr'>trabat,</span> <span class='ocrx_word' id='word_1_122' title='bbox 220 1711 424 1775; x_wconf 66' lang='lat' dir='ltr'>constituebat</span> <span class='ocrx_word' id='word_1_123' title='bbox 445 1709 600 1776; x_wconf 80' lang='lat' dir='ltr'>iniuriama</span> <span class='ocrx_word' id='word_1_124' title='bbox 625 1711 668 1774; x_wconf 90' lang='lat' dir='ltr'>sic</span> <span class='ocrx_word' id='word_1_125' title='bbox 684 1708 859 1796; x_wconf 81' lang='lat' dir='ltr'>Origeninni</span> <span class='ocrx_word' id='word_1_126' title='bbox 875 1709 906 1776; x_wconf 90' lang='lat' dir='ltr'>in</span> <span class='ocrx_word' id='word_1_127' title='bbox 925 1713 1095 1778; x_wconf 87' lang='lat' dir='ltr'>detestanda</span> <span class='ocrx_word' id='word_1_128' title='bbox 1112 1715 1161 1779; x_wconf 91' lang='lat' dir='ltr'>illa</span> <span class='ocrx_word' id='word_1_129' title='bbox 1184 1736 1237 1780; x_wconf 87' lang='lat' dir='ltr'>sna</span> 
     </span>
     <span class='ocr_line' id='line_1_15' title="bbox 76 1811 1235 1899; baseline 0.006 -25"><span class='ocrx_word' id='word_1_130' title='bbox 76 1811 199 1875; x_wconf 86' lang='lat' dir='ltr'>libidine</span> <span class='ocrx_word' id='word_1_131' title='bbox 215 1813 422 1877; x_wconf 88' lang='lat' dir='ltr'>committenda</span> <span class='ocrx_word' id='word_1_132' title='bbox 439 1815 575 1878; x_wconf 88' lang='lat' dir='ltr'>usitatam</span> <span class='ocrx_word' id='word_1_133' title='bbox 590 1811 741 1878; x_wconf 78' lang='lat' dir='ltr'>Venerem</span> <span class='ocrx_word' id='word_1_134' title='bbox 760 1814 896 1899; x_wconf 80' lang='lat' dir='ltr'>persequi</span> <span class='ocrx_word' id='word_1_135' title='bbox 914 1816 1022 1880; x_wconf 89' lang='lat' dir='ltr'>solent.</span> <span class='ocrx_word' id='word_1_136' title='bbox 1067 1815 1137 1881; x_wconf 90' lang='lat' dir='ltr'>Non</span> <span class='ocrx_word' id='word_1_137' title='bbox 1159 1819 1235 1882; x_wconf 89' lang='lat' dir='ltr'>enim</span> 
     </span>
     <span class='ocr_line' id='line_1_16' title="bbox 75 1913 1235 1996; baseline 0.006 -18"><span class='ocrx_word' id='word_1_138' title='bbox 75 1913 118 1978; x_wconf 91' lang='lat' dir='ltr'>illi</span> <span class='ocrx_word' id='word_1_139' title='bbox 140 1917 326 1994; x_wconf 68' lang='lat' dir='ltr'>castitatem,</span> <span class='ocrx_word' id='word_1_140' title='bbox 356 1917 408 1980; x_wconf 84' lang='lat' dir='ltr'>sed</span> <span class='ocrx_word' id='word_1_141' title='bbox 435 1916 580 1980; x_wconf 84' lang='lat' dir='ltr'>eastitatis</span> <span class='ocrx_word' id='word_1_142' title='bbox 606 1917 843 1996; x_wconf 81' lang='lat' dir='ltr'>simulationem,</span> <span class='ocrx_word' id='word_1_143' title='bbox 870 1918 916 1982; x_wconf 91' lang='lat' dir='ltr'>cui</span> <span class='ocrx_word' id='word_1_144' title='bbox 939 1919 1014 1982; x_wconf 86' lang='lat' dir='ltr'>lalso</span> <span class='ocrx_word' id='word_1_145' title='bbox 1037 1940 1144 1984; x_wconf 92' lang='lat' dir='ltr'>nomen</span> <span class='ocrx_word' id='word_1_146' title='bbox 1167 1921 1235 1985; x_wconf 87' lang='lat' dir='ltr'>illud</span> 
     </span>
     <span class='ocr_line' id='line_1_17' title="bbox 74 2015 1237 2108; baseline 0.007 -28"><span class='ocrx_word' id='word_1_147' title='bbox 74 2016 235 2095; x_wconf 82' lang='lat' dir='ltr'>tribuitur,</span> <span class='ocrx_word' id='word_1_148' title='bbox 259 2037 329 2103; x_wconf 84' lang='lat' dir='ltr'>prae</span> <span class='ocrx_word' id='word_1_149' title='bbox 349 2039 382 2082; x_wconf 88' lang='lat' dir='ltr'>ae</span> <span class='ocrx_word' id='word_1_150' title='bbox 402 2020 513 2082; x_wconf 84' lang='lat' dir='ltr'>larunt.</span> <span class='ocrx_word' id='word_1_151' title='bbox 559 2015 644 2102; x_wconf 83' lang='lat' dir='ltr'>Quae</span> <span class='ocrx_word' id='word_1_152' title='bbox 668 2019 697 2083; x_wconf 92' lang='lat' dir='ltr'>id</span> <span class='ocrx_word' id='word_1_153' title='bbox 720 2021 856 2100; x_wconf 79' lang='lat' dir='ltr'>affectat,</span> <span class='ocrx_word' id='word_1_154' title='bbox 879 2033 929 2100; x_wconf 86' lang='lat' dir='ltr'>ut,</span> <span class='ocrx_word' id='word_1_155' title='bbox 954 2042 1029 2106; x_wconf 87' lang='lat' dir='ltr'>quae</span> <span class='ocrx_word' id='word_1_156' title='bbox 1046 2033 1237 2108; x_wconf 88' lang='lat' dir='ltr'>constuprata</span> 
     </span>
     <span class='ocr_line' id='line_1_18' title="bbox 76 2118 1237 2210; baseline 0.005 -26"><span class='ocrx_word' id='word_1_157' title='bbox 76 2120 117 2184; x_wconf 89' lang='lat' dir='ltr'>ait</span> <span class='ocrx_word' id='word_1_158' title='bbox 130 2118 257 2198; x_wconf 88' lang='lat' dir='ltr'>molier,</span> <span class='ocrx_word' id='word_1_159' title='bbox 280 2141 446 2206; x_wconf 81' lang='lat' dir='ltr'>praegnans</span> <span class='ocrx_word' id='word_1_160' title='bbox 462 2143 520 2184; x_wconf 91' lang='lat' dir='ltr'>noo</span> <span class='ocrx_word' id='word_1_161' title='bbox 537 2121 606 2200; x_wconf 88' lang='lat' dir='ltr'>liat,</span> <span class='ocrx_word' id='word_1_162' title='bbox 630 2133 680 2186; x_wconf 89' lang='lat' dir='ltr'>ant</span> <span class='ocrx_word' id='word_1_163' title='bbox 698 2143 735 2188; x_wconf 84' lang='lat' dir='ltr'>aa</span> <span class='ocrx_word' id='word_1_164' title='bbox 753 2124 830 2188; x_wconf 84' lang='lat' dir='ltr'>letne</span> <span class='ocrx_word' id='word_1_165' title='bbox 846 2123 953 2207; x_wconf 87' lang='lat' dir='ltr'>aliquid</span> <span class='ocrx_word' id='word_1_166' title='bbox 976 2124 1086 2210; x_wconf 87' lang='lat' dir='ltr'>pariat,</span> <span class='ocrx_word' id='word_1_167' title='bbox 1111 2147 1187 2190; x_wconf 87' lang='lat' dir='ltr'>neve</span> <span class='ocrx_word' id='word_1_168' title='bbox 1208 2127 1237 2190; x_wconf 92' lang='lat' dir='ltr'>id</span> 
     </span>
     <span class='ocr_line' id='line_1_19' title="bbox 75 2221 1237 2313; baseline 0.006 -27"><span class='ocrx_word' id='word_1_169' title='bbox 75 2221 215 2288; x_wconf 85' lang='lat' dir='ltr'>bominea</span> <span class='ocrx_word' id='word_1_170' title='bbox 237 2223 416 2302; x_wconf 70' lang='lat' dir='ltr'>resciscant,</span> <span class='ocrx_word' id='word_1_171' title='bbox 441 2225 515 2308; x_wconf 88' lang='lat' dir='ltr'>epod</span> <span class='ocrx_word' id='word_1_172' title='bbox 537 2245 611 2307; x_wconf 83' lang='lat' dir='ltr'>qnos·</span> <span class='ocrx_word' id='word_1_173' title='bbox 626 2245 681 2288; x_wconf 89' lang='lat' dir='ltr'>suo</span> <span class='ocrx_word' id='word_1_174' title='bbox 697 2224 749 2288; x_wconf 93' lang='lat' dir='ltr'>illo</span> <span class='ocrx_word' id='word_1_175' title='bbox 764 2225 973 2305; x_wconf 74' lang='lat' dir='ltr'>castimoniae,</span> <span class='ocrx_word' id='word_1_176' title='bbox 998 2239 1031 2292; x_wconf 92' lang='lat' dir='ltr'>nt</span> <span class='ocrx_word' id='word_1_177' title='bbox 1051 2239 1167 2313; x_wconf 86' lang='lat' dir='ltr'>potant,</span> <span class='ocrx_word' id='word_1_178' title='bbox 1192 2229 1237 2292; x_wconf 92' lang='lat' dir='ltr'>in·</span> 
     </span>
     <span class='ocr_line' id='line_1_20' title="bbox 76 2325 1236 2414; baseline 0.006 -26"><span class='ocrx_word' id='word_1_179' title='bbox 76 2325 183 2388; x_wconf 88' lang='lat' dir='ltr'>atitnto</span> <span class='ocrx_word' id='word_1_180' title='bbox 199 2325 229 2388; x_wconf 91' lang='lat' dir='ltr'>in</span> <span class='ocrx_word' id='word_1_181' title='bbox 246 2326 340 2409; x_wconf 92' lang='lat' dir='ltr'>pretio</span> <span class='ocrx_word' id='word_1_182' title='bbox 355 2337 444 2411; x_wconf 88' lang='lat' dir='ltr'>atque</span> <span class='ocrx_word' id='word_1_183' title='bbox 459 2325 680 2392; x_wconf 83' lang='lat' dir='ltr'>existimatione</span> <span class='ocrx_word' id='word_1_184' title='bbox 696 2347 765 2394; x_wconf 84' lang='lat' dir='ltr'>esse</span> <span class='ocrx_word' id='word_1_185' title='bbox 781 2329 912 2413; x_wconf 90' lang='lat' dir='ltr'>capiunt.</span> <span class='ocrx_word' id='word_1_186' title='bbox 944 2331 1043 2414; x_wconf 79' lang='lat' dir='ltr'>Atque</span> <span class='ocrx_word' id='word_1_187' title='bbox 1060 2331 1115 2395; x_wconf 92' lang='lat' dir='ltr'>boc</span> <span class='ocrx_word' id='word_1_188' title='bbox 1131 2332 1236 2395; x_wconf 89' lang='lat' dir='ltr'>nibilo-</span> 
     </span>
     <span class='ocr_line' id='line_1_21' title="bbox 76 2426 1237 2518; baseline 0.005 -28"><span class='ocrx_word' id='word_1_189' title='bbox 76 2426 176 2492; x_wconf 74' lang='lat' dir='ltr'>uinoa</span> <span class='ocrx_word' id='word_1_190' title='bbox 198 2449 272 2513; x_wconf 88' lang='lat' dir='ltr'>opos</span> <span class='ocrx_word' id='word_1_191' title='bbox 291 2428 408 2492; x_wconf 85' lang='lat' dir='ltr'>illoram</span> <span class='ocrx_word' id='word_1_192' title='bbox 431 2440 479 2492; x_wconf 86' lang='lat' dir='ltr'>est</span> <span class='ocrx_word' id='word_1_193' title='bbox 500 2441 535 2493; x_wconf 86' lang='lat' dir='ltr'>ac</span> <span class='ocrx_word' id='word_1_194' title='bbox 553 2429 678 2495; x_wconf 84' lang='lat' dir='ltr'>lacinus.</span> <span class='ocrx_word' id='word_1_195' title='bbox 726 2429 787 2495; x_wconf 86' lang='lat' dir='ltr'>Sed</span> <span class='ocrx_word' id='word_1_196' title='bbox 806 2430 856 2494; x_wconf 91' lang='lat' dir='ltr'>alii</span> <span class='ocrx_word' id='word_1_197' title='bbox 877 2441 989 2516; x_wconf 83' lang='lat' dir='ltr'>turpem</span> <span class='ocrx_word' id='word_1_198' title='bbox 1011 2431 1089 2496; x_wconf 89' lang='lat' dir='ltr'>illam</span> <span class='ocrx_word' id='word_1_199' title='bbox 1112 2433 1237 2518; x_wconf 79' lang='lat' dir='ltr'>flagitio·</span> 
     </span>
     <span class='ocr_line' id='line_1_22' title="bbox 76 2529 1236 2622; baseline 0.005 -30"><span class='ocrx_word' id='word_1_200' title='bbox 76 2549 203 2613; x_wconf 74' lang='lat' dir='ltr'>mmqna</span> <span class='ocrx_word' id='word_1_201' title='bbox 217 2551 281 2594; x_wconf 86' lang='lat' dir='ltr'>rem</span> <span class='ocrx_word' id='word_1_202' title='bbox 296 2530 353 2594; x_wconf 90' lang='lat' dir='ltr'>alia</span> <span class='ocrx_word' id='word_1_203' title='bbox 369 2529 485 2596; x_wconf 89' lang='lat' dir='ltr'>ratione</span> <span class='ocrx_word' id='word_1_204' title='bbox 500 2552 586 2616; x_wconf 87' lang='lat' dir='ltr'>qnam</span> <span class='ocrx_word' id='word_1_205' title='bbox 603 2553 668 2597; x_wconf 81' lang='lat' dir='ltr'>cnon</span> <span class='ocrx_word' id='word_1_206' title='bbox 685 2532 857 2598; x_wconf 83' lang='lat' dir='ltr'>mulieribus</span> <span class='ocrx_word' id='word_1_207' title='bbox 872 2545 1027 2615; x_wconf 84' lang='lat' dir='ltr'>exercent,</span> <span class='ocrx_word' id='word_1_208' title='bbox 1052 2556 1087 2599; x_wconf 90' lang='lat' dir='ltr'>ac</span> <span class='ocrx_word' id='word_1_209' title='bbox 1103 2535 1164 2598; x_wconf 88' lang='lat' dir='ltr'>anis</span> <span class='ocrx_word' id='word_1_210' title='bbox 1180 2537 1236 2622; x_wconf 82' lang='lat' dir='ltr'>ipsi</span> 
     </span>
     <span class='ocr_line' id='line_1_23' title="bbox 76 2632 1237 2722; baseline 0.006 -28"><span class='ocrx_word' id='word_1_211' title='bbox 76 2632 215 2696; x_wconf 88' lang='lat' dir='ltr'>manibus</span> <span class='ocrx_word' id='word_1_212' title='bbox 238 2633 274 2696; x_wconf 90' lang='lat' dir='ltr'>ad</span> <span class='ocrx_word' id='word_1_213' title='bbox 290 2632 458 2698; x_wconf 79' lang='lat' dir='ltr'>foeditatem</span> <span class='ocrx_word' id='word_1_214' title='bbox 475 2632 644 2700; x_wconf 88' lang='lat' dir='ltr'>abntnntor.</span> <span class='ocrx_word' id='word_1_215' title='bbox 690 2633 757 2698; x_wconf 89' lang='lat' dir='ltr'>Nec</span> <span class='ocrx_word' id='word_1_216' title='bbox 777 2635 873 2700; x_wconf 86' lang='lat' dir='ltr'>minos</span> <span class='ocrx_word' id='word_1_217' title='bbox 889 2635 938 2699; x_wconf 90' lang='lat' dir='ltr'>isti</span> <span class='ocrx_word' id='word_1_218' title='bbox 955 2634 1061 2716; x_wconf 92' lang='lat' dir='ltr'>lodae,</span> <span class='ocrx_word' id='word_1_219' title='bbox 1085 2659 1171 2722; x_wconf 90' lang='lat' dir='ltr'>qoem</span> <span class='ocrx_word' id='word_1_220' title='bbox 1194 2638 1237 2702; x_wconf 93' lang='lat' dir='ltr'>di-</span> 
     </span>
     <span class='ocr_line' id='line_1_24' title="bbox 77 2733 1237 2818; baseline 0.006 -21"><span class='ocrx_word' id='word_1_221' title='bbox 77 2733 191 2815; x_wconf 83' lang='lat' dir='ltr'>ximos,</span> <span class='ocrx_word' id='word_1_222' title='bbox 216 2734 368 2799; x_wconf 88' lang='lat' dir='ltr'>imitantur</span> <span class='ocrx_word' id='word_1_223' title='bbox 382 2736 488 2816; x_wconf 88' lang='lat' dir='ltr'>lilium,</span> <span class='ocrx_word' id='word_1_224' title='bbox 512 2737 579 2800; x_wconf 88' lang='lat' dir='ltr'>dnm</span> <span class='ocrx_word' id='word_1_225' title='bbox 596 2737 717 2802; x_wconf 77' lang='lat' dir='ltr'>nefariis</span> <span class='ocrx_word' id='word_1_226' title='bbox 732 2737 794 2801; x_wconf 88' lang='lat' dir='ltr'>sois</span> <span class='ocrx_word' id='word_1_227' title='bbox 810 2738 985 2818; x_wconf 88' lang='lat' dir='ltr'>sceleribus,</span> <span class='ocrx_word' id='word_1_228' title='bbox 1009 2751 1039 2804; x_wconf 91' lang='lat' dir='ltr'>et</span> <span class='ocrx_word' id='word_1_229' title='bbox 1051 2739 1237 2805; x_wconf 91' lang='lat' dir='ltr'>abominandi</span> 
     </span>
     <span class='ocr_line' id='line_1_25' title="bbox 77 2833 1237 2928; baseline 0.008 -29"><span class='ocrx_word' id='word_1_230' title='bbox 77 2834 212 2901; x_wconf 89' lang='lat' dir='ltr'>bnmnris</span> <span class='ocrx_word' id='word_1_231' title='bbox 229 2837 426 2902; x_wconf 82' lang='lat' dir='ltr'>destillatione</span> <span class='ocrx_word' id='word_1_232' title='bbox 445 2849 552 2902; x_wconf 87' lang='lat' dir='ltr'>terram</span> <span class='ocrx_word' id='word_1_233' title='bbox 570 2833 793 2919; x_wconf 84' lang='lat' dir='ltr'>commaculant,</span> <span class='ocrx_word' id='word_1_234' title='bbox 817 2840 876 2906; x_wconf 89' lang='lat' dir='ltr'>imo</span> <span class='ocrx_word' id='word_1_235' title='bbox 891 2863 965 2906; x_wconf 89' lang='lat' dir='ltr'>vero</span> <span class='ocrx_word' id='word_1_236' title='bbox 979 2841 1152 2928; x_wconf 85' lang='lat' dir='ltr'>proluvium</span> <span class='ocrx_word' id='word_1_237' title='bbox 1168 2845 1237 2908; x_wconf 87' lang='lat' dir='ltr'>illud</span> 
     </span>
     <span class='ocr_line' id='line_1_26' title="bbox 76 2940 1236 3032; baseline 0.007 -30"><span class='ocrx_word' id='word_1_238' title='bbox 76 2958 162 3004; x_wconf 78' lang='lat' dir='ltr'>soom</span> <span class='ocrx_word' id='word_1_239' title='bbox 180 2940 212 3004; x_wconf 91' lang='lat' dir='ltr'>in</span> <span class='ocrx_word' id='word_1_240' title='bbox 229 2940 296 3005; x_wconf 88' lang='lat' dir='ltr'>solo</span> <span class='ocrx_word' id='word_1_241' title='bbox 317 2941 439 3027; x_wconf 86' lang='lat' dir='ltr'>pedibas</span> <span class='ocrx_word' id='word_1_242' title='bbox 461 2951 618 3022; x_wconf 77' lang='lat' dir='ltr'>externat,</span> <span class='ocrx_word' id='word_1_243' title='bbox 642 2963 680 3008; x_wconf 87' lang='lat' dir='ltr'>ne</span> <span class='ocrx_word' id='word_1_244' title='bbox 698 2953 865 3028; x_wconf 88' lang='lat' dir='ltr'>surreptum</span> <span class='ocrx_word' id='word_1_245' title='bbox 888 2944 925 3010; x_wconf 89' lang='lat' dir='ltr'>ab</span> <span class='ocrx_word' id='word_1_246' title='bbox 942 2944 1065 3031; x_wconf 88' lang='lat' dir='ltr'>impuris</span> <span class='ocrx_word' id='word_1_247' title='bbox 1085 2946 1236 3032; x_wconf 87' lang='lat' dir='ltr'>spiritibus</span> 
     </span>
     <span class='ocr_line' id='line_1_27' title="bbox 77 3043 829 3133; baseline 0.004 -27"><span class='ocrx_word' id='word_1_248' title='bbox 77 3043 114 3106; x_wconf 90' lang='lat' dir='ltr'>ad</span> <span class='ocrx_word' id='word_1_249' title='bbox 137 3043 227 3108; x_wconf 82' lang='lat' dir='ltr'>ollam</span> <span class='ocrx_word' id='word_1_250' title='bbox 249 3045 325 3110; x_wconf 86' lang='lat' dir='ltr'>letos</span> <span class='ocrx_word' id='word_1_251' title='bbox 348 3045 582 3125; x_wconf 87' lang='lat' dir='ltr'>procreationem</span> <span class='ocrx_word' id='word_1_252' title='bbox 605 3046 698 3131; x_wconf 89' lang='lat' dir='ltr'>possit</span> <span class='ocrx_word' id='word_1_253' title='bbox 719 3046 829 3133; x_wconf 75' lang='lat' dir='ltr'>excipi.</span> 
     </span>
    </p>

    <p class='ocr_par' dir='ltr' id='par_1_4' title="bbox 77 3141 1369 4262">
     <span class='ocr_line' id='line_1_28' title="bbox 164 3141 1369 3234; baseline 0.004 -24"><span class='ocrx_word' id='word_1_254' title='bbox 164 3141 306 3211; x_wconf 84' lang='lat' dir='ltr'>Ceterum</span> <span class='ocrx_word' id='word_1_255' title='bbox 331 3148 448 3226; x_wconf 87' lang='lat' dir='ltr'>varios,</span> <span class='ocrx_word' id='word_1_256' title='bbox 479 3148 520 3212; x_wconf 90' lang='lat' dir='ltr'>nti</span> <span class='ocrx_word' id='word_1_257' title='bbox 542 3147 621 3228; x_wconf 80' lang='lat' dir='ltr'>dixi,</span> <span class='ocrx_word' id='word_1_258' title='bbox 650 3160 708 3214; x_wconf 88' lang='lat' dir='ltr'>tarn</span> <span class='ocrx_word' id='word_1_259' title='bbox 733 3150 843 3214; x_wconf 86' lang='lat' dir='ltr'>veteris</span> <span class='ocrx_word' id='word_1_260' title='bbox 867 3171 952 3234; x_wconf 89' lang='lat' dir='ltr'>qoam</span> <span class='ocrx_word' id='word_1_261' title='bbox 979 3150 1051 3214; x_wconf 86' lang='lat' dir='ltr'>novi</span> <span class='ocrx_word' id='word_1_262' title='bbox 1071 3151 1238 3216; x_wconf 88' lang='lat' dir='ltr'>testamenti</span> <span class='ocrx_word' id='word_1_263' title='bbox 1258 3160 1318 3230; x_wconf 84' lang='lat' dir='ltr'>cap.</span> <span class='ocrx_word' id='word_1_264' title='bbox 1336 3160 1369 3216; x_wconf 86' lang='lat' dir='ltr'>tt.</span> 
     </span>
     <span class='ocr_line' id='line_1_29' title="bbox 79 3246 1236 3338; baseline 0.008 -28"><span class='ocrx_word' id='word_1_265' title='bbox 79 3246 173 3314; x_wconf 85' lang='lat' dir='ltr'>libros</span> <span class='ocrx_word' id='word_1_266' title='bbox 191 3247 348 3328; x_wconf 83' lang='lat' dir='ltr'>adhibent,</span> <span class='ocrx_word' id='word_1_267' title='bbox 375 3271 430 3314; x_wconf 92' lang='lat' dir='ltr'>nec</span> <span class='ocrx_word' id='word_1_268' title='bbox 453 3271 511 3314; x_wconf 90' lang='lat' dir='ltr'>non</span> <span class='ocrx_word' id='word_1_269' title='bbox 538 3261 568 3314; x_wconf 90' lang='lat' dir='ltr'>et</span> <span class='ocrx_word' id='word_1_270' title='bbox 591 3252 774 3338; x_wconf 87' lang='lat' dir='ltr'>apocryphos</span> <span class='ocrx_word' id='word_1_271' title='bbox 798 3255 956 3336; x_wconf 83' lang='lat' dir='ltr'>quosdam,</span> <span class='ocrx_word' id='word_1_272' title='bbox 985 3253 1067 3318; x_wconf 87' lang='lat' dir='ltr'>velot</span> <span class='ocrx_word' id='word_1_273' title='bbox 1084 3254 1236 3334; x_wconf 82' lang='lat' dir='ltr'>Andreae,</span> 
     </span>
     <span class='ocr_line' id='line_1_30' title="bbox 78 3349 1236 3442; baseline 0.007 -30"><span class='ocrx_word' id='word_1_274' title='bbox 78 3358 109 3412; x_wconf 89' lang='lat' dir='ltr'>et</span> <span class='ocrx_word' id='word_1_275' title='bbox 125 3350 252 3414; x_wconf 85' lang='lat' dir='ltr'>aliorum</span> <span class='ocrx_word' id='word_1_276' title='bbox 270 3353 376 3417; x_wconf 76' lang='lat' dir='ltr'>Actus.</span> <span class='ocrx_word' id='word_1_277' title='bbox 423 3349 514 3418; x_wconf 92' lang='lat' dir='ltr'>lidem</span> <span class='ocrx_word' id='word_1_278' title='bbox 534 3362 565 3418; x_wconf 90' lang='lat' dir='ltr'>et</span> <span class='ocrx_word' id='word_1_279' title='bbox 582 3355 618 3416; x_wconf 91' lang='lat' dir='ltr'>de</span> <span class='ocrx_word' id='word_1_280' title='bbox 635 3354 748 3418; x_wconf 88' lang='lat' dir='ltr'>incesta</span> <span class='ocrx_word' id='word_1_281' title='bbox 765 3354 813 3420; x_wconf 88' lang='lat' dir='ltr'>illa</span> <span class='ocrx_word' id='word_1_282' title='bbox 831 3376 883 3419; x_wconf 89' lang='lat' dir='ltr'>sna</span> <span class='ocrx_word' id='word_1_283' title='bbox 899 3353 1020 3422; x_wconf 90' lang='lat' dir='ltr'>Venere</span> <span class='ocrx_word' id='word_1_284' title='bbox 1038 3356 1131 3442; x_wconf 89' lang='lat' dir='ltr'>palam</span> <span class='ocrx_word' id='word_1_285' title='bbox 1149 3357 1236 3423; x_wconf 89' lang='lat' dir='ltr'>etiam</span> 
     </span>
     <span class='ocr_line' id='line_1_31' title="bbox 78 3451 1237 3547; baseline 0.01 -33"><span class='ocrx_word' id='word_1_286' title='bbox 78 3451 200 3534; x_wconf 77' lang='lat' dir='ltr'>gloriari</span> <span class='ocrx_word' id='word_1_287' title='bbox 225 3475 285 3518; x_wconf 91' lang='lat' dir='ltr'>non</span> <span class='ocrx_word' id='word_1_288' title='bbox 305 3455 455 3534; x_wconf 84' lang='lat' dir='ltr'>dubitant,</span> <span class='ocrx_word' id='word_1_289' title='bbox 486 3465 514 3520; x_wconf 90' lang='lat' dir='ltr'>et</span> <span class='ocrx_word' id='word_1_290' title='bbox 538 3476 604 3522; x_wconf 88' lang='lat' dir='ltr'>earn</span> <span class='ocrx_word' id='word_1_291' title='bbox 623 3458 763 3522; x_wconf 88' lang='lat' dir='ltr'>audacter</span> <span class='ocrx_word' id='word_1_292' title='bbox 780 3477 818 3522; x_wconf 88' lang='lat' dir='ltr'>ac</span> <span class='ocrx_word' id='word_1_293' title='bbox 837 3460 901 3523; x_wconf 89' lang='lat' dir='ltr'>sine</span> <span class='ocrx_word' id='word_1_294' title='bbox 922 3459 981 3523; x_wconf 90' lang='lat' dir='ltr'>olio</span> <span class='ocrx_word' id='word_1_295' title='bbox 1002 3461 1112 3545; x_wconf 89' lang='lat' dir='ltr'>pudore</span> <span class='ocrx_word' id='word_1_296' title='bbox 1135 3481 1237 3547; x_wconf 88' lang='lat' dir='ltr'>perpe-</span> 
     </span>
     <span class='ocr_line' id='line_1_32' title="bbox 80 3551 1235 3646; baseline 0.008 -29"><span class='ocrx_word' id='word_1_297' title='bbox 80 3563 170 3618; x_wconf 87' lang='lat' dir='ltr'>trant.</span> <span class='ocrx_word' id='word_1_298' title='bbox 217 3551 339 3621; x_wconf 88' lang='lat' dir='ltr'>interim</span> <span class='ocrx_word' id='word_1_299' title='bbox 355 3579 428 3624; x_wconf 81' lang='lat' dir='ltr'>vero</span> <span class='ocrx_word' id='word_1_300' title='bbox 444 3558 605 3624; x_wconf 85' lang='lat' dir='ltr'>catholicos</span> <span class='ocrx_word' id='word_1_301' title='bbox 622 3558 689 3624; x_wconf 84' lang='lat' dir='ltr'>illos</span> <span class='ocrx_word' id='word_1_302' title='bbox 707 3561 831 3626; x_wconf 84' lang='lat' dir='ltr'>clericos</span> <span class='ocrx_word' id='word_1_303' title='bbox 847 3573 1003 3642; x_wconf 88' lang='lat' dir='ltr'>accusant,</span> <span class='ocrx_word' id='word_1_304' title='bbox 1027 3563 1075 3646; x_wconf 88' lang='lat' dir='ltr'>qni</span> <span class='ocrx_word' id='word_1_305' title='bbox 1091 3561 1235 3642; x_wconf 86' lang='lat' dir='ltr'>Dilectae,</span> 
     </span>
     <span class='ocr_line' id='line_1_33' title="bbox 78 3656 1236 3750; baseline 0.009 -31"><span class='ocrx_word' id='word_1_306' title='bbox 78 3677 151 3740; x_wconf 83' lang='lat' dir='ltr'>qnae</span> <span class='ocrx_word' id='word_1_307' title='bbox 173 3669 302 3738; x_wconf 80' lang='lat' dir='ltr'>vocant,</span> <span class='ocrx_word' id='word_1_308' title='bbox 325 3670 356 3723; x_wconf 88' lang='lat' dir='ltr'>et</span> <span class='ocrx_word' id='word_1_309' title='bbox 376 3656 615 3728; x_wconf 84' lang='lat' dir='ltr'>Contubernalea</span> <span class='ocrx_word' id='word_1_310' title='bbox 638 3663 761 3728; x_wconf 78' lang='lat' dir='ltr'>feminas</span> <span class='ocrx_word' id='word_1_311' title='bbox 786 3663 971 3744; x_wconf 73' lang='lat' dir='ltr'>adsciscam,</span> <span class='ocrx_word' id='word_1_312' title='bbox 1005 3685 1078 3750; x_wconf 88' lang='lat' dir='ltr'>qnos</span> <span class='ocrx_word' id='word_1_313' title='bbox 1099 3676 1236 3729; x_wconf 87' lang='lat' dir='ltr'>asserunt</span> 
     </span>
     <span class='ocr_line' id='line_1_34' title="bbox 78 3761 1237 3852; baseline 0.004 -26"><span class='ocrx_word' id='word_1_314' title='bbox 78 3761 243 3828; x_wconf 54' lang='lat' dir='ltr'>&amp;neniam</span> <span class='ocrx_word' id='word_1_315' title='bbox 260 3761 336 3826; x_wconf 88' lang='lat' dir='ltr'>iatnd</span> <span class='ocrx_word' id='word_1_316' title='bbox 353 3761 446 3846; x_wconf 89' lang='lat' dir='ltr'>ipsum</span> <span class='ocrx_word' id='word_1_317' title='bbox 464 3776 582 3850; x_wconf 91' lang='lat' dir='ltr'>propter</span> <span class='ocrx_word' id='word_1_318' title='bbox 601 3765 748 3830; x_wconf 87' lang='lat' dir='ltr'>borninnm</span> <span class='ocrx_word' id='word_1_319' title='bbox 772 3769 910 3852; x_wconf 88' lang='lat' dir='ltr'>podorem</span> <span class='ocrx_word' id='word_1_320' title='bbox 928 3766 1128 3846; x_wconf 90' lang='lat' dir='ltr'>committere,</span> <span class='ocrx_word' id='word_1_321' title='bbox 1153 3779 1184 3831; x_wconf 91' lang='lat' dir='ltr'>nt</span> <span class='ocrx_word' id='word_1_322' title='bbox 1206 3778 1237 3834; x_wconf 87' lang='lat' dir='ltr'>et</span> 
     </span>
     <span class='ocr_line' id='line_1_35' title="bbox 78 3854 1304 3954; baseline 0.007 -26"><span class='ocrx_word' id='word_1_323' title='bbox 78 3885 145 3928; x_wconf 89' lang='lat' dir='ltr'>eom</span> <span class='ocrx_word' id='word_1_324' title='bbox 168 3863 298 3949; x_wconf 77' lang='lat' dir='ltr'>nequitia</span> <span class='ocrx_word' id='word_1_325' title='bbox 323 3863 370 3928; x_wconf 89' lang='lat' dir='ltr'>illo</span> <span class='ocrx_word' id='word_1_326' title='bbox 388 3866 584 3950; x_wconf 87' lang='lat' dir='ltr'>sepeliantur,</span> <span class='ocrx_word' id='word_1_327' title='bbox 608 3879 639 3932; x_wconf 89' lang='lat' dir='ltr'>et</span> <span class='ocrx_word' id='word_1_328' title='bbox 654 3869 753 3954; x_wconf 86' lang='lat' dir='ltr'>specie</span> <span class='ocrx_word' id='word_1_329' title='bbox 772 3879 875 3949; x_wconf 86' lang='lat' dir='ltr'>tenna,</span> <span class='ocrx_word' id='word_1_330' title='bbox 900 3868 937 3932; x_wconf 95' lang='lat' dir='ltr'>ob</span> <span class='ocrx_word' id='word_1_331' title='bbox 955 3869 1076 3934; x_wconf 84' lang='lat' dir='ltr'>alioroeo</span> <span class='ocrx_word' id='word_1_332' title='bbox 1092 3891 1235 3936; x_wconf 82' lang='lat' dir='ltr'>verecnn-</span> <span class='ocrx_word' id='word_1_333' title='bbox 1299 3854 1304 3863; x_wconf 29' lang='lat' dir='ltr'><em>s</em></span> 
     </span>
     <span class='ocr_line' id='line_1_36' title="bbox 78 3964 1235 4053; baseline 0.006 -23"><span class='ocrx_word' id='word_1_334' title='bbox 78 3967 169 4046; x_wconf 88' lang='lat' dir='ltr'>diam,</span> <span class='ocrx_word' id='word_1_335' title='bbox 193 3964 341 4032; x_wconf 88' lang='lat' dir='ltr'>castitatis</span> <span class='ocrx_word' id='word_1_336' title='bbox 358 3968 474 4032; x_wconf 88' lang='lat' dir='ltr'>nomina</span> <span class='ocrx_word' id='word_1_337' title='bbox 489 3970 665 4053; x_wconf 78' lang='lat' dir='ltr'>glorientur.</span> <span class='ocrx_word' id='word_1_338' title='bbox 711 3973 757 4036; x_wconf 78' lang='lat' dir='ltr'>Ao</span> <span class='ocrx_word' id='word_1_339' title='bbox 774 3971 903 4039; x_wconf 87' lang='lat' dir='ltr'>nonnulli</span> <span class='ocrx_word' id='word_1_340' title='bbox 918 3991 958 4036; x_wconf 82' lang='lat' dir='ltr'>ex</span> <span class='ocrx_word' id='word_1_341' title='bbox 975 3969 1011 4034; x_wconf 91' lang='lat' dir='ltr'>iis</span> <span class='ocrx_word' id='word_1_342' title='bbox 1028 3981 1128 4036; x_wconf 89' lang='lat' dir='ltr'>certos</span> <span class='ocrx_word' id='word_1_343' title='bbox 1143 3972 1235 4036; x_wconf 84' lang='lat' dir='ltr'>bomi-</span> 
     </span>
     <span class='ocr_line' id='line_1_37' title="bbox 77 4069 1235 4157; baseline 0.008 -25"><span class='ocrx_word' id='word_1_344' title='bbox 77 4091 153 4149; x_wconf 86' lang='lat' dir='ltr'>nes,</span> <span class='ocrx_word' id='word_1_345' title='bbox 178 4070 226 4155; x_wconf 87' lang='lat' dir='ltr'>qni</span> <span class='ocrx_word' id='word_1_346' title='bbox 246 4069 303 4134; x_wconf 92' lang='lat' dir='ltr'>iarn</span> <span class='ocrx_word' id='word_1_347' title='bbox 322 4070 381 4134; x_wconf 88' lang='lat' dir='ltr'>vita</span> <span class='ocrx_word' id='word_1_348' title='bbox 400 4071 593 4149; x_wconf 76' lang='lat' dir='ltr'>sanctisunt,</span> <span class='ocrx_word' id='word_1_349' title='bbox 617 4073 652 4136; x_wconf 91' lang='lat' dir='ltr'>ad</span> <span class='ocrx_word' id='word_1_350' title='bbox 677 4093 723 4135; x_wconf 89' lang='lat' dir='ltr'>me</span> <span class='ocrx_word' id='word_1_351' title='bbox 748 4073 915 4136; x_wconf 88' lang='lat' dir='ltr'>detulerunt</span> <span class='ocrx_word' id='word_1_352' title='bbox 936 4095 952 4136; x_wconf 89' lang='lat' dir='ltr'>a</span> <span class='ocrx_word' id='word_1_353' title='bbox 971 4071 1075 4157; x_wconf 83' lang='lat' dir='ltr'>quibus</span> <span class='ocrx_word' id='word_1_354' title='bbox 1100 4076 1235 4142; x_wconf 86' lang='lat' dir='ltr'>commis·</span> 
     </span>
     <span class='ocr_line' id='line_1_38' title="bbox 78 4171 1236 4262; baseline 0.004 -24"><span class='ocrx_word' id='word_1_355' title='bbox 78 4193 145 4238; x_wconf 82' lang='lat' dir='ltr'>eom</span> <span class='ocrx_word' id='word_1_356' title='bbox 169 4171 224 4236; x_wconf 89' lang='lat' dir='ltr'>boc</span> <span class='ocrx_word' id='word_1_357' title='bbox 247 4172 349 4258; x_wconf 82' lang='lat' dir='ltr'>flagitii</span> <span class='ocrx_word' id='word_1_358' title='bbox 369 4192 464 4258; x_wconf 76' lang='lat' dir='ltr'>genos</span> <span class='ocrx_word' id='word_1_359' title='bbox 484 4175 678 4253; x_wconf 87' lang='lat' dir='ltr'>affirmarent,</span> <span class='ocrx_word' id='word_1_360' title='bbox 703 4173 790 4258; x_wconf 81' lang='lat' dir='ltr'>idqna</span> <span class='ocrx_word' id='word_1_361' title='bbox 806 4195 839 4240; x_wconf 86' lang='lat' dir='ltr'>sc</span> <span class='ocrx_word' id='word_1_362' title='bbox 857 4175 894 4239; x_wconf 91' lang='lat' dir='ltr'>ab</span> <span class='ocrx_word' id='word_1_363' title='bbox 911 4174 982 4262; x_wconf 89' lang='lat' dir='ltr'>ipsis</span> <span class='ocrx_word' id='word_1_364' title='bbox 1005 4197 1077 4260; x_wconf 88' lang='lat' dir='ltr'>quas</span> <span class='ocrx_word' id='word_1_365' title='bbox 1095 4176 1135 4242; x_wconf 90' lang='lat' dir='ltr'>illi</span> <span class='ocrx_word' id='word_1_366' title='bbox 1156 4199 1236 4243; x_wconf 92' lang='lat' dir='ltr'>com·</span> 
     </span>
    </p>
   </div>
   <div class='ocr_carea' id='block_1_4' title="bbox 77 4303 1236 4516">
    <p class='ocr_par' dir='ltr' id='par_1_5' title="bbox 77 4303 1236 4516">
     <span class='ocr_line' id='line_1_39' title="bbox 114 4303 1235 4384; baseline 0.008 -25"><span class='ocrx_word' id='word_1_367' title='bbox 114 4305 139 4361; x_wconf 82' lang='lat' dir='ltr'>d.</span> <span class='ocrx_word' id='word_1_368' title='bbox 157 4311 231 4360; x_wconf 72' lang='lat' dir='ltr'>Verbo</span> <span class='ocrx_word' id='word_1_369' title='bbox 248 4303 267 4377; x_wconf 73' lang='lat' dir='ltr'>d</span> <span class='ocrx_word' id='word_1_370' title='bbox 283 4304 350 4362; x_wconf 80' lang='lat' dir='ltr'>arrad</span> <span class='ocrx_word' id='word_1_371' title='bbox 448 4307 474 4366; x_wconf 73' lang='lat' dir='ltr'>la</span> <span class='ocrx_word' id='word_1_372' title='bbox 493 4309 530 4384; x_wconf 70' lang='grc' dir='ltr'>τῷ</span> <span class='ocrx_word' id='word_1_373' title='bbox 547 4305 639 4378; x_wconf 79' lang='grc' dir='ltr'><strong>κόσμῳ</strong></span> <span class='ocrx_word' id='word_1_374' title='bbox 709 4309 768 4364; x_wconf 76' lang='lat' dir='ltr'>Gan.</span> <span class='ocrx_word' id='word_1_375' title='bbox 783 4311 814 4362; x_wconf 90' lang='lat'>11.</span> <span class='ocrx_word' id='word_1_376' title='bbox 832 4339 865 4352; x_wconf 96' lang='lat'>-</span> <span class='ocrx_word' id='word_1_377' title='bbox 901 4312 924 4364; x_wconf 91' lang='lat' dir='ltr'>l.</span> <span class='ocrx_word' id='word_1_378' title='bbox 947 4315 981 4366; x_wconf 83' lang='lat' dir='ltr'>Da</span> <span class='ocrx_word' id='word_1_379' title='bbox 996 4315 1132 4376; x_wconf 68' lang='grc' dir='ltr'><strong>ιυιιιίιιιιιίι</strong></span> <span class='ocrx_word' id='word_1_380' title='bbox 1152 4319 1235 4370; x_wconf 77' lang='lat' dir='ltr'>madie-</span> 
     </span>
     <span class='ocr_line' id='line_1_40' title="bbox 77 4380 1236 4447; baseline 0.007 -19"><span class='ocrx_word' id='word_1_381' title='bbox 77 4393 127 4428; x_wconf 81' lang='grc' dir='ltr'><strong>ιιοιι</strong></span> <span class='ocrx_word' id='word_1_382' title='bbox 142 4383 278 4441; x_wconf 81' lang='lat' dir='ltr'>compareat</span> <span class='ocrx_word' id='word_1_383' title='bbox 294 4381 320 4429; x_wconf 84' lang='lat' dir='ltr'>a&#39;n</span> <span class='ocrx_word' id='word_1_384' title='bbox 336 4380 392 4429; x_wconf 77' lang='lat' dir='ltr'>edit.</span> <span class='ocrx_word' id='word_1_385' title='bbox 408 4381 506 4430; x_wconf 79' lang='lat' dir='ltr'>Petona‘l.</span> <span class='ocrx_word' id='word_1_386' title='bbox 676 4381 741 4431; x_wconf 81' lang='lat' dir='ltr'>rabor</span> <span class='ocrx_word' id='word_1_387' title='bbox 757 4395 779 4431; x_wconf 90' lang='lat' dir='ltr'>o.</span> <span class='ocrx_word' id='word_1_388' title='bbox 797 4383 918 4432; x_wconf 83' lang='lat' dir='ltr'>Sntecrana</span> <span class='ocrx_word' id='word_1_389' title='bbox 933 4384 960 4433; x_wconf 79' lang='lat' dir='ltr'>ln</span> <span class='ocrx_word' id='word_1_390' title='bbox 977 4383 1093 4435; x_wconf 77' lang='lat' dir='ltr'>Thesauro</span> <span class='ocrx_word' id='word_1_391' title='bbox 1114 4399 1134 4436; x_wconf 87' lang='lat' dir='ltr'>a.</span> <span class='ocrx_word' id='word_1_392' title='bbox 1150 4399 1189 4447; x_wconf 81' lang='lat' dir='ltr'>aa,</span> <span class='ocrx_word' id='word_1_393' title='bbox 1214 4390 1236 4436; x_wconf 82' lang='lat' dir='ltr'>rt</span> 
     </span>
     <span class='ocr_line' id='line_1_41' title="bbox 116 4443 1233 4516; baseline 0.004 -19"><span class='ocrx_word' id='word_1_394' title='bbox 116 4447 139 4497; x_wconf 81' lang='lat'>5.</span> <span class='ocrx_word' id='word_1_395' title='bbox 157 4448 222 4497; x_wconf 79' lang='lat' dir='ltr'>labet</span> <span class='ocrx_word' id='word_1_396' title='bbox 237 4448 308 4510; x_wconf 75' lang='lat' dir='ltr'>onlpo</span> <span class='ocrx_word' id='word_1_397' title='bbox 328 4443 424 4501; x_wconf 63' lang='lat' dir='ltr'>horris</span> <span class='ocrx_word' id='word_1_398' title='bbox 445 4443 530 4514; x_wconf 76' lang='grc' dir='ltr'><strong>ῥύσεις</strong></span> <span class='ocrx_word' id='word_1_399' title='bbox 547 4445 642 4500; x_wconf 68' lang='grc' dir='ltr'><strong>ἑαυτῶν</strong></span> <span class='ocrx_word' id='word_1_400' title='bbox 675 4463 734 4514; x_wconf 75' lang='lat' dir='ltr'>ocor</span> <span class='ocrx_word' id='word_1_401' title='bbox 754 4451 810 4500; x_wconf 81' lang='lat' dir='ltr'>ra&#39;tnt</span> <span class='ocrx_word' id='word_1_402' title='bbox 825 4451 933 4501; x_wconf 78' lang='lat' dir='ltr'>Olennius</span> <span class='ocrx_word' id='word_1_403' title='bbox 947 4453 973 4503; x_wconf 88' lang='lat' dir='ltr'>a&#39;n</span> <span class='ocrx_word' id='word_1_404' title='bbox 987 4453 1122 4504; x_wconf 81' lang='lat' dir='ltr'>Pbtlostrot.</span> <span class='ocrx_word' id='word_1_405' title='bbox 1137 4468 1162 4516; x_wconf 88' lang='lat' dir='ltr'>p.</span> <span class='ocrx_word' id='word_1_406' title='bbox 1175 4447 1233 4504; x_wconf 78' lang='lat'><strong>446.</strong></span> 
     </span>
    </p>
   </div>
   <div class='ocr_carea' id='block_1_5' title="bbox 79 4507 323 4585">
    <p class='ocr_par' dir='ltr' id='par_1_6' title="bbox 79 4507 323 4585">
     <span class='ocr_line' id='line_1_42' title="bbox 79 4507 323 4585; baseline -0.008 -17"><span class='ocrx_word' id='word_1_407' title='bbox 79 4507 255 4585; x_wconf 76' lang='grc' dir='ltr'><strong>ιῖιατρίβοιτις</strong></span> <span class='ocrx_word' id='word_1_408' title='bbox 272 4520 323 4567; x_wconf 80' lang='lat' dir='ltr'>cett.</span> 
     </span>
    </p>
   </div>
   <div class='ocr_carea' id='block_1_6' title="bbox 0 0 1564 4934">
    <p class='ocr_par' dir='ltr' id='par_1_7' title="bbox 0 0 1564 4934">
     <span class='ocr_line' id='line_1_43' title="bbox 0 0 1564 4934; baseline 0 0"><span class='ocrx_word' id='word_1_409' title='bbox 0 0 1564 4934; x_wconf 95' lang='lat' dir='ltr'> </span> 
     </span>
    </p>
   </div>
  </div>
 </body>
</html>
