3168 4942
365 195 504 249 vinnan
520 195 585 247 nra.
598 195 629 246 ιι.
646 194 729 248 rnna.
742 195 774 248 ιι.
792 194 893 249 nana.
905 193 1002 246 nxrx.
1206 181 1268 246 685

1 357 2 364 1
103 315 264 384 indicatur.
311 313 394 380 llaec
409 315 488 380 enim
504 315 640 401 ignorant
658 316 725 394 isti,
750 315 797 400 qui
812 315 889 380 ultro
905 313 961 379 sibi
978 313 1155 378 oblivionem
1173 311 1267 378 adsci-

105 429 213 499 scunt,
237 414 389 484 Christum
405 419 553 482 domiuum
570 419 596 482 ei
612 417 661 503 qui
676 419 711 481 de
728 439 761 481 se
778 427 965 504 percontatus
982 419 1078 482 luerat
1095 437 1268 504 responsum

1 565 3 597 ζ
105 521 179 584 illud
197 521 273 605 quod
295 530 381 584 antea
398 520 692 584 commemoravimus
710 521 845 598 dedisse,
871 531 902 584 nt
920 520 983 584 eins
1002 521 1108 583 laetum
1125 539 1270 605 arrogan-

1 669 3 681 ι
107 622 238 708 tiamqne
258 635 472 710 compesceret.
517 621 595 687 Nam
616 644 681 688 cum
699 623 746 686 laic
765 643 781 686 e
799 622 962 686 scribarum
974 643 1106 687 numero
1126 622 1270 706 gloriare·

1 779 2 805 ,
105 737 175 805 tur,
201 727 276 810 quob
295 738 449 812 praecepta
469 725 660 810 legisomnia
680 725 903 791 accuratissime
919 734 1088 804 servasset,
1113 745 1204 810 seqno
1227 726 1270 790 iu·

104 827 206 892 stitiac
223 851 257 892 ac
274 829 414 894 bonitatis
428 829 547 892 nomine
563 828 743 907 venditaret,
768 840 856 914 atque
872 827 912 891 ita
931 826 1046 892 locutus
1061 838 1159 906 essct,
1183 832 1270 890 Proe-
1284 837 1370 937 apptpp

1 989 2 1018 ,
103 943 205 1012 ceptor
223 932 310 1007 bone,
333 935 402 1013 quid
413 933 551 1012 sncr'errdo
572 936 658 994 ur'tum
680 944 823 995 aeternam
840 933 1011 1012 possidebo?
1033 951 1111 1009 oum,
1136 930 1266 1015 inquam,
1323 922 1370 946 '⁸

103 1033 149 1096 ita
161 1033 197 1098 de
213 1053 246 1100 se
262 1053 432 1118 persuasum
450 1033 572 1098 baberet
586 1044 684 1099 tenue
698 1056 732 1099 se
748 1033 876 1098 iustitiae
892 1053 1033 1098 numeros
1050 1052 1152 1097 omues
1166 1033 1269 1118 exple·

106 1135 210 1215 visse,
234 1137 301 1200 ideo
320 1135 455 1201 dominus
471 1136 630 1200 bonitatem
653 1157 769 1200 omnem
786 1137 821 1200 ad
841 1146 971 1220 patrem,
1002 1147 1140 1221 tanquam
1159 1138 1194 1199 ad
1217 1155 1269 1199 au·

106 1248 222 1302 ctorem
243 1241 356 1304 relerre
374 1237 509 1324 cupiens,
525 1240 600 1323 qnod
620 1259 706 1304 nemo
721 1248 840 1326 praeter
857 1239 950 1324 ipsunt
967 1238 1127 1316 incussit,
1152 1259 1189 1301 ne
1206 1237 1271 1323 quis

106 1361 202 1404 carne
221 1341 370 1425 praeditus
387 1341 523 1426 superbia
541 1342 771 1426 arrogantisque
791 1362 827 1406 se
844 1341 963 1405 nimium
982 1342 1120 1420 efferret,
1146 1361 1269 1426 respon·

105 1444 169 1523 dit,
204 1447 279 1524 Quali
294 1467 337 1506 me
353 1449 425 1506 utu
443 1447 564 1506 bonam
592 1448 777 1508 nemobonus
795 1457 838 1506 est
858 1448 1115 1506 nrirr‘solusdeus:
1149 1454 1181 1508 ut
1204 1465 1269 1508 cum

1 1535 3 1544 '
107 1555 209 1610 tantos
228 1567 263 1610 ac
282 1547 349 1611 talis
369 1547 424 1611 hoc
446 1549 533 1611 modo
552 1547 722 1632 loqueretur
738 1545 950 1631 interrogantis
974 1546 1051 1610 illius
1068 1544 1117 1630 qui
1140 1546 1269 1610 iustitiae

1 1719 3 1731 ,
107 1648 250 1733 opinione
273 1659 339 1713 crat
360 1649 480 1714 inbutus
505 1650 610 1714 lartum
628 1671 661 1713 an
685 1651 806 1736 spiritus
823 1651 991 1735 frangeret,
1022 1658 1081 1712 tum
1102 1660 1133 1712 nt
1151 1648 1269 1713 intimos

105 1751 174 1814 eius
196 1753 325 1838 pectoris
348 1771 456 1818 sensus
471 1753 681 1836 redargueret,
717 1774 753 1817 eo
773 1754 847 1837 quod
867 1773 931 1814 cura
952 1752 1058 1816 bouum
1080 1751 1174 1837 ipsum
1190 1772 1269 1815 sum-

105 1853 165 1918 mis
187 1855 330 1919 duntaxat
345 1854 429 1918 labiis
448 1856 608 1934 fateretur,
638 1856 756 1920 minimo
774 1865 869 1920 umen
887 1853 962 1918 bona
986 1855 1016 1919 in
1036 1854 1117 1918 illius
1136 1853 1269 1918 doctrina
1299 1935 1302 1940 Ι

105 1957 323 2041 acquiesceret.
374 1954 642 2022 verumenimvero
663 1957 769 2022 bouum
788 1977 822 2022 se
849 1977 916 2023 csse
935 1967 1060 2022 testator
1082 1955 1207 2042 ipsemet
1225 1956 1269 2020 lris

105 2058 228 2124 verbine
262 2063 357 2122 Multo
379 2062 451 2122 boon
469 2063 532 2143 seri
550 2065 580 2123 in
601 2063 697 2122 cobus:
717 2073 838 2142 propter
851 2065 927 2143 qood
940 2065 1032 2142 igitur
1049 2084 1087 2123 ee
1101 2063 1161 2122 illis
1176 2063 1268 2142 operi·
1283 2065 1373 2172 ¹33,

106 2161 162 2223 bos
181 2165 314 2245 lepidotis
327 2170 392 2226 me?
435 2161 511 2246 Quis
527 2174 573 2226 est
590 2163 680 2228 lrebes
696 2164 783 2244 adeo,
808 2164 855 2228 cui
874 2185 931 2227 non
948 2163 1017 2228 illud
1035 2164 1189 2250 perspicue
1207 2183 1267 2226 rna·

1 2267 2 2274 ’
104 2263 275 2350 pilentaque
293 2267 429 2329 consteti
459 2267 631 2351 praesertim
650 2287 715 2330 cnm
733 2277 898 2330 creatarum
917 2265 953 2330 ab
978 2266 1028 2330 illo
1053 2285 1269 2349 rerumqnam-

105 2367 251 2453 plurimae
274 2379 303 2432 et
321 2367 380 2430 siut
399 2378 430 2431 et
451 2369 635 2454 appellentur
651 2369 764 2448 bonae,
797 2379 828 2433 ut
850 2389 890 2432 ex
914 2369 1078 2454 scripturae
1101 2366 1269 2431 testimonio

1 2559 2 2564 γ
105 2469 274 2554 colligitnr3
306 2491 380 2555 qnae
405 2469 520 2554 quidem
540 2471 683 2536 bonorum
708 2473 864 2535 multorum
884 2472 1062 2535 mentionem
1086 2470 1165 2534 lacit.
1213 2467 1268 2548 lta,

1 2575 2 2588 ¹
106 2577 219 2647 amco,
242 2573 349 2658 iuquit,
373 2585 438 2635 erut
452 2577 619 2656 Sonlfilr'rrs
637 2580 684 2638 Cis
700 2577 826 2638 detribu
841 2579 1006 2648 benebmriu,
1030 2576 1179 2636 sabbinior
1194 2578 1272 2635 omni
1283 2580 1301 2623 ¹·
1311 2578 1423 2639 nepae

1 2661 2 2691 ³
99 2679 211 2757 populo
231 2677 268 2737 nb
289 2680 415 2738 bumerb
434 2689 463 2738 et
484 2679 581 2739 uitro.-
605 2677 692 2758 item,
716 2683 812 2740 Bonus
826 2680 944 2740 Samuel
957 2699 1019 2739 cnm
1037 2681 1088 2738 deo
1105 2689 1135 2738 et
1149 2679 1268 2739 bomomi-
1283 2632 1372 2742 nipe:

106 2776 180 2840 brea:
213 2787 290 2858 tum,
315 2782 420 2842 Melr'or
435 2792 482 2842 est
497 2785 635 2842 brenonis
649 2781 726 2862 fiori
741 2801 824 2861 quom
839 2783 1029 2862 prrirciprirm:
1063 2779 1152 2860 item,
1177 2785 1272 2862 Aperi
1282 2735 1421 2845 llud-llll·

107 2883 274 2943 thanorum
291 2883 391 2945 bonnm
408 2894 485 2944 ιιιιιιιι
502 2886 658 2945 arelatem.
706 2879 792 2966 Quae
810 2905 875 2946 cnm
896 2883 994 2947 omnia
1009 2893 1164 2948 creaturae
1180 2903 1270 2967 quae·

1 2975 2 2982 '
106 2983 175 3046 dam
194 2982 254 3048 siut
278 3005 313 3049 ac
329 2985 424 3048 bonae
442 3005 509 3050 csse
527 2985 679 3074 dicantur,
711 3004 764 3070 per
782 2985 875 3070 ipsum
895 2985 994 3069 utique
1012 2995 1042 3048 et
1061 2985 1097 3048 ab
1116 2986 1180 3070 ipso
1203 3006 1269 3070 pro·

1 3079 2 3090 ’
106 3087 227 3167 ductae,
245 3107 343 3153 rsonae
361 3098 512 3153 auctorem
528 3087 644 3152 illorum
662 3108 697 3152 ac
719 3089 902 3152 conditorem
922 3087 1029 3152 bonum
1049 3107 1117 3151 esse
1133 3087 1268 3152 confiteri

106 3187 175 3253 siue
193 3189 249 3252 ulla
267 3189 447 3255 dubitatione
469 3191 559 3255 licet?
603 3189 714 3255 Verum
739 3213 775 3255 ne
794 3191 911 3276 longius
934 3211 1020 3274 quam
1045 3211 1098 3276 par
1119 3190 1160 3254 sit
1181 3191 1210 3254 in
1235 3210 1269 3255 ea

105 3289 307 3376 disputatione
332 3303 468 3357 versetur
491 3292 587 3358 oratio
609 3292 738 3377 (abunde
758 3293 835 3358 enim
857 3295 893 3358 de
913 3314 949 3357 en
970 3294 1036 3356 loco
1060 3292 1166 3357 dietum
1190 3293 1269 3359 arbi·

105 3399 189 3475 tror)
212 3395 324 3480 reliqua
343 3395 510 3475 videamus,
536 3407 567 3460 et
584 3396 700 3480 singula
716 3396 753 3459 ab
774 3395 832 3461 illis
850 3395 964 3461 obiecta
985 3396 1139 3460 diluamus.

195 3494 329 3581 Pergunt
345 3500 422 3562 euim
440 3499 627 3562 audacissimi
643 3497 777 3564 homines
793 3499 907 3562 cuidam
922 3499 1087 3586 scripturae
1106 3497 1271 3562 sententiae
1300 3476 1389 3599 3¹,le

1 3623 2 3626 ¹
103 3599 268 3679 insistere,
300 3621 340 3664 ox
363 3600 615 3685 qureredemptori
637 3621 711 3679 suo,
744 3602 769 3666 si
789 3612 885 3664 tamen
911 3601 948 3666 ab
966 3623 1002 3666 eo
1025 3600 1169 3687 redempti
1188 3611 1267 3680 sunt,

105 3703 216 3768 falsam
231 3701 445 3768 imminutionis
461 3725 496 3767 ac
513 3705 646 3770 delectus
663 3703 830 3790 opinionem
846 3713 1016 3790 aspergant.
1063 3702 1182 3768 Etenim
1204 3725 1268 3768 cnm

106 3807 147 3872 nd
164 3802 316 3870 Christum
336 3803 485 3870 Zebedaei
504 3805 630 3872 liliorum
650 3817 746 3872 mater
763 3807 941 3872 accessisset
956 3827 1076 3893 rogans,
1102 3818 1133 3870 ut
1145 3807 1269 3870 alterum

105 3907 146 3974 ad
162 3906 336 3989 dexteram,
365 3909 489 3972 alterum
506 3910 542 3972 ad
561 3909 712 3974 sinistram
730 3911 835 3976 sedere
857 3922 916 3976 tum
935 3910 1050 3975 iuberet
1075 3931 1139 3974 conr
1165 3911 1199 3974 ad
1224 3929 1271 3974 re·

105 4031 200 4096 gnum
223 4033 307 4076 suum
331 4012 533 4097 pervenisset,
567 4012 606 4075 ita
636 4013 694 4076 illis
713 4012 881 4098 respondit:
913 4017 1038 4076 Nescitis
1059 4017 1130 4096 quid
1147 4019 1270 4096 petoni.-
1287 4004 1378 4102 Ἠ

102 4119 227 4196 potares
250 4115 344 4176 bibere
366 4118 481 4178 calibem
505 4137 585 4196 quern
607 4117 747 4178 bibiturus
768 4121 853 4177 sum?
894 4121 941 4177 Ar
959 4119 1006 4178 iili
1024 4119 1176 4192 dicerunt,
1202 4121 1270 4178 Por·
1286 4091 1399 4221 ‘fg'lffifffi

106 4237 217 4280 eremit-t.
265 4221 455 4281 [licitantem
475 4221 548 4294 illr's,
575 4221 696 4281 Colacem
718 4214 827 4300 quidem
849 4239 937 4280 meum
962 4220 1076 4295 bibetis,
1100 4225 1198 4282 sedere
1218 4242 1270 4282 ou·

108 4370 185 4438 (quoe
208 4374 263 4434 ipso
286 4376 365 4424 tumen
388 4385 476 4436 porum
500 4374 545 4424 sibi
567 4377 678 4424 madum
708 4371 802 4436 pass.
815 4373 927 4437 prnebent
939 4367 977 4439 μή
992 4369 1074 4442 alvu),
1093 4369 1201 4442 μηκιίιω
1218 4375 1268 4428 cod.

104 4437 203 4505 past.
222 4443 289 4492 nmio
311 4443 401 4493 mmor
417 4440 533 4509 μηκίιιι,
557 4455 611 4493 eum
631 4443 677 4506 pne
710 4443 808 4506 flledtp.
