3176 4930
328 253 391 318 296
729 261 876 317 ὀκαστι
893 262 1066 317 nummu
1140 281 1143 286 ·

329 386 456 466 εἴρηται,
478 380 613 447 διάλυσιν
634 387 759 468 γίνεται,
787 381 809 465 ἡ
830 383 863 448 δέ
883 385 915 449 έκ
935 384 1043 466 μέρους
1063 379 1138 468 πρός
1155 381 1189 448 τό
1206 380 1248 464 μή
1267 378 1347 448 αλσαι
1368 387 1404 428 ¹¹
1415 385 1488 463 βλυ-

329 485 399 550 στόν
413 482 465 566 ἀφ’
481 481 584 567 ἡμῶν
619 487 679 550 Καί
695 484 745 550 διά
762 492 849 550 τοῦτο
864 483 917 552 τόν
936 491 971 532 ¹⁸
981 486 1172 568 ίκθρέψαντα
1192 483 1271 572 πρός
1287 484 1411 566 αὔξησιν
1431 481 1487 547 αά·

328 586 384 672 την
404 595 511 671 μᾶλλον
526 588 576 651 καί
592 583 734 672 μέγεθος,
758 585 829 652 ἀλλά
849 586 940 670 Ημή.
953 610 979 651 τι
996 586 1190 673 σιειράσαντα
1203 586 1238 654 τό
1253 586 1326 654 όσον
1342 583 1387 652 ἐπ’
1402 583 1489 674 αάτῷ

334 694 429 756 ι’ίκαλ
446 689 685 773 συμπιλτίσαντα,
708 688 822 776 ἀνάγκη
837 688 955 755 διδόναι
972 692 1073 772 δίκην,
1096 689 1143 756 ότι
1158 689 1321 773 δυνάμενος
1340 690 1391 754 καὶ
1407 691 1490 770 ἔχων

328 794 407 882 ’πρός
431 799 520 859 τοῦτο
545 791 600 876 τὴν
625 795 761 870 ἐξουσίαν
779 795 919 858 ηε’ίλατα
945 790 978 856 τό
1007 791 1137 875 βλάπτον
1164 799 1261 859 ιοτοῦ
1282 794 1491 876 συμφέροντος
1582 831 1583 872 γ

330 905 439 983 μᾶλλον
467 901 695 980 Ππροτιμῆσαι.

189 1107 318 1191 Rev-fl·
405 1103 496 1178 Ὥςτε
518 1101 635 1183 μηδεὶς,
669 1097 781 1174 ιαάτδς
802 1101 897 1174 αίτιας
924 1095 981 1177 ἀν,
1008 1097 1160 1188 ἀκολάστῳ
1184 1103 1298 1192 γλαίσση
1319 1101 1490 1184 μεμφίσθω

219 1177 296 1245 (κί’)
330 1205 386 1287 τὴν
407 1209 497 1270 θείαν
520 1200 613 1282 φάσιν
633 1199 673 1279 ἀς
695 1200 751 1268 ουίι
774 1204 805 1268 έν
830 1205 899 1291 δίκη
919 1203 1117 1284 διανέμουσαν
1143 1202 1258 1292 ἑκάστω
1278 1207 1381 1278 κακίας
1404 1206 1489 1268 ’τεαὶ
1582 1231 1583 1260 ι

330 1306 436 1392 ἀρετῆς
452 1304 488 1370 τά
505 1301 655 1387 ἀμοιβαῖα.
705 1310 755 1380 Τίς
773 1303 829 1390 γάρ
853 1300 891 1382 εί,
920 1295 944 1368 ἀ
969 1301 1127 1389 ἀνθρωπε,
1155 1301 1491 1390 όάνταποκρινόμενος
1582 1361 1583 1384 ,

202 1441 254 1490 με.
267 1429 314 1478 σοι
331 1419 373 1498 τῷ
389 1415 467 1498 θεῷ,
498 1405 539 1490 μὴ
559 1410 620 1492 έρεῑ
637 1405 669 1473 τό
688 1407 806 1489 πλάσμα
829 1409 869 1494 τῷ
890 1408 1062 1490 ποιήσαντι,
1098 1411 1134 1472 Τί
1155 1431 1190 1489 με
1212 1409 1352 1490 ἐποίησας
1372 1407 1490 1487 αότωςς

333 1519 406 1588 Πῶς
422 1509 493 1596 γάρ,
516 1507 606 1576 όπότε
621 1507 828 1599 αάταδεσπότρι
842 1513 934 1598 βουλῇ
948 1512 1055 1574 κακίαν
1072 1511 1185 1588 εἵλατο,
1214 1509 1272 1576 Διό
1290 1513 1340 1576 καλ
1356 1508 1393 1576 σά
1411 1513 1491 1590 λέξει

331 1615 523 1695 δικαιοσύνης
540 1611 683 1698 δόγμασιν
703 1611 936 1698 ἀπαραλλάκτοις
958 1616 1088 1696 κρίνοντι
1106 1619 1147 1702 τῷ
1169 1621 1251 1702 θεῷ,
1278 1618 1314 1678 Τί
1330 1638 1366 1697 με
1383 1615 1487 1696 έπσίη-

332 1739 387 1792 σας
405 1714 502 1792 οὕτως
508 1743 518 1794 5
552 1713 668 1800 Ὥςπερ
689 1713 864 1798 ἀκοντιστὴς
880 1711 898 1781 ό
913 1712 1079 1791 ἀπόστολος
1097 1715 1192 1792 δεινός
1208 1717 1418 1803 διεστραμμένα
1432 1715 1489 1799 δή·

333 1845 409 1904 ματα
431 1825 490 1883 τοδν
511 1815 607 1902 λόγων
630 1821 672 1894 είς
692 1819 781 1900 μέσον
804 1814 937 1901 ἐμβαλόν
958 1814 1061 1898 ἀσαφῆ
1078 1817 1130 1900 μὲν
1146 1821 1197 1883 καί
1218 1820 1490 1901 έπικεκαλυμμένην

331 1929 458 1987 ποιεῖται
484 1923 526 1996 είς
549 1919 646 2002 βάθος
667 1929 726 1985 τῶν
747 1917 985 2006 ἀναγνωσμάτων
1006 1919 1061 2002 τὴν
1081 1923 1263 2006 ἐξεργασίαν,
1284 1920 1508 2014 ἀληθεστάτηνΙ

334 2025 366 2089 δὲ
389 2024 441 2087 καί
462 2020 644 2106 δρθόδοξον,
675 2024 726 2087 καλ
749 2023 840 2105 μηδὲν
861 2020 985 2106 ἔχουσάν
1011 2019 1258 2106 θάπημελημένον
1277 2023 1299 2107 η’
1320 2023 1488 2106 δάςφημον.

338 2133 409 2200 Ταῖς
433 2124 484 2206 μέν
501 2123 557 2210 γάρ
578 2123 620 2207 μή
641 2123 714 2208 μετά
731 2128 879 2208 σπουδῆς,
901 2122 974 2190 ἀλλά
989 2121 1117 2211 ἀγεννῶς
1133 2129 1335 2209 4ἐμπίπτουσι
1356 2135 1419 2202 τοῖς
1438 2125 1487 2192 λό-

331 2253 398 2314 γοις
414 2224 602 2312 ἀσυνάρτητα
615 2226 680 2292 ἔσθ’
694 2227 743 2292 ὅτε
756 2231 842 2294 δοκεῖ
852 2229 903 2292 καλ
920 2224 1086 2310 άσόμφωνα
1099 2229 1201 2314 λέγειν,
1222 2238 1285 2305 τοῖς
1300 2228 1326 2294 δ’
1340 2221 1380 2294 αὖ
1395 2249 1489 2294 σπου-

332 2335 425 2404 δαίως
440 2330 491 2394 καλ
507 2337 635 2416 λογισμῷ
653 2329 777 2413 νήφοντι
797 2327 916 2411 όπόσης·
923 2327 1033 2407 τάξεως
1054 2333 1163 2412 έμπλεα
1179 2333 1230 2396 καί
1248 2330 1397 2414 ἀληθείας·
1441 2328 1489 2396 Δι’

332 2432 484 2518 ’ἀκριβείας
509 2433 561 2515 μὲν
587 2425 641 2499 οὖν
666 2435 734 2518 περὶ
759 2431 872 2498 τούτων
895 2433 1032 2510 διεξιέναι
1056 2433 1092 2497 τά
1112 2441 1167 2498 νῦν
1186 2433 1288 2500 ίκανόν
1308 2431 1347 2498 ἀν
1372 2437 1487 2520 γένοιτο

332 2533 406 2601 αάτδ
425 2533 496 2600 καθ’
514 2535 601 2601 έαυτδ
624 2533 718 2619 μόνον
737 2538 830 2621 ἔργον.
876 2536 936 2599 Καλ
958 2533 1014 2620 γάρ
1039 2544 1153 2620 γελοῖον
1174 2535 1410 2619 καταλείψαντάς
1431 2559 1486 2602 σου

331 2637 387 2720 τὴν
400 2639 523 2719 σκέψιν,
546 2631 583 2721 ἧς
598 2641 684 2705 ἕνεκα
701 2637 811 2720 ταότην
831 2636 1037 2720 έστειλάμεθα,
1061 2641 1102 2715 είς
1117 2637 1190 2704 ἀλλα
1204 2642 1339 2720 μετιέναι.
1388 2647 1487 2704 Ταῦτα

332 2740 389 2826 γάρ
412 2737 484 2824 ἡμῖν
503 2744 614 2824 είρηται
636 2737 686 2806 διά
707 2747 768 2806 τῶν
787 2738 1048 2818 ίθελοκακσόντων
1066 2740 1197 2828 τιμωρόν
1218 2746 1313 2825 δίκην.
1355 2739 1485 2808 Ἆποδσι·

331 2845 455 2926 χθέντος
479 2846 579 2908 τοίνυν
601 2840 779 2925 ένδηλότατα
802 2841 854 2909 τάν
870 2841 1004 2908 θάνατον
1024 2847 1064 2932 τῷ
1086 2840 1240 2932 ἀνθράπφ
1263 2854 1487 2929 μεμηχανῆσθαι

333 2943 374 3028 μὴ
388 2947 438 3010 ἐπὶ
452 2951 535 3032 κακῷ
549 2971 615 3024 τινι,
638 2943 707 3010 ἀλλά
723 2945 777 3032 χρὴ
793 2945 898 3012 λοιπόν
915 2944 967 3010 τόν
980 2944 1020 3029 μή
1035 2944 1157 3026 φαάλως
1173 2945 1290 3023 τούτοις
1302 2945 1485 3032 ίγκάπτοντα

272 3081 274 3086 ·
333 3049 401 3132 περὶ
420 3053 471 3129 τῆς
489 3044 675 3124 ἀναστάσεως
693 3057 774 3114 νοεῖν
791 3055 844 3114 τοῦ
861 3047 1005 3130 στόματος.
1053 3055 1126 3124 Παῖς
1141 3047 1198 3135 γάρ
1222 3046 1277 3114 οάκ
1300 3047 1487 3132 ω’φέλιμοςό

333 3149 482 3229 θάνατος,
506 3153 692 3236 διαφθείρων
711 3150 796 3235 ἡμῶν
811 3149 848 3216 τά
861 3156 997 3234 ληΐζοντα
1012 3147 1066 3233 τὴν
1082 3149 1187 3231 φόσινς
1218 3154 1246 3216 εί
1265 3153 1315 3217 καί
1333 3151 1418 3236 παρά
1438 3151 1486 3217 τόν

334 3251 440 3338 καιρόν
463 3251 597 3337 ἐπαχθὴς
617 3252 688 3320 καθ’
705 3254 741 3321 όν
756 3256 978 3340 προςφέρεσθαι
1004 3259 1088 3320 δοκεῖ
1108 3252 1246 3340 καθάπερ
1270 3252 1486 3340 αὐστηρότατον

335 3363 469 3421 νοσοῦντι
488 3355 654 3440 φάρμακον.
700 3359 760 3422 Καὶ
782 3360 833 3421 ἵνα
854 3354 895 3440 μὴ
914 3355 1054 3433 πολλάκις
1073 3355 1110 3421 τά
1127 3353 1203 3421 αάτά
1218 3359 1287 3443 περί
1307 3363 1369 3422 τῶν
1390 3355 1486 3422 αάτιδν

335 3457 548 3544 διαλεγόμεθα,
571 3460 643 3544 φέρε
658 3461 709 3524 καί
725 3457 785 3530 ἀπό
800 3465 853 3543 τῆς
867 3457 947 3549 ω’δῆς
959 3467 1014 3524 τοῦ
1027 3464 1261 3545 Δευτερονομίσυ
1275 3459 1485 3543 βεβαιάσαντες

334 3559 386 3626 τόν
406 3560 495 3647 λόγον
516 3563 607 3644 λ’ωμεν
628 3560 664 3627 τά
687 3564 753 3646 ἑξῆς
775 3561 997 3646 διαληψόμενσι.

192 4185 260 4252 Κεφ.
279 4183 325 4250 λζ.
426 4173 465 4241 Τό
484 4175 556 4263 γάρ,
584 4175 659 4264 Ἐγοδ
678 4177 846 4258 ἀποκτενῶ,
874 4183 923 4246 καί
942 4187 995 4264 ζῆν
1013 4179 1145 4265 ποιήσω,
1171 4180 1309 4260 πατάξω,
1338 4179 1419 4268 κάγοί
1440 4177 1480 4246 λά·

233 4251 288 4322 (x.)

352 4313 391 4365 11.
409 4309 539 4383 καρπδνῆ
557 4315 664 4388 βλαστδν
681 4321 797 4383 Leontius.
924 4321 1034 4372 Leontius
1050 4323 1118 4372 λαυιί
1135 4318 1172 4388 μή
1192 4317 1364 4388 στειράσαντα
1381 4315 1445 4378 δεον.

352 4381 391 4433 12.
409 4381 570 4448 ἐκθρέψαντι
593 4389 645 4438 ωδ.
661 4386 758 4451 Rhodia.
781 4391 803 4438 τί
818 4388 892 4438 λκατ-
962 4389 1001 4440 14.
1019 4387 1063 4442 καλ
1081 4386 1117 4455 μὴ
1136 4387 1320 4456 σομττλῆσαιτα
1336 4394 1450 4444 Leonum.

334 4453 387 4502 ίίνσ.
424 4453 497 4512 vulno
515 4451 678 4518 ἐκτρέψαντα
962 4457 1002 4508 15.
1020 4455 1099 4510 είλετο
1119 4459 1236 4508 Leontius.

370 4518 409 4574 λδ
428 4513 464 4587 μή
479 4535 505 4572 τι
521 4533 562 4582 τφο
574 4525 674 4584 reposui.
702 4525 775 4587 Vulgo
792 4519 828 4590 μή
845 4515 892 4576 ὅτι.
962 4522 1004 4576 16.
1019 4522 1067 4594 πρὸ
1083 4525 1127 4578 τοῦ
1143 4528 1259 4577 Leonum.
