<?xml version="1.0" encoding="UTF-8"?>
<!DOCTYPE html PUBLIC "-//W3C//DTD XHTML 1.0 Transitional//EN"
    "http://www.w3.org/TR/xhtml1/DTD/xhtml1-transitional.dtd">
<html xmlns="http://www.w3.org/1999/xhtml" xml:lang="en" lang="en">
 <head>
  <title>
</title>
<meta http-equiv="Content-Type" content="text/html;charset=utf-8" />
  <meta name='ocr-system' content='tesseract 3.04.00' />
  <meta name='ocr-capabilities' content='ocr_page ocr_carea ocr_par ocr_line ocrx_word'/>
</head>
<body>
  <div class='ocr_page' id='page_1' title='image "./corporishaerese02oehlgoog_0393.png"; bbox 0 0 3186 4928; ppageno 0'>
   <div class='ocr_carea' id='block_1_1' title="bbox 240 229 1570 1879">
    <p class='ocr_par' dir='ltr' id='par_1_1' title="bbox 240 229 1570 1879">
     <span class='ocr_line' id='line_1_1' title="bbox 351 229 1090 292; baseline -0.003 0"><span class='ocrx_word' id='word_1_1' title='bbox 351 229 413 292; x_wconf 78' lang='lat'><strong><em>372</em></strong></span> <span class='ocrx_word' id='word_1_2' title='bbox 775 237 898 292; x_wconf 79' lang='grc' dir='ltr'><strong><em>ειοιστι</em></strong></span> <span class='ocrx_word' id='word_1_3' title='bbox 918 239 1090 290; x_wconf 67' lang='lat' dir='ltr'><strong>nummu</strong></span> 
     </span>
     <span class='ocr_line' id='line_1_2' title="bbox 353 339 1570 446; baseline -0.002 -24"><span class='ocrx_word' id='word_1_4' title='bbox 353 356 404 422; x_wconf 86' lang='grc' dir='ltr'><strong><em>ἀπ’</em></strong></span> <span class='ocrx_word' id='word_1_5' title='bbox 420 359 493 440; x_wconf 87' lang='grc' dir='ltr'><strong><em>ἐμοῦ</em></strong></span> <span class='ocrx_word' id='word_1_6' title='bbox 511 355 545 422; x_wconf 87' lang='grc' dir='ltr'><strong><em>τό</em></strong></span> <span class='ocrx_word' id='word_1_7' title='bbox 566 359 661 422; x_wconf 83' lang='grc' dir='ltr'><strong><em>αίτιον</em></strong></span> <span class='ocrx_word' id='word_1_8' title='bbox 679 363 734 439; x_wconf 82' lang='grc' dir='ltr'><strong><em>τῆς</em></strong></span> <span class='ocrx_word' id='word_1_9' title='bbox 748 353 907 446; x_wconf 82' lang='grc' dir='ltr'><strong><em>όμαρτίας,</em></strong></span> <span class='ocrx_word' id='word_1_10' title='bbox 929 353 1002 420; x_wconf 83' lang='grc' dir='ltr'><strong><em>ἀλλά</em></strong></span> <span class='ocrx_word' id='word_1_11' title='bbox 1016 353 1066 421; x_wconf 83' lang='grc' dir='ltr'><strong><em>ἀπ’</em></strong></span> <span class='ocrx_word' id='word_1_12' title='bbox 1083 339 1199 422; x_wconf 72' lang='grc' dir='ltr'><strong><em>ἐκείνου</em></strong></span> <span class='ocrx_word' id='word_1_13' title='bbox 1213 363 1267 422; x_wconf 86' lang='grc' dir='ltr'><strong><em>τοῦ</em></strong></span> <span class='ocrx_word' id='word_1_14' title='bbox 1282 363 1431 442; x_wconf 81' lang='grc' dir='ltr'><strong><em>φθαρτοῦ,</em></strong></span> <span class='ocrx_word' id='word_1_15' title='bbox 1450 357 1494 420; x_wconf 82' lang='grc' dir='ltr'><strong><em>ταί</em></strong></span> <span class='ocrx_word' id='word_1_16' title='bbox 1569 427 1570 436; x_wconf 21' lang='grc' dir='ltr'><strong><em>χ</em></strong></span> 
     </span>
     <span class='ocr_line' id='line_1_3' title="bbox 353 455 1570 545; baseline -0.004 -19"><span class='ocrx_word' id='word_1_17' title='bbox 353 465 465 545; x_wconf 85' lang='grc' dir='ltr'><strong><em>γηΐνου·</em></strong></span> <span class='ocrx_word' id='word_1_18' title='bbox 478 457 629 542; x_wconf 78' lang='grc' dir='ltr'><strong><em>στόματος,</em></strong></span> <span class='ocrx_word' id='word_1_19' title='bbox 651 457 684 524; x_wconf 90' lang='grc' dir='ltr'><strong><em>τό</em></strong></span> <span class='ocrx_word' id='word_1_20' title='bbox 697 457 874 544; x_wconf 37' lang='grc' dir='ltr'><strong><em>νπορνεόειν,</em></strong></span> <span class='ocrx_word' id='word_1_21' title='bbox 902 455 934 524; x_wconf 89' lang='grc' dir='ltr'><strong><em>τό</em></strong></span> <span class='ocrx_word' id='word_1_22' title='bbox 960 456 1122 541; x_wconf 76' lang='grc' dir='ltr'><strong><em>μοιχεύειν,</em></strong></span> <span class='ocrx_word' id='word_1_23' title='bbox 1150 457 1183 524; x_wconf 88' lang='grc' dir='ltr'><strong><em>τό</em></strong></span> <span class='ocrx_word' id='word_1_24' title='bbox 1208 456 1397 544; x_wconf 86' lang='grc' dir='ltr'><strong><em>ἀσελγαίνειν·</em></strong></span> <span class='ocrx_word' id='word_1_25' title='bbox 1426 456 1494 535; x_wconf 76' lang='grc' dir='ltr'><strong><em>ἐξότε</em></strong></span> <span class='ocrx_word' id='word_1_26' title='bbox 1569 489 1570 528; x_wconf 60' lang='grc' dir='ltr'><strong><em>ι</em></strong></span> 
     </span>
     <span class='ocr_line' id='line_1_4' title="bbox 353 557 1493 650; baseline -0.001 -22"><span class='ocrx_word' id='word_1_27' title='bbox 353 561 409 650; x_wconf 83' lang='grc' dir='ltr'><strong><em>γόρ</em></strong></span> <span class='ocrx_word' id='word_1_28' title='bbox 431 559 480 627; x_wconf 84' lang='grc' dir='ltr'><strong><em>ἀπ’</em></strong></span> <span class='ocrx_word' id='word_1_29' title='bbox 496 564 570 644; x_wconf 86' lang='grc' dir='ltr'><strong><em>ἐμοῦ</em></strong></span> <span class='ocrx_word' id='word_1_30' title='bbox 587 559 713 644; x_wconf 78' lang='grc' dir='ltr'><strong><em>ἀπέστη,</em></strong></span> <span class='ocrx_word' id='word_1_31' title='bbox 735 559 823 627; x_wconf 85' lang='grc' dir='ltr'><strong><em>οῦόέν</em></strong></span> <span class='ocrx_word' id='word_1_32' title='bbox 839 587 889 643; x_wconf 87' lang='grc' dir='ltr'><strong><em>μοι</em></strong></span> <span class='ocrx_word' id='word_1_33' title='bbox 904 558 1018 632; x_wconf 82' lang='grc' dir='ltr'><strong><em>τοῦτον</em></strong></span> <span class='ocrx_word' id='word_1_34' title='bbox 1036 562 1208 646; x_wconf 84' lang='grc' dir='ltr'><strong><em>πέπραιιται.</em></strong></span> <span class='ocrx_word' id='word_1_35' title='bbox 1254 563 1315 626; x_wconf 82' lang='grc' dir='ltr'><strong><em>Καί</em></strong></span> <span class='ocrx_word' id='word_1_36' title='bbox 1337 563 1417 626; x_wconf 81' lang='grc' dir='ltr'><strong><em>ἐσται</em></strong></span> <span class='ocrx_word' id='word_1_37' title='bbox 1437 557 1493 626; x_wconf 83' lang='grc' dir='ltr'><strong><em>εῦα-</em></strong></span> 
     </span>
     <span class='ocr_line' id='line_1_5' title="bbox 352 661 1495 751; baseline -0.003 -20"><span class='ocrx_word' id='word_1_38' title='bbox 352 663 523 751; x_wconf 84' lang='grc' dir='ltr'><strong><em>πσλόγητος,</em></strong></span> <span class='ocrx_word' id='word_1_39' title='bbox 546 666 598 730; x_wconf 78' lang='grc' dir='ltr'><strong><em>καί</em></strong></span> <span class='ocrx_word' id='word_1_40' title='bbox 614 663 808 750; x_wconf 83' lang='grc' dir='ltr'><strong><em>παραλῦσασα</em></strong></span> <span class='ocrx_word' id='word_1_41' title='bbox 822 661 876 747; x_wconf 85' lang='grc' dir='ltr'><strong><em>τήν</em></strong></span> <span class='ocrx_word' id='word_1_42' title='bbox 891 671 945 729; x_wconf 88' lang='grc' dir='ltr'><strong><em>τοῦ</em></strong></span> <span class='ocrx_word' id='word_1_43' title='bbox 960 671 1036 728; x_wconf 89' lang='grc' dir='ltr'><strong><em>θεοῦ</em></strong></span> <span class='ocrx_word' id='word_1_44' title='bbox 1051 667 1156 748; x_wconf 81' lang='grc' dir='ltr'><strong><em>κρίσιν.</em></strong></span> <span class='ocrx_word' id='word_1_45' title='bbox 1201 665 1243 727; x_wconf 73' lang='lat' dir='ltr'><strong><em>Et</em></strong></span> <span class='ocrx_word' id='word_1_46' title='bbox 1259 664 1291 728; x_wconf 83' lang='grc' dir='ltr'><strong><em>όέ</em></strong></span> <span class='ocrx_word' id='word_1_47' title='bbox 1308 665 1361 730; x_wconf 81' lang='grc' dir='ltr'><strong><em>ταί</em></strong></span> <span class='ocrx_word' id='word_1_48' title='bbox 1372 661 1404 728; x_wconf 89' lang='grc' dir='ltr'><strong><em>τό</em></strong></span> <span class='ocrx_word' id='word_1_49' title='bbox 1420 669 1495 744; x_wconf 75' lang='grc' dir='ltr'><strong><em>σῶμα</em></strong></span> 
     </span>
     <span class='ocr_line' id='line_1_6' title="bbox 352 762 1496 853; baseline -0.002 -21"><span class='ocrx_word' id='word_1_50' title='bbox 352 765 422 832; x_wconf 80' lang='grc' dir='ltr'><strong><em>καθ’</em></strong></span> <span class='ocrx_word' id='word_1_51' title='bbox 437 767 523 834; x_wconf 88' lang='grc' dir='ltr'><strong><em>ἐαυτό</em></strong></span> <span class='ocrx_word' id='word_1_52' title='bbox 544 764 653 853; x_wconf 83' lang='grc' dir='ltr'><strong><em>ἀγάγοι</em></strong></span> <span class='ocrx_word' id='word_1_53' title='bbox 670 764 687 831; x_wconf 90' lang='grc' dir='ltr'><strong><em>ό</em></strong></span> <span class='ocrx_word' id='word_1_54' title='bbox 703 764 776 842; x_wconf 88' lang='grc' dir='ltr'><strong><em>θεός</em></strong></span> <span class='ocrx_word' id='word_1_55' title='bbox 796 763 933 847; x_wconf 79' lang='grc' dir='ltr'><strong><em>(δύναται</em></strong></span> <span class='ocrx_word' id='word_1_56' title='bbox 949 763 1021 851; x_wconf 82' lang='grc' dir='ltr'><strong><em>γάρ,</em></strong></span> <span class='ocrx_word' id='word_1_57' title='bbox 1044 762 1086 842; x_wconf 82' lang='grc' dir='ltr'><strong><em>οός</em></strong></span> <span class='ocrx_word' id='word_1_58' title='bbox 1103 769 1153 831; x_wconf 82' lang='grc' dir='ltr'><strong><em>ιταλ</em></strong></span> <span class='ocrx_word' id='word_1_59' title='bbox 1171 763 1235 830; x_wconf 80' lang='grc' dir='ltr'><strong><em>ἀνω</em></strong></span> <span class='ocrx_word' id='word_1_60' title='bbox 1253 791 1303 849; x_wconf 91' lang='grc' dir='ltr'><strong><em>μοι</em></strong></span> <span class='ocrx_word' id='word_1_61' title='bbox 1320 763 1371 831; x_wconf 85' lang='grc' dir='ltr'><strong><em>όιά</em></strong></span> <span class='ocrx_word' id='word_1_62' title='bbox 1387 772 1441 832; x_wconf 88' lang='grc' dir='ltr'><strong><em>τοῦ</em></strong></span> <span class='ocrx_word' id='word_1_63' title='bbox 1455 763 1496 830; x_wconf 78' lang='grc' dir='ltr'><strong><em>’ίε</em></strong></span> 
     </span>
     <span class='ocr_line' id='line_1_7' title="bbox 346 865 1496 955; baseline -0.003 -21"><span class='ocrx_word' id='word_1_64' title='bbox 346 867 448 953; x_wconf 77' lang='grc' dir='ltr'><strong><em>.ζειιιήλ</em></strong></span> <span class='ocrx_word' id='word_1_65' title='bbox 462 867 622 953; x_wconf 77' lang='grc' dir='ltr'><strong><em>δεδήλωται</em></strong></span> <span class='ocrx_word' id='word_1_66' title='bbox 628 921 636 950; x_wconf 89' lang='grc'><strong><em>,</em></strong></span> <span class='ocrx_word' id='word_1_67' title='bbox 660 872 687 934; x_wconf 86' lang='grc' dir='ltr'><strong><em>εί</em></strong></span> <span class='ocrx_word' id='word_1_68' title='bbox 697 871 749 934; x_wconf 79' lang='grc' dir='ltr'><strong><em>καί</em></strong></span> <span class='ocrx_word' id='word_1_69' title='bbox 766 867 817 934; x_wconf 85' lang='grc' dir='ltr'><strong><em>όιά</em></strong></span> <span class='ocrx_word' id='word_1_70' title='bbox 833 866 1004 955; x_wconf 79' lang='grc' dir='ltr'><strong><em>παραβολήν</em></strong></span> <span class='ocrx_word' id='word_1_71' title='bbox 1024 865 1057 934; x_wconf 88' lang='grc' dir='ltr'><strong><em>τό</em></strong></span> <span class='ocrx_word' id='word_1_72' title='bbox 1079 871 1167 954; x_wconf 87' lang='grc' dir='ltr'><strong><em>ἐργον</em></strong></span> <span class='ocrx_word' id='word_1_73' title='bbox 1183 870 1357 954; x_wconf 79' lang='grc' dir='ltr'><strong><em>γεγένηται),</em></strong></span> <span class='ocrx_word' id='word_1_74' title='bbox 1380 866 1448 934; x_wconf 84' lang='grc' dir='ltr'><strong><em>ἀλλά</em></strong></span> <span class='ocrx_word' id='word_1_75' title='bbox 1468 865 1496 931; x_wconf 90' lang='grc' dir='ltr'><strong><em>τό</em></strong></span> 
     </span>
     <span class='ocr_line' id='line_1_8' title="bbox 352 969 1497 1058; baseline -0.001 -21"><span class='ocrx_word' id='word_1_76' title='bbox 352 969 432 1050; x_wconf 81' lang='grc' dir='ltr'><strong><em>είόος</em></strong></span> <span class='ocrx_word' id='word_1_77' title='bbox 444 976 486 1048; x_wconf 85' lang='grc' dir='ltr'><strong><em>είς</em></strong></span> <span class='ocrx_word' id='word_1_78' title='bbox 502 970 677 1058; x_wconf 86' lang='grc' dir='ltr'><strong><em>ἀλληγορίαυ</em></strong></span> <span class='ocrx_word' id='word_1_79' title='bbox 692 979 745 1054; x_wconf 79' lang='grc' dir='ltr'><strong><em>τῆς</em></strong></span> <span class='ocrx_word' id='word_1_80' title='bbox 761 969 826 1037; x_wconf 90' lang='grc' dir='ltr'><strong><em>τότε</em></strong></span> <span class='ocrx_word' id='word_1_81' title='bbox 847 975 1162 1056; x_wconf 84' lang='grc' dir='ltr'><strong><em>1τιαριιβουλευθείσης</em></strong></span> <span class='ocrx_word' id='word_1_82' title='bbox 1179 969 1322 1054; x_wconf 86' lang='grc' dir='ltr'><strong><em>ἀληθείας</em></strong></span> <span class='ocrx_word' id='word_1_83' title='bbox 1337 970 1497 1051; x_wconf 74' lang='grc' dir='ltr'><strong><em>ἐτιλειοόθη,</em></strong></span> 
     </span>
     <span class='ocr_line' id='line_1_9' title="bbox 352 1070 1496 1162; baseline -0.001 -22"><span class='ocrx_word' id='word_1_84' title='bbox 352 1072 394 1152; x_wconf 75' lang='grc' dir='ltr'><strong><em>σός</em></strong></span> <span class='ocrx_word' id='word_1_85' title='bbox 411 1074 548 1159; x_wconf 77' lang='grc' dir='ltr'><strong><em>συνήχθη</em></strong></span> <span class='ocrx_word' id='word_1_86' title='bbox 565 1075 667 1141; x_wconf 85' lang='grc' dir='ltr'><strong><em>όσιίον</em></strong></span> <span class='ocrx_word' id='word_1_87' title='bbox 684 1073 761 1162; x_wconf 88' lang='grc' dir='ltr'><strong><em>πρός</em></strong></span> <span class='ocrx_word' id='word_1_88' title='bbox 778 1071 888 1152; x_wconf 89' lang='grc' dir='ltr'><strong><em>όστέον,</em></strong></span> <span class='ocrx_word' id='word_1_89' title='bbox 910 1075 962 1138; x_wconf 82' lang='grc' dir='ltr'><strong><em>ιιαί</em></strong></span> <span class='ocrx_word' id='word_1_90' title='bbox 977 1070 1103 1157; x_wconf 83' lang='grc' dir='ltr'><strong><em>ἀρμονία</em></strong></span> <span class='ocrx_word' id='word_1_91' title='bbox 1118 1072 1195 1158; x_wconf 89' lang='grc' dir='ltr'><strong><em>πρός</em></strong></span> <span class='ocrx_word' id='word_1_92' title='bbox 1211 1071 1367 1160; x_wconf 83' lang='grc' dir='ltr'><strong><em>ἀρμονίαν,</em></strong></span> <span class='ocrx_word' id='word_1_93' title='bbox 1388 1076 1438 1140; x_wconf 80' lang='grc' dir='ltr'><strong><em>τισί</em></strong></span> <span class='ocrx_word' id='word_1_94' title='bbox 1455 1077 1496 1155; x_wconf 63' lang='lat' dir='ltr'><strong><em>§q-</em></strong></span> 
     </span>
     <span class='ocr_line' id='line_1_10' title="bbox 292 1173 1498 1264; baseline -0.002 -21"><span class='ocrx_word' id='word_1_95' title='bbox 292 1217 295 1226; x_wconf 81' lang='lat'><em>=</em></span> <span class='ocrx_word' id='word_1_96' title='bbox 352 1185 413 1264; x_wconf 83' lang='grc' dir='ltr'><strong><em>ρῦν</em></strong></span> <span class='ocrx_word' id='word_1_97' title='bbox 430 1175 526 1245; x_wconf 85' lang='grc' dir='ltr'><strong><em>όντων</em></strong></span> <span class='ocrx_word' id='word_1_98' title='bbox 544 1185 604 1242; x_wconf 71' lang='grc' dir='ltr'><strong><em>τοῖν</em></strong></span> <span class='ocrx_word' id='word_1_99' title='bbox 619 1175 746 1256; x_wconf 89' lang='grc' dir='ltr'><strong><em>όστέων,</em></strong></span> <span class='ocrx_word' id='word_1_100' title='bbox 769 1178 820 1241; x_wconf 79' lang='grc' dir='ltr'><strong><em>καί</em></strong></span> <span class='ocrx_word' id='word_1_101' title='bbox 834 1173 954 1243; x_wconf 82' lang='grc' dir='ltr'><strong><em>οάόέπω</em></strong></span> <span class='ocrx_word' id='word_1_102' title='bbox 971 1184 1087 1260; x_wconf 75' lang='grc' dir='ltr'><strong><em>ψυχῆς,</em></strong></span> <span class='ocrx_word' id='word_1_103' title='bbox 1110 1174 1181 1242; x_wconf 78' lang='grc' dir='ltr'><strong><em>οῦόέ</em></strong></span> <span class='ocrx_word' id='word_1_104' title='bbox 1201 1176 1373 1260; x_wconf 78' lang='grc' dir='ltr'><strong><em>πνεύματος.</em></strong></span> <span class='ocrx_word' id='word_1_105' title='bbox 1386 1183 1441 1242; x_wconf 92' lang='grc' dir='ltr'><strong><em>τσῦ</em></strong></span> <span class='ocrx_word' id='word_1_106' title='bbox 1460 1203 1498 1241; x_wconf 87' lang='grc' dir='ltr'><strong><em>τι·</em></strong></span> 
     </span>
     <span class='ocr_line' id='line_1_11' title="bbox 352 1276 1498 1362; baseline -0.002 -16"><span class='ocrx_word' id='word_1_107' title='bbox 352 1287 475 1356; x_wconf 87' lang='grc' dir='ltr'><strong><em>νοῦντος</em></strong></span> <span class='ocrx_word' id='word_1_108' title='bbox 489 1281 521 1346; x_wconf 87' lang='grc' dir='ltr'><strong><em>ἐν</em></strong></span> <span class='ocrx_word' id='word_1_109' title='bbox 536 1279 637 1356; x_wconf 73' lang='grc' dir='ltr'><strong><em>αὐτοῖς</em></strong></span> <span class='ocrx_word' id='word_1_110' title='bbox 650 1278 748 1356; x_wconf 87' lang='grc' dir='ltr'><strong><em>όντος·</em></strong></span> <span class='ocrx_word' id='word_1_111' title='bbox 772 1283 822 1344; x_wconf 79' lang='grc' dir='ltr'><strong><em>καί</em></strong></span> <span class='ocrx_word' id='word_1_112' title='bbox 835 1276 979 1355; x_wconf 83' lang='grc' dir='ltr'><strong><em>εῦθῦςτά</em></strong></span> <span class='ocrx_word' id='word_1_113' title='bbox 991 1279 1113 1362; x_wconf 77' lang='grc' dir='ltr'><strong><em>στόματα</em></strong></span> <span class='ocrx_word' id='word_1_114' title='bbox 1127 1277 1273 1362; x_wconf 84' lang='grc' dir='ltr'><strong><em>συνήχθη,</em></strong></span> <span class='ocrx_word' id='word_1_115' title='bbox 1296 1281 1346 1344; x_wconf 80' lang='grc' dir='ltr'><strong><em>καὶ</em></strong></span> <span class='ocrx_word' id='word_1_116' title='bbox 1361 1277 1439 1344; x_wconf 81' lang='grc' dir='ltr'><strong><em>τατά</em></strong></span> <span class='ocrx_word' id='word_1_117' title='bbox 1453 1278 1498 1344; x_wconf 88' lang='grc' dir='ltr'><strong><em>τόν</em></strong></span> 
     </span>
     <span class='ocr_line' id='line_1_12' title="bbox 350 1380 1500 1470; baseline -0.002 -22"><span class='ocrx_word' id='word_1_118' title='bbox 350 1391 406 1450; x_wconf 87' lang='grc' dir='ltr'><strong><em>τοῦ</em></strong></span> <span class='ocrx_word' id='word_1_119' title='bbox 430 1381 589 1470; x_wconf 77' lang='grc' dir='ltr'><strong><em>προφήτου</em></strong></span> <span class='ocrx_word' id='word_1_120' title='bbox 614 1381 703 1468; x_wconf 89' lang='grc' dir='ltr'><strong><em>λόγου</em></strong></span> <span class='ocrx_word' id='word_1_121' title='bbox 729 1381 901 1469; x_wconf 86' lang='grc' dir='ltr'><strong><em>ἐστερετόθη.</em></strong></span> <span class='ocrx_word' id='word_1_122' title='bbox 948 1385 1009 1446; x_wconf 77' lang='grc' dir='ltr'><strong><em>Καὶ</em></strong></span> <span class='ocrx_word' id='word_1_123' title='bbox 1030 1385 1058 1448; x_wconf 86' lang='grc' dir='ltr'><strong><em>εί</em></strong></span> <span class='ocrx_word' id='word_1_124' title='bbox 1078 1384 1159 1448; x_wconf 85' lang='grc' dir='ltr'><strong><em>θέλει</em></strong></span> <span class='ocrx_word' id='word_1_125' title='bbox 1179 1380 1268 1462; x_wconf 89' lang='grc' dir='ltr'><strong><em>θεός,</em></strong></span> <span class='ocrx_word' id='word_1_126' title='bbox 1296 1381 1426 1458; x_wconf 80' lang='grc' dir='ltr'><strong><em>δυνατός</em></strong></span> <span class='ocrx_word' id='word_1_127' title='bbox 1446 1384 1500 1446; x_wconf 90' lang='grc' dir='ltr'><strong><em>ἐστι</em></strong></span> 
     </span>
     <span class='ocr_line' id='line_1_13' title="bbox 350 1481 1500 1570; baseline -0.001 -20"><span class='ocrx_word' id='word_1_128' title='bbox 350 1493 438 1552; x_wconf 89' lang='grc' dir='ltr'><strong><em>τοῦτο</em></strong></span> <span class='ocrx_word' id='word_1_129' title='bbox 457 1493 594 1569; x_wconf 82' lang='grc' dir='ltr'><strong><em>ποιῆσαι,</em></strong></span> <span class='ocrx_word' id='word_1_130' title='bbox 619 1483 690 1550; x_wconf 78' lang='grc' dir='ltr'><strong><em>ἀνευ</em></strong></span> <span class='ocrx_word' id='word_1_131' title='bbox 707 1490 807 1568; x_wconf 78' lang='grc' dir='ltr'><strong><em>ψυχῆς</em></strong></span> <span class='ocrx_word' id='word_1_132' title='bbox 819 1491 959 1570; x_wconf 82' lang='grc' dir='ltr'><strong><em>παρεῖναί</em></strong></span> <span class='ocrx_word' id='word_1_133' title='bbox 974 1511 1004 1550; x_wconf 92' lang='grc' dir='ltr'><strong><em>τε</em></strong></span> <span class='ocrx_word' id='word_1_134' title='bbox 1021 1487 1070 1550; x_wconf 84' lang='grc' dir='ltr'><strong><em>ιιαί</em></strong></span> <span class='ocrx_word' id='word_1_135' title='bbox 1085 1495 1250 1564; x_wconf 77' lang='grc' dir='ltr'><strong><em>κινεῖσθαι,</em></strong></span> <span class='ocrx_word' id='word_1_136' title='bbox 1274 1481 1314 1560; x_wconf 75' lang='grc' dir='ltr'><strong><em>οἱς</em></strong></span> <span class='ocrx_word' id='word_1_137' title='bbox 1328 1487 1378 1549; x_wconf 82' lang='grc' dir='ltr'><strong><em>ταί</em></strong></span> <span class='ocrx_word' id='word_1_138' title='bbox 1397 1483 1432 1551; x_wconf 90' lang='grc' dir='ltr'><strong><em>τό</em></strong></span> <span class='ocrx_word' id='word_1_139' title='bbox 1452 1490 1500 1549; x_wconf 87' lang='grc' dir='ltr'><strong><em>τοῦ</em></strong></span> 
     </span>
     <span class='ocr_line' id='line_1_14' title="bbox 343 1575 1499 1674; baseline 0 -22"><span class='ocrx_word' id='word_1_140' title='bbox 343 1587 433 1671; x_wconf 76' lang='grc' dir='ltr'><strong><em>’Ἅβελ</em></strong></span> <span class='ocrx_word' id='word_1_141' title='bbox 451 1585 524 1672; x_wconf 84' lang='grc' dir='ltr'><strong><em>αίμα</em></strong></span> <span class='ocrx_word' id='word_1_142' title='bbox 547 1595 632 1671; x_wconf 76' lang='grc' dir='ltr'><strong><em>σῶμα</em></strong></span> <span class='ocrx_word' id='word_1_143' title='bbox 655 1586 690 1652; x_wconf 86' lang='grc' dir='ltr'><strong><em>όν</em></strong></span> <span class='ocrx_word' id='word_1_144' title='bbox 707 1587 777 1669; x_wconf 84' lang='grc' dir='ltr'><strong><em>μετά</em></strong></span> <span class='ocrx_word' id='word_1_145' title='bbox 794 1589 928 1654; x_wconf 84' lang='grc' dir='ltr'><strong><em>θάνατον</em></strong></span> <span class='ocrx_word' id='word_1_146' title='bbox 949 1590 1128 1674; x_wconf 76' lang='grc' dir='ltr'><strong><em>ἐφθέγγετο,</em></strong></span> <span class='ocrx_word' id='word_1_147' title='bbox 1151 1585 1257 1654; x_wconf 73' lang='grc' dir='ltr'><strong><em>καλοῦ</em></strong></span> <span class='ocrx_word' id='word_1_148' title='bbox 1273 1575 1355 1670; x_wconf 69' lang='grc' dir='ltr'><strong><em>ψυχή</em></strong></span> <span class='ocrx_word' id='word_1_149' title='bbox 1375 1584 1429 1668; x_wconf 85' lang='grc' dir='ltr'><strong><em>(οῦ</em></strong></span> <span class='ocrx_word' id='word_1_150' title='bbox 1448 1587 1499 1671; x_wconf 85' lang='grc' dir='ltr'><strong><em>γάρ</em></strong></span> 
     </span>
     <span class='ocr_line' id='line_1_15' title="bbox 240 1686 1500 1779; baseline -0.003 -22"><span class='ocrx_word' id='word_1_151' title='bbox 240 1773 243 1779; x_wconf 23' lang='grc'>1</span> <span class='ocrx_word' id='word_1_152' title='bbox 290 1759 293 1766; x_wconf 73' lang='grc'><strong><em>,</em></strong></span> <span class='ocrx_word' id='word_1_153' title='bbox 350 1686 433 1775; x_wconf 78' lang='grc' dir='ltr'><strong><em>ψυχή</em></strong></span> <span class='ocrx_word' id='word_1_154' title='bbox 449 1693 508 1757; x_wconf 86' lang='grc' dir='ltr'><strong><em>ἐστι</em></strong></span> <span class='ocrx_word' id='word_1_155' title='bbox 522 1689 555 1756; x_wconf 90' lang='grc' dir='ltr'><strong><em>τό</em></strong></span> <span class='ocrx_word' id='word_1_156' title='bbox 572 1687 657 1772; x_wconf 86' lang='grc' dir='ltr'><strong><em>αίμα,</em></strong></span> <span class='ocrx_word' id='word_1_157' title='bbox 679 1688 752 1756; x_wconf 83' lang='grc' dir='ltr'><strong><em>ἀλλά</em></strong></span> <span class='ocrx_word' id='word_1_158' title='bbox 766 1689 853 1772; x_wconf 82' lang='grc' dir='ltr'><strong><em>σῦμά</em></strong></span> <span class='ocrx_word' id='word_1_159' title='bbox 866 1689 974 1756; x_wconf 89' lang='grc' dir='ltr'><strong><em>ἐστιτό</em></strong></span> <span class='ocrx_word' id='word_1_160' title='bbox 991 1690 1197 1774; x_wconf 86' lang='grc' dir='ltr'><strong><em>φαινόμενον),</em></strong></span> <span class='ocrx_word' id='word_1_161' title='bbox 1219 1687 1331 1755; x_wconf 48' lang='grc' dir='ltr'><strong><em>ἀλλ”οῦ</em></strong></span> <span class='ocrx_word' id='word_1_162' title='bbox 1348 1687 1500 1772; x_wconf 82' lang='grc' dir='ltr'><strong><em>όυνήσετω</em></strong></span> 
     </span>
     <span class='ocr_line' id='line_1_16' title="bbox 350 1788 1501 1879; baseline -0.002 -21"><span class='ocrx_word' id='word_1_163' title='bbox 350 1801 434 1877; x_wconf 73' lang='grc' dir='ltr'><strong><em>σῶμα</em></strong></span> <span class='ocrx_word' id='word_1_164' title='bbox 446 1792 516 1860; x_wconf 81' lang='grc' dir='ltr'><strong><em>ἀνευ</em></strong></span> <span class='ocrx_word' id='word_1_165' title='bbox 533 1801 633 1876; x_wconf 78' lang='grc' dir='ltr'><strong><em>ψυχῆς</em></strong></span> <span class='ocrx_word' id='word_1_166' title='bbox 649 1801 801 1879; x_wconf 75' lang='grc' dir='ltr'><strong><em>κριθῆναι.</em></strong></span> <span class='ocrx_word' id='word_1_167' title='bbox 834 1790 998 1870; x_wconf 83' lang='grc' dir='ltr'><strong><em>Ἀντιλέξειε</em></strong></span> <span class='ocrx_word' id='word_1_168' title='bbox 1013 1792 1069 1879; x_wconf 81' lang='grc' dir='ltr'><strong><em>γάρ</em></strong></span> <span class='ocrx_word' id='word_1_169' title='bbox 1085 1795 1137 1858; x_wconf 85' lang='grc' dir='ltr'><strong><em>ιιαλ</em></strong></span> <span class='ocrx_word' id='word_1_170' title='bbox 1151 1790 1236 1871; x_wconf 84' lang='grc' dir='ltr'><strong><em>αάιό,</em></strong></span> <span class='ocrx_word' id='word_1_171' title='bbox 1258 1799 1343 1878; x_wconf 88' lang='grc' dir='ltr'><strong><em>λέγον</em></strong></span> <span class='ocrx_word' id='word_1_172' title='bbox 1357 1790 1416 1870; x_wconf 86' lang='grc' dir='ltr'><strong><em>ότι,</em></strong></span> <span class='ocrx_word' id='word_1_173' title='bbox 1442 1788 1501 1856; x_wconf 86' lang='grc' dir='ltr'><strong><em>Ουίι</em></strong></span> 
     </span>
    </p>
   </div>
   <div class='ocr_carea' id='block_1_2' title="bbox 264 1891 1501 2502">
    <p class='ocr_par' dir='ltr' id='par_1_2' title="bbox 348 1891 1501 2292">
     <span class='ocr_line' id='line_1_17' title="bbox 351 1891 1501 1982; baseline -0.003 -21"><span class='ocrx_word' id='word_1_174' title='bbox 351 1895 407 1982; x_wconf 81' lang='grc' dir='ltr'><strong><em>ἐγά</em></strong></span> <span class='ocrx_word' id='word_1_175' title='bbox 422 1895 563 1982; x_wconf 74' lang='grc' dir='ltr'><strong><em>ἥμαρτον,</em></strong></span> <span class='ocrx_word' id='word_1_176' title='bbox 587 1893 656 1960; x_wconf 80' lang='grc' dir='ltr'><strong><em>ἀλλά</em></strong></span> <span class='ocrx_word' id='word_1_177' title='bbox 671 1893 691 1978; x_wconf 84' lang='grc' dir='ltr'><strong><em>ή</em></strong></span> <span class='ocrx_word' id='word_1_178' title='bbox 709 1894 793 1980; x_wconf 86' lang='grc' dir='ltr'><strong><em>ψυχή</em></strong></span> <span class='ocrx_word' id='word_1_179' title='bbox 799 1922 806 1937; x_wconf 90' lang='lat'><strong>·</strong></span> <span class='ocrx_word' id='word_1_180' title='bbox 828 1895 869 1978; x_wconf 88' lang='grc' dir='ltr'><strong><em>μή</em></strong></span> <span class='ocrx_word' id='word_1_181' title='bbox 887 1895 966 1973; x_wconf 82' lang='grc' dir='ltr'><strong><em>ἐξότε</em></strong></span> <span class='ocrx_word' id='word_1_182' title='bbox 983 1893 1153 1978; x_wconf 81' lang='grc' dir='ltr'><strong><em>ἀπεκινήθη</em></strong></span> <span class='ocrx_word' id='word_1_183' title='bbox 1169 1893 1219 1960; x_wconf 85' lang='grc' dir='ltr'><strong><em>ἀπ’</em></strong></span> <span class='ocrx_word' id='word_1_184' title='bbox 1235 1896 1320 1977; x_wconf 86' lang='grc' dir='ltr'><strong><em>ἐμοῦ,</em></strong></span> <span class='ocrx_word' id='word_1_185' title='bbox 1344 1891 1412 1976; x_wconf 66' lang='grc' dir='ltr'><strong><em>’μή</em></strong></span> <span class='ocrx_word' id='word_1_186' title='bbox 1427 1895 1501 1976; x_wconf 85' lang='grc' dir='ltr'><strong><em>ἐμοί-</em></strong></span> 
     </span>
     <span class='ocr_line' id='line_1_18' title="bbox 349 1993 1499 2084; baseline -0.004 -20"><span class='ocrx_word' id='word_1_187' title='bbox 349 2020 451 2081; x_wconf 75' lang='grc' dir='ltr'><strong><em>χευσας</em></strong></span> <span class='ocrx_word' id='word_1_188' title='bbox 482 1998 521 2082; x_wconf 84' lang='grc' dir='ltr'><strong><em>μή</em></strong></span> <span class='ocrx_word' id='word_1_189' title='bbox 546 1997 723 2084; x_wconf 73' lang='grc' dir='ltr'><strong><em>ἐπόρνευσας</em></strong></span> <span class='ocrx_word' id='word_1_190' title='bbox 753 1997 793 2080; x_wconf 87' lang='grc' dir='ltr'><strong><em>μή</em></strong></span> <span class='ocrx_word' id='word_1_191' title='bbox 817 1997 1062 2082; x_wconf 69' lang='grc' dir='ltr'><strong><em>είόωλολάτρησας</em></strong></span> <span class='ocrx_word' id='word_1_192' title='bbox 1110 2001 1169 2064; x_wconf 79' lang='grc' dir='ltr'><strong><em>Καὶ</em></strong></span> <span class='ocrx_word' id='word_1_193' title='bbox 1195 2000 1276 2063; x_wconf 87' lang='grc' dir='ltr'><strong><em>ἐσται</em></strong></span> <span class='ocrx_word' id='word_1_194' title='bbox 1296 1993 1450 2082; x_wconf 67' lang='grc' dir='ltr'><strong><em>ἀντιλόγον</em></strong></span> <span class='ocrx_word' id='word_1_195' title='bbox 1469 1995 1499 2060; x_wconf 92' lang='grc' dir='ltr'><strong><em>τό</em></strong></span> 
     </span>
     <span class='ocr_line' id='line_1_19' title="bbox 350 2097 1501 2191; baseline -0.001 -26"><span class='ocrx_word' id='word_1_196' title='bbox 350 2109 436 2183; x_wconf 76' lang='grc' dir='ltr'><strong><em>σῶμα</em></strong></span> <span class='ocrx_word' id='word_1_197' title='bbox 448 2108 485 2191; x_wconf 77' lang='grc' dir='ltr'><strong><em>τή</em></strong></span> <span class='ocrx_word' id='word_1_198' title='bbox 499 2107 553 2166; x_wconf 86' lang='grc' dir='ltr'><strong><em>τοῦ</em></strong></span> <span class='ocrx_word' id='word_1_199' title='bbox 565 2108 641 2166; x_wconf 84' lang='grc' dir='ltr'><strong><em>θεοῦ</em></strong></span> <span class='ocrx_word' id='word_1_200' title='bbox 654 2105 863 2189; x_wconf 80' lang='grc' dir='ltr'><strong><em>όικαιοιιρισίρι,</em></strong></span> <span class='ocrx_word' id='word_1_201' title='bbox 885 2103 937 2166; x_wconf 79' lang='grc' dir='ltr'><strong><em>καὶ</em></strong></span> <span class='ocrx_word' id='word_1_202' title='bbox 950 2099 1079 2187; x_wconf 83' lang='grc' dir='ltr'><strong><em>εῦλόγως</em></strong></span> <span class='ocrx_word' id='word_1_203' title='bbox 1095 2099 1251 2187; x_wconf 86' lang='grc' dir='ltr'><strong><em>ἀντιλέγον.</em></strong></span> <span class='ocrx_word' id='word_1_204' title='bbox 1290 2097 1406 2166; x_wconf 82' lang='grc' dir='ltr'><strong><em>Τοῦτον</em></strong></span> <span class='ocrx_word' id='word_1_205' title='bbox 1420 2101 1501 2164; x_wconf 80' lang='grc' dir='ltr'><strong><em>ἐντετα</em></strong></span> 
     </span>
     <span class='ocr_line' id='line_1_20' title="bbox 348 2199 1500 2292; baseline -0.001 -24"><span class='ocrx_word' id='word_1_206' title='bbox 348 2207 465 2282; x_wconf 86' lang='grc' dir='ltr'><strong><em>τοίνυν,</em></strong></span> <span class='ocrx_word' id='word_1_207' title='bbox 487 2205 539 2269; x_wconf 79' lang='grc' dir='ltr'><strong><em>καί</em></strong></span> <span class='ocrx_word' id='word_1_208' title='bbox 556 2201 606 2269; x_wconf 78' lang='grc' dir='ltr'><strong><em>όιά</em></strong></span> <span class='ocrx_word' id='word_1_209' title='bbox 621 2201 712 2269; x_wconf 72' lang='grc' dir='ltr'><strong><em>πολλοὶ</em></strong></span> <span class='ocrx_word' id='word_1_210' title='bbox 730 2200 801 2268; x_wconf 78' lang='grc' dir='ltr'><strong><em>ἀλλα</em></strong></span> <span class='ocrx_word' id='word_1_211' title='bbox 817 2205 868 2268; x_wconf 80' lang='grc' dir='ltr'><strong><em>καὶ</em></strong></span> <span class='ocrx_word' id='word_1_212' title='bbox 882 2201 1044 2289; x_wconf 81' lang='grc' dir='ltr'><strong><em>ἀναγκαῖα,</em></strong></span> <span class='ocrx_word' id='word_1_213' title='bbox 1068 2200 1085 2268; x_wconf 92' lang='grc' dir='ltr'><strong><em>ό</em></strong></span> <span class='ocrx_word' id='word_1_214' title='bbox 1103 2201 1178 2278; x_wconf 86' lang='grc' dir='ltr'><strong><em>θεός</em></strong></span> <span class='ocrx_word' id='word_1_215' title='bbox 1192 2206 1225 2269; x_wconf 88' lang='grc' dir='ltr'><strong><em>ἐν</em></strong></span> <span class='ocrx_word' id='word_1_216' title='bbox 1240 2210 1276 2292; x_wconf 80' lang='grc' dir='ltr'><strong><em>τή</em></strong></span> <span class='ocrx_word' id='word_1_217' title='bbox 1295 2199 1388 2267; x_wconf 69' lang='grc' dir='ltr'><strong><em>αὐτοῦ</em></strong></span> <span class='ocrx_word' id='word_1_218' title='bbox 1412 2205 1500 2288; x_wconf 69' lang='grc' dir='ltr'><strong><em>σοφίᾳ</em></strong></span> 
     </span>
    </p>

    <p class='ocr_par' dir='ltr' id='par_1_3' title="bbox 320 2301 1501 2391">
     <span class='ocr_line' id='line_1_21' title="bbox 320 2301 1501 2391; baseline -0.002 -21"><span class='ocrx_word' id='word_1_219' title='bbox 320 2315 325 2326; x_wconf 92' lang='grc'><strong>’</strong></span> <span class='ocrx_word' id='word_1_220' title='bbox 348 2301 384 2370; x_wconf 81' lang='grc' dir='ltr'><strong><em>τό</em></strong></span> <span class='ocrx_word' id='word_1_221' title='bbox 406 2313 554 2372; x_wconf 78' lang='grc' dir='ltr'><strong><em>τεθνεῶτα</em></strong></span> <span class='ocrx_word' id='word_1_222' title='bbox 571 2302 656 2388; x_wconf 82' lang='grc' dir='ltr'><strong><em>ήμῦν</em></strong></span> <span class='ocrx_word' id='word_1_223' title='bbox 675 2304 796 2388; x_wconf 81' lang='grc' dir='ltr'><strong><em>στόματα</em></strong></span> <span class='ocrx_word' id='word_1_224' title='bbox 819 2308 871 2370; x_wconf 78' lang='grc' dir='ltr'><strong><em>ναί</em></strong></span> <span class='ocrx_word' id='word_1_225' title='bbox 887 2304 940 2382; x_wconf 82' lang='grc' dir='ltr'><strong><em>τός</em></strong></span> <span class='ocrx_word' id='word_1_226' title='bbox 954 2304 1054 2389; x_wconf 80' lang='grc' dir='ltr'><strong><em>ψυχάς</em></strong></span> <span class='ocrx_word' id='word_1_227' title='bbox 1071 2309 1112 2382; x_wconf 89' lang='grc' dir='ltr'><strong><em>είς</em></strong></span> <span class='ocrx_word' id='word_1_228' title='bbox 1127 2310 1344 2391; x_wconf 71' lang='grc' dir='ltr'><strong><em>παλιγγενεσίαν</em></strong></span> <span class='ocrx_word' id='word_1_229' title='bbox 1365 2305 1454 2390; x_wconf 88' lang='grc' dir='ltr'><strong><em>φέρει</em></strong></span> <span class='ocrx_word' id='word_1_230' title='bbox 1474 2305 1501 2369; x_wconf 86' lang='grc' dir='ltr'><strong><em>ἐν</em></strong></span> 
     </span>
    </p>

    <p class='ocr_par' dir='ltr' id='par_1_4' title="bbox 264 2403 1500 2502">
     <span class='ocr_line' id='line_1_22' title="bbox 264 2403 1500 2502; baseline -0.002 -30"><span class='ocrx_word' id='word_1_231' title='bbox 264 2459 267 2466; x_wconf 72' lang='grc'><strong><em>.</em></strong></span> <span class='ocrx_word' id='word_1_232' title='bbox 347 2413 385 2498; x_wconf 79' lang='grc' dir='ltr'><strong><em>τή</em></strong></span> <span class='ocrx_word' id='word_1_233' title='bbox 402 2406 495 2477; x_wconf 74' lang='grc' dir='ltr'><strong><em>αὐτοῦ</em></strong></span> <span class='ocrx_word' id='word_1_234' title='bbox 511 2406 665 2492; x_wconf 85' lang='grc' dir='ltr'><strong><em>ῦποσχέσει</em></strong></span> <span class='ocrx_word' id='word_1_235' title='bbox 680 2415 735 2490; x_wconf 80' lang='grc' dir='ltr'><strong><em>τῆς</em></strong></span> <span class='ocrx_word' id='word_1_236' title='bbox 749 2411 994 2502; x_wconf 87' lang='grc' dir='ltr'><strong><em>φιλανθρωπίας,</em></strong></span> <span class='ocrx_word' id='word_1_237' title='bbox 1016 2411 1058 2486; x_wconf 80' lang='grc' dir='ltr'><strong><em>εἰς</em></strong></span> <span class='ocrx_word' id='word_1_238' title='bbox 1074 2407 1107 2474; x_wconf 89' lang='grc' dir='ltr'><strong><em>τό</em></strong></span> <span class='ocrx_word' id='word_1_239' title='bbox 1122 2406 1174 2472; x_wconf 89' lang='grc' dir='ltr'><strong><em>τόν</em></strong></span> <span class='ocrx_word' id='word_1_240' title='bbox 1188 2406 1358 2490; x_wconf 82' lang='grc' dir='ltr'><strong><em>πειτμηιιότα</em></strong></span> <span class='ocrx_word' id='word_1_241' title='bbox 1377 2409 1411 2473; x_wconf 88' lang='grc' dir='ltr'><strong><em>ἐν</em></strong></span> <span class='ocrx_word' id='word_1_242' title='bbox 1425 2403 1500 2472; x_wconf 87' lang='grc' dir='ltr'><strong><em>όσιό-</em></strong></span> 
     </span>
    </p>
   </div>
   <div class='ocr_carea' id='block_1_3' title="bbox 348 2505 1501 2597">
    <p class='ocr_par' dir='ltr' id='par_1_5' title="bbox 348 2505 1501 2597">
     <span class='ocr_line' id='line_1_23' title="bbox 348 2505 1501 2597; baseline -0.003 -22"><span class='ocrx_word' id='word_1_243' title='bbox 348 2537 412 2594; x_wconf 88' lang='grc' dir='ltr'><strong><em>τητι</em></strong></span> <span class='ocrx_word' id='word_1_244' title='bbox 427 2511 588 2595; x_wconf 73' lang='grc' dir='ltr'><strong><em>ἀπολαβεῖν</em></strong></span> <span class='ocrx_word' id='word_1_245' title='bbox 602 2509 656 2595; x_wconf 85' lang='grc' dir='ltr'><strong><em>τήν</em></strong></span> <span class='ocrx_word' id='word_1_246' title='bbox 674 2517 773 2597; x_wconf 75' lang='grc' dir='ltr'><strong><em>πᾶσαν</em></strong></span> <span class='ocrx_word' id='word_1_247' title='bbox 788 2507 849 2576; x_wconf 77' lang='grc' dir='ltr'><strong><em>ἀπό</em></strong></span> <span class='ocrx_word' id='word_1_248' title='bbox 865 2517 942 2576; x_wconf 84' lang='grc' dir='ltr'><strong><em>θεοῦ</em></strong></span> <span class='ocrx_word' id='word_1_249' title='bbox 957 2510 1051 2594; x_wconf 81' lang='grc' dir='ltr'><strong><em>καλήν</em></strong></span> <span class='ocrx_word' id='word_1_250' title='bbox 1070 2509 1289 2589; x_wconf 75' lang='grc' dir='ltr'><strong><em>ἀνταπόδοσιν,</em></strong></span> <span class='ocrx_word' id='word_1_251' title='bbox 1310 2511 1362 2574; x_wconf 80' lang='grc' dir='ltr'><strong><em>παλ</em></strong></span> <span class='ocrx_word' id='word_1_252' title='bbox 1378 2507 1453 2584; x_wconf 85' lang='grc' dir='ltr'><strong><em>τοῦς</em></strong></span> <span class='ocrx_word' id='word_1_253' title='bbox 1469 2505 1501 2573; x_wconf 85' lang='grc' dir='ltr'><strong><em>τό</em></strong></span> 
     </span>
    </p>
   </div>
   <div class='ocr_carea' id='block_1_4' title="bbox 347 2609 1501 2798">
    <p class='ocr_par' dir='ltr' id='par_1_6' title="bbox 347 2609 1501 2798">
     <span class='ocr_line' id='line_1_24' title="bbox 349 2609 1501 2712; baseline 0.001 -35"><span class='ocrx_word' id='word_1_254' title='bbox 349 2611 458 2695; x_wconf 84' lang='grc' dir='ltr'><strong><em>μάτατα</em></strong></span> <span class='ocrx_word' id='word_1_255' title='bbox 477 2613 679 2712; x_wconf 77' lang='grc' dir='ltr'><strong><em>πεποιηκότας</em></strong></span> <span class='ocrx_word' id='word_1_256' title='bbox 694 2610 833 2690; x_wconf 80' lang='grc' dir='ltr'><strong><em>οόςαῦτως</em></strong></span> <span class='ocrx_word' id='word_1_257' title='bbox 850 2620 1007 2699; x_wconf 71' lang='grc' dir='ltr'><strong><em>κριθῆναι,</em></strong></span> <span class='ocrx_word' id='word_1_258' title='bbox 1029 2620 1116 2697; x_wconf 69' lang='grc' dir='ltr'><strong><em>σῶμα</em></strong></span> <span class='ocrx_word' id='word_1_259' title='bbox 1131 2612 1193 2696; x_wconf 73' lang='grc' dir='ltr'><strong><em>ἅμα</em></strong></span> <span class='ocrx_word' id='word_1_260' title='bbox 1211 2619 1311 2702; x_wconf 76' lang='grc' dir='ltr'><strong><em>ψυχῇ,</em></strong></span> <span class='ocrx_word' id='word_1_261' title='bbox 1333 2615 1386 2677; x_wconf 81' lang='grc' dir='ltr'><strong><em>ταί</em></strong></span> <span class='ocrx_word' id='word_1_262' title='bbox 1403 2609 1501 2694; x_wconf 79' lang='grc' dir='ltr'><strong><em>ψυχήν</em></strong></span> 
     </span>
     <span class='ocr_line' id='line_1_25' title="bbox 347 2714 549 2798; baseline 0.005 -18"><span class='ocrx_word' id='word_1_263' title='bbox 347 2741 409 2796; x_wconf 84' lang='grc' dir='ltr'><strong><em>αμα</em></strong></span> <span class='ocrx_word' id='word_1_264' title='bbox 429 2714 549 2798; x_wconf 79' lang='grc' dir='ltr'><strong><em>σοόματι.</em></strong></span> 
     </span>
    </p>
   </div>
   <div class='ocr_carea' id='block_1_5' title="bbox 201 3121 1499 4344">
    <p class='ocr_par' dir='ltr' id='par_1_7' title="bbox 201 3121 1498 3318">
     <span class='ocr_line' id='line_1_26' title="bbox 201 3121 1498 3212; baseline -0.002 -18"><span class='ocrx_word' id='word_1_265' title='bbox 201 3139 268 3208; x_wconf 81' lang='grc' dir='ltr'><strong><em>Κεφ.</em></strong></span> <span class='ocrx_word' id='word_1_266' title='bbox 286 3137 330 3207; x_wconf 81' lang='grc' dir='ltr'><strong><em>ιη’.</em></strong></span> <span class='ocrx_word' id='word_1_267' title='bbox 431 3125 514 3192; x_wconf 82' lang='grc' dir='ltr'><strong><em>Ἀλλά</em></strong></span> <span class='ocrx_word' id='word_1_268' title='bbox 529 3123 645 3212; x_wconf 82' lang='grc' dir='ltr'><strong><em>ἀρκέσει</em></strong></span> <span class='ocrx_word' id='word_1_269' title='bbox 659 3150 710 3208; x_wconf 85' lang='grc' dir='ltr'><strong><em>μοι</em></strong></span> <span class='ocrx_word' id='word_1_270' title='bbox 726 3133 816 3190; x_wconf 85' lang='grc' dir='ltr'><strong><em>ταῦτα</em></strong></span> <span class='ocrx_word' id='word_1_271' title='bbox 834 3123 911 3208; x_wconf 88' lang='grc' dir='ltr'><strong><em>πρός</em></strong></span> <span class='ocrx_word' id='word_1_272' title='bbox 925 3123 977 3190; x_wconf 88' lang='grc' dir='ltr'><strong><em>τόν</em></strong></span> <span class='ocrx_word' id='word_1_273' title='bbox 992 3123 1175 3205; x_wconf 88' lang='grc' dir='ltr'><strong><em>ἐθελόσοφον</em></strong></span> <span class='ocrx_word' id='word_1_274' title='bbox 1189 3121 1356 3210; x_wconf 81' lang='grc' dir='ltr'><strong><em>Ώριγίνην,</em></strong></span> <span class='ocrx_word' id='word_1_275' title='bbox 1379 3125 1434 3194; x_wconf 86' lang='grc' dir='ltr'><strong><em>τόν</em></strong></span> <span class='ocrx_word' id='word_1_276' title='bbox 1449 3155 1498 3208; x_wconf 73' lang='grc' dir='ltr'><strong><em>μυ</em></strong></span> 
     </span>
     <span class='ocr_line' id='line_1_27' title="bbox 347 3225 1498 3318; baseline 0.001 -24"><span class='ocrx_word' id='word_1_277' title='bbox 347 3234 435 3306; x_wconf 85' lang='grc' dir='ltr'><strong><em>ταίως</em></strong></span> <span class='ocrx_word' id='word_1_278' title='bbox 450 3231 546 3318; x_wconf 78' lang='grc' dir='ltr'><strong><em>ἐαυτῷ</em></strong></span> <span class='ocrx_word' id='word_1_279' title='bbox 564 3230 740 3310; x_wconf 81' lang='grc' dir='ltr'><strong><em>ἐπιθέμενον</em></strong></span> <span class='ocrx_word' id='word_1_280' title='bbox 758 3225 853 3310; x_wconf 81' lang='grc' dir='ltr'><strong><em>ὄνομα</em></strong></span> <span class='ocrx_word' id='word_1_281' title='bbox 869 3225 1077 3312; x_wconf 78' lang='grc' dir='ltr'><strong><em>Ἀθαμόντιον,</em></strong></span> <span class='ocrx_word' id='word_1_282' title='bbox 1099 3229 1150 3292; x_wconf 76' lang='grc' dir='ltr'><strong><em>καὶ</em></strong></span> <span class='ocrx_word' id='word_1_283' title='bbox 1164 3225 1241 3314; x_wconf 89' lang='grc' dir='ltr'><strong><em>πρός</em></strong></span> <span class='ocrx_word' id='word_1_284' title='bbox 1255 3225 1309 3310; x_wconf 84' lang='grc' dir='ltr'><strong><em>τήν</em></strong></span> <span class='ocrx_word' id='word_1_285' title='bbox 1325 3226 1423 3295; x_wconf 69' lang='grc' dir='ltr'><strong><em>αὐτοῦ</em></strong></span> <span class='ocrx_word' id='word_1_286' title='bbox 1437 3227 1498 3294; x_wconf 87' lang='grc' dir='ltr'><strong><em>ἀτο-</em></strong></span> 
     </span>
    </p>

    <p class='ocr_par' dir='ltr' id='par_1_8' title="bbox 225 3328 1499 3522">
     <span class='ocr_line' id='line_1_28' title="bbox 225 3328 1499 3416; baseline -0.001 -19"><span class='ocrx_word' id='word_1_287' title='bbox 225 3365 277 3409; x_wconf 76' lang='grc' dir='ltr'><strong><em>ςιχ.</em></strong></span> <span class='ocrx_word' id='word_1_288' title='bbox 288 3352 334 3397; x_wconf 80' lang='grc' dir='ltr'><strong><em>σοι.</em></strong></span> <span class='ocrx_word' id='word_1_289' title='bbox 348 3338 421 3398; x_wconf 85' lang='grc' dir='ltr'><strong><em>πίων</em></strong></span> <span class='ocrx_word' id='word_1_290' title='bbox 436 3335 486 3399; x_wconf 77' lang='grc' dir='ltr'><strong><em>καί</em></strong></span> <span class='ocrx_word' id='word_1_291' title='bbox 502 3329 577 3398; x_wconf 83' lang='grc' dir='ltr'><strong><em>κατά</em></strong></span> <span class='ocrx_word' id='word_1_292' title='bbox 592 3338 645 3414; x_wconf 80' lang='grc' dir='ltr'><strong><em>τῆς</em></strong></span> <span class='ocrx_word' id='word_1_293' title='bbox 658 3328 801 3413; x_wconf 84' lang='grc' dir='ltr'><strong><em>ἀληθείας</em></strong></span> <span class='ocrx_word' id='word_1_294' title='bbox 816 3333 848 3396; x_wconf 88' lang='grc' dir='ltr'><strong><em>ἐν</em></strong></span> <span class='ocrx_word' id='word_1_295' title='bbox 863 3337 981 3406; x_wconf 79' lang='grc' dir='ltr'><strong><em>πολλοῖς</em></strong></span> <span class='ocrx_word' id='word_1_296' title='bbox 1001 3333 1099 3416; x_wconf 90' lang='grc' dir='ltr'><strong><em>μίρεσι</em></strong></span> <span class='ocrx_word' id='word_1_297' title='bbox 1114 3333 1167 3413; x_wconf 81' lang='grc' dir='ltr'><strong><em>τῆς</em></strong></span> <span class='ocrx_word' id='word_1_298' title='bbox 1183 3334 1309 3406; x_wconf 83' lang='grc' dir='ltr'><strong><em>πίστεως</em></strong></span> <span class='ocrx_word' id='word_1_299' title='bbox 1322 3339 1427 3409; x_wconf 75' lang='grc' dir='ltr'><strong><em>ιιατταῖς</em></strong></span> <span class='ocrx_word' id='word_1_300' title='bbox 1442 3336 1499 3398; x_wconf 85' lang='grc' dir='ltr'><strong><em>ἐπι-</em></strong></span> 
     </span>
     <span class='ocr_line' id='line_1_29' title="bbox 345 3431 1497 3522; baseline 0.002 -22"><span class='ocrx_word' id='word_1_301' title='bbox 345 3437 523 3519; x_wconf 83' lang='grc' dir='ltr'><strong><em>νενοημένην</em></strong></span> <span class='ocrx_word' id='word_1_302' title='bbox 541 3431 677 3520; x_wconf 87' lang='grc' dir='ltr'><strong><em>όλέθριον</em></strong></span> <span class='ocrx_word' id='word_1_303' title='bbox 689 3437 889 3502; x_wconf 82' lang='grc' dir='ltr'><strong><em>όιόασταλίαν.</em></strong></span> <span class='ocrx_word' id='word_1_304' title='bbox 936 3431 1103 3518; x_wconf 78' lang='grc' dir='ltr'><strong><em>Παρελθόν</em></strong></span> <span class='ocrx_word' id='word_1_305' title='bbox 1118 3433 1150 3497; x_wconf 85' lang='grc' dir='ltr'><strong><em>όέ</em></strong></span> <span class='ocrx_word' id='word_1_306' title='bbox 1163 3435 1215 3498; x_wconf 79' lang='grc' dir='ltr'><strong><em>ταλ</em></strong></span> <span class='ocrx_word' id='word_1_307' title='bbox 1228 3432 1336 3499; x_wconf 85' lang='grc' dir='ltr'><strong><em>τοῦτου</em></strong></span> <span class='ocrx_word' id='word_1_308' title='bbox 1350 3435 1407 3519; x_wconf 84' lang='grc' dir='ltr'><strong><em>τήν</em></strong></span> <span class='ocrx_word' id='word_1_309' title='bbox 1424 3441 1497 3522; x_wconf 80' lang='grc' dir='ltr'><strong><em>αίρε-</em></strong></span> 
     </span>
    </p>

    <p class='ocr_par' dir='ltr' id='par_1_9' title="bbox 345 3534 1498 3727">
     <span class='ocr_line' id='line_1_30' title="bbox 346 3534 1498 3622; baseline 0.001 -18"><span class='ocrx_word' id='word_1_310' title='bbox 346 3561 394 3604; x_wconf 90' lang='grc' dir='ltr'><strong><em>σιν</em></strong></span> <span class='ocrx_word' id='word_1_311' title='bbox 410 3543 540 3622; x_wconf 77' lang='grc' dir='ltr'><strong><em>καθεξῆς</em></strong></span> <span class='ocrx_word' id='word_1_312' title='bbox 555 3535 608 3612; x_wconf 83' lang='grc' dir='ltr'><strong><em>τάς</em></strong></span> <span class='ocrx_word' id='word_1_313' title='bbox 623 3535 719 3616; x_wconf 78' lang='grc' dir='ltr'><strong><em>ἀλλος,</em></strong></span> <span class='ocrx_word' id='word_1_314' title='bbox 742 3535 931 3618; x_wconf 83' lang='grc' dir='ltr'><strong><em>ἐπιπόθητοι,</em></strong></span> <span class='ocrx_word' id='word_1_315' title='bbox 954 3537 1166 3618; x_wconf 78' lang='grc' dir='ltr'><strong><em>όιασιιέψομοιι,</em></strong></span> <span class='ocrx_word' id='word_1_316' title='bbox 1190 3534 1263 3602; x_wconf 88' lang='grc' dir='ltr'><strong><em>θεόν</em></strong></span> <span class='ocrx_word' id='word_1_317' title='bbox 1277 3535 1424 3620; x_wconf 82' lang='grc' dir='ltr'><strong><em>συνήθως</em></strong></span> <span class='ocrx_word' id='word_1_318' title='bbox 1440 3542 1498 3605; x_wconf 81' lang='grc' dir='ltr'><strong><em>ἐπι-</em></strong></span> 
     </span>
     <span class='ocr_line' id='line_1_31' title="bbox 345 3635 1498 3727; baseline -0.002 -19"><span class='ocrx_word' id='word_1_319' title='bbox 345 3640 526 3725; x_wconf 84' lang='grc' dir='ltr'><strong><em>παλοῦμενος</em></strong></span> <span class='ocrx_word' id='word_1_320' title='bbox 545 3637 682 3727; x_wconf 81' lang='grc' dir='ltr'><strong><em>Ιἀρωγόν</em></strong></span> <span class='ocrx_word' id='word_1_321' title='bbox 696 3649 749 3723; x_wconf 78' lang='grc' dir='ltr'><strong><em>τῆς</em></strong></span> <span class='ocrx_word' id='word_1_322' title='bbox 760 3637 846 3722; x_wconf 74' lang='grc' dir='ltr'><strong><em>ήμῶν</em></strong></span> <span class='ocrx_word' id='word_1_323' title='bbox 863 3641 1007 3720; x_wconf 82' lang='grc' dir='ltr'><strong><em>ίόιωτίας,</em></strong></span> <span class='ocrx_word' id='word_1_324' title='bbox 1030 3637 1105 3725; x_wconf 89' lang='grc' dir='ltr'><strong><em>πρός</em></strong></span> <span class='ocrx_word' id='word_1_325' title='bbox 1121 3635 1155 3703; x_wconf 90' lang='grc' dir='ltr'><strong><em>τό</em></strong></span> <span class='ocrx_word' id='word_1_326' title='bbox 1170 3641 1340 3722; x_wconf 72' lang='grc' dir='ltr'><strong><em>δυνηθῆναι</em></strong></span> <span class='ocrx_word' id='word_1_327' title='bbox 1355 3638 1498 3724; x_wconf 70' lang='grc' dir='ltr'><strong><em>ἀντισχεῖν</em></strong></span> 
     </span>
    </p>

    <p class='ocr_par' dir='ltr' id='par_1_10' title="bbox 346 3739 1497 3830">
     <span class='ocr_line' id='line_1_32' title="bbox 346 3739 1497 3830; baseline -0.003 -20"><span class='ocrx_word' id='word_1_328' title='bbox 346 3743 425 3830; x_wconf 78' lang='grc' dir='ltr'><strong><em>πρός</em></strong></span> <span class='ocrx_word' id='word_1_329' title='bbox 438 3752 536 3810; x_wconf 78' lang='grc' dir='ltr'><strong><em>πᾶσαν</em></strong></span> <span class='ocrx_word' id='word_1_330' title='bbox 550 3741 625 3810; x_wconf 70' lang='lat' dir='ltr'><strong><em>md</em></strong></span> <span class='ocrx_word' id='word_1_331' title='bbox 642 3749 695 3825; x_wconf 79' lang='grc' dir='ltr'><strong><em>τῆς</em></strong></span> <span class='ocrx_word' id='word_1_332' title='bbox 709 3743 852 3826; x_wconf 88' lang='grc' dir='ltr'><strong><em>ἀληθείας</em></strong></span> <span class='ocrx_word' id='word_1_333' title='bbox 869 3744 1093 3829; x_wconf 82' lang='grc' dir='ltr'><strong><em>ἐπεγειρομένην</em></strong></span> <span class='ocrx_word' id='word_1_334' title='bbox 1108 3739 1215 3824; x_wconf 85' lang='grc' dir='ltr'><strong><em>φωνήν</em></strong></span> <span class='ocrx_word' id='word_1_335' title='bbox 1230 3747 1359 3824; x_wconf 82' lang='grc' dir='ltr'><strong><em>ματαίαν</em></strong></span> <span class='ocrx_word' id='word_1_336' title='bbox 1377 3746 1430 3809; x_wconf 79' lang='grc' dir='ltr'><strong><em>ιιαὶ</em></strong></span> <span class='ocrx_word' id='word_1_337' title='bbox 1451 3741 1497 3826; x_wconf 88' lang='grc' dir='ltr'><strong><em>ήτ-</em></strong></span> 
     </span>
    </p>

    <p class='ocr_par' dir='ltr' id='par_1_11' title="bbox 345 3841 1497 4034">
     <span class='ocr_line' id='line_1_33' title="bbox 345 3841 1497 3930; baseline 0 -18"><span class='ocrx_word' id='word_1_338' title='bbox 345 3855 446 3930; x_wconf 78' lang='grc' dir='ltr'><strong><em>τῆσαι,</em></strong></span> <span class='ocrx_word' id='word_1_339' title='bbox 474 3845 550 3913; x_wconf 82' lang='grc' dir='ltr'><strong><em>τατό</em></strong></span> <span class='ocrx_word' id='word_1_340' title='bbox 571 3844 606 3910; x_wconf 83' lang='grc' dir='ltr'><strong><em>τό</em></strong></span> <span class='ocrx_word' id='word_1_341' title='bbox 622 3842 684 3910; x_wconf 86' lang='grc' dir='ltr'><strong><em>ῦπό</em></strong></span> <span class='ocrx_word' id='word_1_342' title='bbox 699 3852 753 3911; x_wconf 90' lang='grc' dir='ltr'><strong><em>τοῦ</em></strong></span> <span class='ocrx_word' id='word_1_343' title='bbox 769 3841 856 3929; x_wconf 88' lang='grc' dir='ltr'><strong><em>ἀγίου</em></strong></span> <span class='ocrx_word' id='word_1_344' title='bbox 869 3842 994 3910; x_wconf 81' lang='grc' dir='ltr'><strong><em>Ἠσαίου</em></strong></span> <span class='ocrx_word' id='word_1_345' title='bbox 1012 3846 1144 3928; x_wconf 75' lang='grc' dir='ltr'><strong><em>όηθέντα</em></strong></span> <span class='ocrx_word' id='word_1_346' title='bbox 1165 3843 1226 3924; x_wconf 81' lang='grc' dir='ltr'><strong><em>ὅτι,</em></strong></span> <span class='ocrx_word' id='word_1_347' title='bbox 1258 3851 1347 3909; x_wconf 81' lang='grc' dir='ltr'><strong><em>Πᾶσα</em></strong></span> <span class='ocrx_word' id='word_1_348' title='bbox 1370 3845 1459 3928; x_wconf 78' lang='grc' dir='ltr'><strong><em>φωνή</em></strong></span> <span class='ocrx_word' id='word_1_349' title='bbox 1477 3843 1497 3926; x_wconf 79' lang='grc' dir='ltr'><strong><em>ή</em></strong></span> 
     </span>
     <span class='ocr_line' id='line_1_34' title="bbox 345 3943 1496 4034; baseline -0.003 -19"><span class='ocrx_word' id='word_1_350' title='bbox 345 3949 575 4034; x_wconf 87' lang='grc' dir='ltr'><strong><em>ἐπαναστήσεται</em></strong></span> <span class='ocrx_word' id='word_1_351' title='bbox 592 3949 640 4014; x_wconf 78' lang='grc' dir='ltr'><strong><em>ἐπὶ</em></strong></span> <span class='ocrx_word' id='word_1_352' title='bbox 656 3948 704 4028; x_wconf 80' lang='grc' dir='ltr'><strong><em>σὲ,</em></strong></span> <span class='ocrx_word' id='word_1_353' title='bbox 727 3946 840 4024; x_wconf 78' lang='grc' dir='ltr'><strong><em>πάντας</em></strong></span> <span class='ocrx_word' id='word_1_354' title='bbox 856 3943 964 4024; x_wconf 79' lang='grc' dir='ltr'><strong><em>αῦτοῦς</em></strong></span> <span class='ocrx_word' id='word_1_355' title='bbox 980 3945 1129 4030; x_wconf 85' lang='grc' dir='ltr'><strong><em>ήιτήσεις,</em></strong></span> <span class='ocrx_word' id='word_1_356' title='bbox 1152 3950 1184 4013; x_wconf 86' lang='grc' dir='ltr'><strong><em>οί</em></strong></span> <span class='ocrx_word' id='word_1_357' title='bbox 1204 3947 1237 4013; x_wconf 84' lang='grc' dir='ltr'><strong><em>όέ</em></strong></span> <span class='ocrx_word' id='word_1_358' title='bbox 1260 3949 1359 4030; x_wconf 85' lang='grc' dir='ltr'><strong><em>ἐνοχοι</em></strong></span> <span class='ocrx_word' id='word_1_359' title='bbox 1382 3951 1496 4014; x_wconf 78' lang='grc' dir='ltr'><strong><em>ἔσονται</em></strong></span> 
     </span>
    </p>

    <p class='ocr_par' dir='ltr' id='par_1_12' title="bbox 346 4048 1496 4143">
     <span class='ocr_line' id='line_1_35' title="bbox 346 4048 1496 4143; baseline 0.001 -26"><span class='ocrx_word' id='word_1_360' title='bbox 346 4056 378 4117; x_wconf 91' lang='grc' dir='ltr'><strong><em>ἐν</em></strong></span> <span class='ocrx_word' id='word_1_361' title='bbox 396 4051 484 4143; x_wconf 74' lang='grc' dir='ltr'><strong><em>αάιή·</em></strong></span> <span class='ocrx_word' id='word_1_362' title='bbox 506 4049 545 4119; x_wconf 80' lang='grc' dir='ltr'><strong><em>’ἶν’</em></strong></span> <span class='ocrx_word' id='word_1_363' title='bbox 559 4050 654 4128; x_wconf 87' lang='grc' dir='ltr'><strong><em>σῦτως</em></strong></span> <span class='ocrx_word' id='word_1_364' title='bbox 669 4053 701 4117; x_wconf 78' lang='grc' dir='ltr'><strong><em>ἐν</em></strong></span> <span class='ocrx_word' id='word_1_365' title='bbox 717 4057 781 4140; x_wconf 71' lang='grc' dir='ltr'><strong><em>θεῷ</em></strong></span> <span class='ocrx_word' id='word_1_366' title='bbox 796 4049 829 4117; x_wconf 89' lang='grc' dir='ltr'><strong><em>τό</em></strong></span> <span class='ocrx_word' id='word_1_367' title='bbox 847 4049 1012 4136; x_wconf 82' lang='grc' dir='ltr'><strong><em>ἐπάγγελμα</em></strong></span> <span class='ocrx_word' id='word_1_368' title='bbox 1030 4048 1266 4134; x_wconf 85' lang='grc' dir='ltr'><strong><em>περαιωσόμενοι</em></strong></span> <span class='ocrx_word' id='word_1_369' title='bbox 1278 4059 1341 4126; x_wconf 82' lang='grc' dir='ltr'><strong><em>τοῖς</em></strong></span> <span class='ocrx_word' id='word_1_370' title='bbox 1353 4051 1496 4134; x_wconf 67' lang='grc' dir='ltr'><strong><em>βουλομέ</em></strong></span> 
     </span>
    </p>

    <p class='ocr_par' dir='ltr' id='par_1_13' title="bbox 346 4151 1494 4240">
     <span class='ocr_line' id='line_1_36' title="bbox 346 4151 1494 4240; baseline 0.001 -23"><span class='ocrx_word' id='word_1_371' title='bbox 346 4179 410 4230; x_wconf 87' lang='grc' dir='ltr'><strong><em>νοις</em></strong></span> <span class='ocrx_word' id='word_1_372' title='bbox 423 4161 569 4239; x_wconf 79' lang='grc' dir='ltr'><strong><em>νουνεχῶς</em></strong></span> <span class='ocrx_word' id='word_1_373' title='bbox 584 4153 782 4240; x_wconf 75' lang='grc' dir='ltr'><strong><em>ἐντυγχάνειν,</em></strong></span> <span class='ocrx_word' id='word_1_374' title='bbox 806 4155 847 4230; x_wconf 89' lang='grc' dir='ltr'><strong><em>είς</em></strong></span> <span class='ocrx_word' id='word_1_375' title='bbox 863 4156 1026 4238; x_wconf 85' lang='grc' dir='ltr'><strong><em>γυμνασίαν</em></strong></span> <span class='ocrx_word' id='word_1_376' title='bbox 1041 4151 1184 4236; x_wconf 86' lang='grc' dir='ltr'><strong><em>ἀληθείας</em></strong></span> <span class='ocrx_word' id='word_1_377' title='bbox 1204 4154 1253 4220; x_wconf 86' lang='grc' dir='ltr'><strong><em>ιιαί</em></strong></span> <span class='ocrx_word' id='word_1_378' title='bbox 1272 4151 1434 4238; x_wconf 83' lang='grc' dir='ltr'><strong><em>φάρμιαιον</em></strong></span> <span class='ocrx_word' id='word_1_379' title='bbox 1453 4151 1494 4218; x_wconf 81' lang='grc' dir='ltr'><strong><em>ίά-</em></strong></span> 
     </span>
    </p>

    <p class='ocr_par' dir='ltr' id='par_1_14' title="bbox 347 4253 1495 4344">
     <span class='ocr_line' id='line_1_37' title="bbox 347 4253 1495 4344; baseline 0 -24"><span class='ocrx_word' id='word_1_380' title='bbox 347 4277 419 4333; x_wconf 88' lang='grc' dir='ltr'><strong><em>σεως</em></strong></span> <span class='ocrx_word' id='word_1_381' title='bbox 441 4259 509 4344; x_wconf 76' lang='grc' dir='ltr'><strong><em>περὶ</em></strong></span> <span class='ocrx_word' id='word_1_382' title='bbox 527 4255 651 4324; x_wconf 83' lang='grc' dir='ltr'><strong><em>ἐιιάατου</em></strong></span> <span class='ocrx_word' id='word_1_383' title='bbox 674 4253 770 4342; x_wconf 87' lang='grc' dir='ltr'><strong><em>θηρός</em></strong></span> <span class='ocrx_word' id='word_1_384' title='bbox 792 4258 842 4322; x_wconf 78' lang='grc' dir='ltr'><strong><em>καί</em></strong></span> <span class='ocrx_word' id='word_1_385' title='bbox 861 4254 983 4338; x_wconf 78' lang='grc' dir='ltr'><strong><em>ἰοβόλον</em></strong></span> <span class='ocrx_word' id='word_1_386' title='bbox 1003 4258 1143 4342; x_wconf 77' lang='grc' dir='ltr'><strong><em>ἑρπετοῦ,</em></strong></span> <span class='ocrx_word' id='word_1_387' title='bbox 1164 4263 1225 4322; x_wconf 74' lang='grc' dir='ltr'><strong><em>τοῖν</em></strong></span> <span class='ocrx_word' id='word_1_388' title='bbox 1246 4255 1417 4342; x_wconf 79' lang='grc' dir='ltr'><strong><em>προςιίιτον</em></strong></span> <span class='ocrx_word' id='word_1_389' title='bbox 1437 4261 1495 4322; x_wconf 82' lang='grc' dir='ltr'><strong><em>τῦν</em></strong></span> 
     </span>
    </p>
   </div>
   <div class='ocr_carea' id='block_1_6' title="bbox 346 4411 1397 4547">
    <p class='ocr_par' dir='ltr' id='par_1_15' title="bbox 346 4411 1397 4547">
     <span class='ocr_line' id='line_1_38' title="bbox 380 4411 1397 4482; baseline 0.006 -22"><span class='ocrx_word' id='word_1_390' title='bbox 380 4411 618 4462; x_wconf 69' lang='lat' dir='ltr'>en.Lx]&lt;11.-</span> <span class='ocrx_word' id='word_1_391' title='bbox 662 4415 683 4468; x_wconf 89' lang='lat' dir='ltr'><strong><em>l.</em></strong></span> <span class='ocrx_word' id='word_1_392' title='bbox 709 4411 902 4481; x_wconf 71' lang='grc' dir='ltr'><strong><em>παρσβολευθτί-</em></strong></span> <span class='ocrx_word' id='word_1_393' title='bbox 969 4413 993 4465; x_wconf 77' lang='lat'><strong><em>2.</em></strong></span> <span class='ocrx_word' id='word_1_394' title='bbox 1013 4411 1049 4482; x_wconf 78' lang='grc' dir='ltr'><strong><em>μή</em></strong></span> <span class='ocrx_word' id='word_1_395' title='bbox 1067 4417 1158 4466; x_wconf 74' lang='lat' dir='ltr'><strong><em>uncinis</em></strong></span> <span class='ocrx_word' id='word_1_396' title='bbox 1174 4417 1263 4465; x_wconf 82' lang='grc' dir='ltr'><strong><em>ιισλσυλλ</em></strong></span> <span class='ocrx_word' id='word_1_397' title='bbox 1279 4415 1397 4466; x_wconf 56' lang='lat' dir='ltr'><strong><em>Patavina</em></strong></span> 
     </span>
     <span class='ocr_line' id='line_1_39' title="bbox 346 4482 619 4547; baseline 0.018 -18"><span class='ocrx_word' id='word_1_398' title='bbox 346 4495 394 4547; x_wconf 81' lang='grc' dir='ltr'><strong><em>αης</em></strong></span> <span class='ocrx_word' id='word_1_399' title='bbox 408 4482 498 4542; x_wconf 69' lang='lat' dir='ltr'><strong><em>placuit</em></strong></span> <span class='ocrx_word' id='word_1_400' title='bbox 515 4483 619 4534; x_wconf 84' lang='grc' dir='ltr'><strong><em>Ρείοοίο.</em></strong></span> 
     </span>
    </p>
   </div>
   <div class='ocr_carea' id='block_1_7' title="bbox 0 0 1598 4928">
    <p class='ocr_par' dir='ltr' id='par_1_16' title="bbox 0 0 1598 4928">
     <span class='ocr_line' id='line_1_40' title="bbox 0 0 1598 4928; baseline 0 0"><span class='ocrx_word' id='word_1_401' title='bbox 0 0 1598 4928; x_wconf 95' lang='lat' dir='ltr'><strong><em> </em></strong></span> 
     </span>
    </p>
   </div>
  </div>
 </body>
</html>
