3176 4930
339 233 402 297 328
765 239 1076 292 ειιιοτιοοιεοιαιι

341 361 400 443 κήν
421 356 566 444 ἀκρασίαν
588 355 833 441 διαμιλλώμενος,
862 355 1010 424 διδάσκων
1031 357 1064 422 δέ
1085 354 1139 434 τάς
1158 355 1297 434 τοιαύτας
1318 354 1428 443 όρέξεις
1446 357 1500 421 καί

343 461 456 546 ήδονάς
472 460 699 539 λξαπόλλυσθαι,
721 462 773 525 καί
787 459 989 543 καταισχύνων
1003 457 1074 535 τούς
1089 457 1122 525 τό
1138 465 1258 545 τρυφᾶν
1276 467 1365 526 τοῦτο
1381 462 1434 524 καλ
1444 485 1499 524 πο-

341 568 507 632 λιτεύεσθαι
525 561 602 628 εἶναι
614 568 801 645 νομίζοντας,
824 568 856 629 οἳ
872 560 947 628 θεόν
962 558 1105 646 ήγοῦντοι
1122 561 1177 644 τήν
1192 567 1320 630 κοιλίαν·
1352 561 1502 648 Φάγωμεν

342 670 392 734 καί
412 672 542 750 πίωμεν,
571 664 678 752 οῦριον
698 663 754 751 γάρ
781 663 1029 749 ἀποθνήσκομεν,
1057 663 1195 750 καθάπερ
1215 663 1357 752 ἀδηφόγα
1377 668 1502 750 σαίματα
1583 733 1584 736 ¹

341 769 421 836 κύτω
436 771 505 855 περί
522 768 577 852 τήν
593 767 687 854 βοράν
707 768 800 851 μόνον
816 770 867 834 καί
883 769 1027 853 τραπέζας
1039 765 1255 892 ἀσχολοήμενιι·
1279 767 1372 834 είπύν
1387 793 1430 848 τε,
1457 767 1502 832 Τό

341 871 482 958 βρόματιι
497 899 533 961 τη
519 876 655 960 ’κοιλία,
677 868 762 952 καλή
777 875 872 936 κοιλία
888 880 949 946 τοῖς
966 871 1130 955 βροίμοσιν,
1153 897 1169 936 ο
1162 869 1219 936 ’δέ
1233 869 1308 948 θεός
1322 874 1374 936 καλ
1388 870 1503 954 ταύτην

340 978 392 1041 καλ
410 980 503 1040 ταῦτα
518 972 709 1058 καταργήσει,
733 971 877 1097 ἐπήγαγε,
905 971 946 1037 Τό
960 973 994 1037 δέ
1011 980 1096 1056 σῶμα
1112 971 1149 1038 ού
1163 999 1200 1064 τη
1186 980 1350 1064 πορνεία,
1372 973 1446 1040 ἀλλά
1461 983 1503 1064 τῷ
1583 1059 1584 1064 ¹

213 1102 265 1149 τις
284 1048 329 1138 θλ
343 1082 455 1202 κυρίρτ,
476 1078 526 1142 καί
544 1073 562 1141 ό
577 1101 725 1165 κυριος
696 1101 737 1140 τω
761 1075 884 1158 στόματι.
926 1071 1015 1139 0δέ
1030 1075 1105 1150 θεος
1122 1077 1173 1140 καί
1191 1074 1242 1142 τόν
1265 1075 1370 1161 κύριον
1391 1076 1502 1202 ἤγειρε,
1583 1065 1584 1086 ἦ

340 1177 428 1246 καί
407 1206 487 1262 ημας
503 1181 628 1263 ἐξεγερεῖ
641 1177 759 1260 διαίτης
772 1177 927 1261 δυναμεως
941 1203 1044 1242 αυτου
1083 1175 1192 1242 Ἧούκ
1208 1178 1339 1244 οἴδατε
1320 1207 1367 1244 οτι
1380 1207 1417 1245 τα
1407 1179 1504 1263 μέλη
1583 1222 1584 1234 1

340 1280 426 1366 ήμῶν
440 1284 512 1364 μέλη
530 1287 663 1365 Χριστοῦ
678 1273 812 1346 ἐστιν
760 1309 769 1358 3
793 1308 852 1363 αρα
868 1271 923 1346 οῦν
936 1307 973 1344 τα
964 1277 1058 1363 μέλη
1074 1307 1127 1346 του
1113 1285 1277 1367 Χριστοῦ
1293 1285 1411 1366 ποιήσω
1429 1283 1503 1366 πόρ’

342 1413 395 1467 νης
418 1387 504 1468 μέλη;
549 1381 608 1466 Μή
635 1385 756 1469 γένοιτο.
793 1381 904 1450 Ἧοάκ
923 1386 1021 1449 οίδατε
1039 1382 1085 1449 ὅτι
1102 1381 1120 1448 6
1139 1383 1323 1467 κολλόμενος
1342 1393 1380 1474 τῇ
1401 1385 1505 1475 πόρνη

338 1493 375 1554 ἐν
396 1485 482 1569 σοῦμά
507 1489 580 1565 έστι;
611 1489 725 1552 ἐσονται
745 1484 819 1571 γάρ,
842 1487 950 1568 φησίν,
973 1489 1005 1550 υί
1025 1485 1081 1550 δύο
1107 1489 1147 1561 τίς
1171 1486 1268 1570 σάραα
1290 1493 1369 1569 μίαν.
1412 1485 1450 1552 Ὁ
1474 1491 1507 1553 δέ

342 1588 526 1671 κολλώμενος
544 1596 584 1677 τῷ
602 1593 695 1676 κυρίῳ
716 1593 753 1654 ἳν
773 1586 889 1670 πνεῦμά
907 1590 974 1654 ἐστι.
1021 1587 1147 1674 Φεύγετε
1167 1587 1223 1671 τήν
1239 1595 1385 1675 πορνείαν.
1435 1597 1508 1656 Πᾶν

342 1691 501 1777 ἀμάρτημα
519 1691 537 1757 δ
554 1690 607 1756 έάν
626 1688 781 1781 ἀμαρτήση
800 1689 966 1775 όνθρωπος
984 1689 1069 1767 ἐκτός
1084 1699 1138 1757 τοῦ
1153 1690 1290 1774 στόματός
1312 1695 1403 1772 ἐστιν,
1430 1691 1451 1758 6
1474 1695 1508 1759 δὲ

342 1795 499 1880 πορνεύων
514 1797 556 1870 είς
570 1794 603 1860 τό
621 1798 698 1860 λ’διον
715 1801 799 1876 στῦμα
819 1791 986 1879 ἀμαρτύνει.
1022 1793 1067 1858 Ἦ
1077 1792 1133 1859 οῦκ
1150 1797 1250 1860 οίδατε
1265 1794 1312 1861 ῦτι
1327 1794 1362 1860 τό
1378 1795 1507 1878 στόματα

342 1896 430 1980 ύμοίν
454 1894 527 1972 ναός
544 1903 599 1961 τοῦ
617 1898 648 1960 ἐν
668 1892 740 1979 ύμῖν
757 1893 844 1982 όγίου
860 1894 1028 1978 πνεύματός
1050 1899 1129 1962 ἐστιν
1136 1948 1144 1977 ,
1173 1889 1211 1963 οῦ
1234 1900 1309 1981 ἐγετε
1330 1895 1390 1962 ἀπό
1412 1907 1507 1978 θεοῦ,

270 2067 274 2076 ,
344 2003 396 2065 καλ
412 1997 468 2065 οῦκ
486 2002 547 2064 ἐστε
564 2000 693 2076 ἐαυτῦνς
716 1996 905 2086 ἠγοράσθητε
921 1997 977 2084 γάρ
991 2007 1084 2082 τιμῆς·
1123 1998 1272 2077 Δοξάσοτε
1288 1993 1344 2066 οῦν
1358 1998 1410 2066 τόν
1427 2001 1509 2068 θεόν

342 2105 374 2168 ἐν
395 2109 436 2190 τῷ
459 2099 571 2184 στόματι
592 2097 686 2183 ύμτῦν.

206 2213 274 2287 Κεφ.
288 2215 334 2287 κγ’.
432 2202 583 2289 Πρόςσγες
598 2203 645 2268 ότι
661 2201 763 2286 ἐπειδή
778 2201 811 2269 τό
832 2210 918 2286 σῶμα
935 2211 1021 2269 τοῦτο
1040 2203 1163 2270 δύναται
1179 2204 1231 2271 τόν
1246 2204 1339 2288 νόμον
1353 2213 1406 2270 τοῦ
1426 2217 1510 2274 θεοῦ

343 2310 395 2374 καλ
419 2305 475 2390 τήν
500 2305 669 2372 ἀθανασίαν
693 2303 899 2384 ἀποδέξασθαι
906 2357 914 2386 ,
938 2304 990 2372 έάν
1006 2311 1183 2394 καθαίροιτο
1205 2315 1258 2391 τῆς
1279 2307 1421 2395 ἀκρασίας
1445 2319 1511 2376 τιῦν

342 2408 595 2491 ὑπεκκαυμάτων,
617 2407 659 2491 μή
675 2407 868 2495 χραινόμενον
891 2408 1035 2491 ἀθέσμοις
1054 2409 1131 2486 ὅλως
1150 2413 1276 2496 οἴστρων
1292 2417 1510 2497 παρατρτβαῖς,

342 2510 390 2579 διό
407 2511 425 2578 6
442 2510 604 2588 ἀπόστολος
619 2518 712 2576 ταῦτα
729 2513 934 2597 διεφθέγξοτο.
970 2517 1066 2577 Ποῖον
1081 2511 1137 2599 γάρ
1154 2511 1187 2578 τό
1205 2513 1386 2597 κολλώμενον
1401 2516 1512 2601 ἕτερον

344 2623 381 2705 τῇ
398 2613 495 2704 πόρνη
513 2617 564 2680 καί
580 2613 740 2697 πλησιάζον
756 2613 807 2679 καί
823 2612 896 2699 σάρξ
919 2612 979 2698 μετ’
994 2613 1087 2698 αύτής
1104 2614 1180 2680 κατά
1197 2614 1251 2699 τήν
1267 2621 1358 2695 ζεῦξιν
1374 2625 1436 2682 τόν
1459 2647 1509 2700 με-

343 2724 403 2782 λῶν
419 2719 468 2781 καί
487 2715 541 2799 τήν
559 2722 718 2782 κοινωνίαν
735 2721 805 2799 μίαν
823 2716 996 2803 γιγνόμενον
1012 2717 1095 2802 παρά
1112 2726 1200 2784 τοῦτο
1218 2718 1250 2785 τό
1274 2725 1358 2802 σῶμα
1377 2717 1409 2784 τό
1436 2724 1510 2800 ἔξω,

344 2817 382 2885 δι’
405 2811 442 2883 οῦ
465 2817 563 2884 πάντα
585 2825 678 2885 ταῦτα
699 2826 864 2905 πληροῦται
886 2818 923 2884 κά
947 2817 1023 2905 πρός
1041 2825 1120 2902 μίξιν
1140 2823 1190 2886 καί
1210 2824 1348 2887 ἔκκαυσιν
1371 2819 1509 2909 ἀμαρτή.

344 2947 437 3005 ματος
467 2919 542 2986 ὅθεν
565 2923 630 3000 καί,
663 2928 732 2985 Πῦν
750 2920 909 3007 ἀμάρτημα
930 2921 948 2988 6
973 2920 1025 2988 ἐάν
1043 2923 1154 3013 ποιήση
1174 2921 1192 2988 ό
1211 2923 1385 3010 ἅνθρωπος,
1415 2927 1511 3004 ἐκτός

344 3029 402 3088 τοῦ
413 3020 552 3102 στόματός
567 3024 657 3103 ἐστιν,
681 3023 699 3089 ό
715 3025 748 3090 δὲ
766 3023 922 3110 πορνεύων
937 3028 979 3101 είς
992 3023 1025 3090 τό
1042 3029 1120 3092 λδιον
1136 3034 1220 3110 σῶμα
1235 3025 1402 3112 ἀμαρτάνει.
1447 3031 1509 3096 Τό·

344 3151 404 3208 φος
419 3125 472 3208 μὲν
487 3121 543 3210 γάρ
558 3127 609 3190 καί
626 3123 745 3192 ἀπιστία
760 3129 811 3192 καὶ
827 3125 928 3210 θυμός
942 3130 993 3193 καί
1009 3125 1168 3214 ἀπόκρισις
1182 3138 1282 3214 ψυχῆς
1296 3128 1509 3216 ἀμαρτήματα,

347 3233 470 3312 πορνεία
484 3228 516 3292 δέ
529 3229 580 3292 καί
598 3225 715 3315 οίστρος
729 3231 781 3294 καί
797 3229 897 3315 τρυφή
914 3230 1062 3312 στόματος·
1085 3230 1152 3314 μεθ’
1169 3225 1212 3297 ἀν
1233 3231 1301 3298 οῦτε
1322 3232 1403 3317 ψυχή
1424 3238 1511 3322 πρός

344 3328 488 3412 ἀλήθειαν
514 3327 729 3413 ἀνοπτήσεται,
762 3330 830 3398 οῦτε
856 3333 1055 3418 σωφροσύνης
1081 3333 1317 3418 ῦποταγθήσεται
1348 3340 1509 3423 δόγμασιν,

345 3429 415 3499 ἀλλά
438 3431 528 3515 ῦμφω
547 3433 758 3516 διολισθήσωσι
773 3441 827 3517 τῆς
843 3439 992 3517 βασιλείας
1013 3445 1066 3503 τοῦ
1087 3443 1226 3523 Χριστοῦ.
1271 3441 1332 3504 Καί
1355 3445 1459 3506 τοίνυν
1483 3447 1512 3508 εί

344 3533 524 3617 τάσοόματα
548 3533 633 3617 ήμῶν
658 3538 690 3602 ἐν
710 3533 845 3628 ἀγιασμρῦ
866 3539 1103 3625 διακρατούμενα
1128 3539 1201 3616 ναός
1225 3543 1284 3606 ἐστι
1303 3549 1357 3607 τοῦ
1379 3545 1410 3608 ἐν
1430 3541 1509 3628 ήμῖν

345 3641 500 3713 οἰκοῦντος
521 3637 707 3721 πνεύματος,
729 3642 779 3705 καλ
799 3638 817 3705 ό
834 3640 938 3726 κύριος
959 3645 1052 3731 ἐντῷ
1074 3641 1202 3725 σύματι,
1224 3647 1276 3710 καὶ
1298 3645 1334 3709 τό
1355 3649 1425 3730 μέλη
1449 3658 1508 3716 τοῦ

345 3740 482 3824 στόματος
495 3743 565 3823 μέλη
585 3747 731 3827 Χριστοῦ,
753 3740 948 3810 ύποτάσσεται
969 3743 1029 3831 ἀρα
1047 3743 1081 3810 τό
1098 3752 1184 3828 σῶμα
1199 3755 1242 3835 τῷ
1258 3746 1339 3836 νόμῳ
1357 3755 1399 3839 τῷ
1415 3758 1506 3841 θείῳ,

344 3847 395 3909 καλ
418 3851 636 3928 κληρονομῆσαι
658 3842 780 3908 δύναται
803 3843 858 3928 τήν
879 3851 1028 3930 βασιλείαν
1051 3854 1105 3913 τοῦ
1128 3855 1213 3914 θεοῦ.
1255 3848 1290 3915 ‘0
1310 3850 1367 3936 γάρ
1389 3855 1507 3939 ἐγείρας

348 3945 477 4031 Χριστόν
502 3948 534 4012 ἐκ
553 3953 666 4031 νεκριῦν
684 3947 876 4032 ζωοποιήσει,
899 3953 989 4033 φησί,
1017 3953 1068 4018 καί
1089 3950 1125 4015 τά
1145 3952 1242 4035 θνητά
1264 3950 1385 4034 στόματα
1407 3953 1506 4038 ύμοῑν,

345 4046 394 4113 διά
413 4056 466 4114 τοῦ
483 4051 669 4125 ἐνοικοῦντος
685 4047 778 4116 αύτοῦ
796 4052 962 4136 πνεύματος
981 4055 1013 4118 ἐν
1036 4051 1119 4136 ύμῖν·
1147 4057 1197 4120 ίνα
1221 4053 1254 4120 τό
1276 4055 1392 4139 θνητόν
1413 4067 1505 4126 τοῦτο

346 4149 502 4233 ἐνδύσηται
521 4149 576 4234 τήν
591 4149 774 4234 ἀθανασίαν,
796 4157 847 4220 καλ
865 4155 897 4221 τό
915 4153 1054 4241 φθαρτόν
1075 4155 1129 4238 τήν
1144 4153 1332 4242 ἀφθαρσίαν,
1356 4163 1398 4234 είς
1418 4161 1506 4239 νῖκός

347 4275 376 4315 τε
396 4261 557 4344 καταποθῇ
583 4251 601 4319 6
624 4254 766 4332 θάνατος.
813 4255 859 4322 Ού
881 4258 936 4345 γάρ
954 4260 1021 4344 περί
1045 4257 1133 4324 ἀλλον
1156 4258 1347 4344 διελάμβανεν
1369 4265 1505 4329 ἐνταῦθα

346 4351 484 4436 στόματος
499 4353 518 4420 6
535 4355 715 4440 ἀπόστολος,
738 4356 809 4424 ἀλλά
829 4363 897 4445 περὶ
919 4361 1025 4428 τούτου
1042 4364 1163 4430 κολεοῦ
1183 4360 1432 4446 ἀποθνήσκοντος
1450 4370 1503 4434 καί

345 4458 558 4544 νεκρουμένου,
580 4458 617 4524 δι’
640 4453 678 4526 οῦ
700 4464 752 4527 καλ
774 4470 935 4548 πορνεῦσαι
955 4467 1006 4530 καλ
1029 4463 1184 4552 ἀσελγήσαι
1205 4466 1342 4533 δυνατόν.
