3148 4938
329 186 467 239 ιιιιιιιιι
484 187 548 240 ure.
562 188 595 242 ιι.
611 187 695 240 rom.
710 189 742 240 ιι.
761 187 861 240 usna.
878 189 982 242 uxru.
1187 177 1246 244 561

97 321 166 382 aot,
189 313 297 389 inquit,
320 311 423 369 schalas
440 311 553 370 delecto.
602 305 652 372 Ex
676 308 820 372 hocloco
846 307 924 372 illam
943 309 1107 395 scripturae
1127 322 1248 376 senten-

99 411 158 474 tiam
179 411 353 474 confirmare
376 409 494 491 nititur,
518 413 705 472 Assimilatus
717 412 787 491 filio
804 414 853 472 dei
870 423 966 473 monet
984 418 1116 475 sacerdos
1135 420 1164 476 in
1180 436 1247 496 per-
1260 427 1331 473 ttetn
1344 430 1403 485 us

93 525 207 594 plnum.

172 611 283 678 Verum
302 635 389 698 quam
410 614 500 677 multa
516 614 553 677 de
573 615 628 678 hoc
653 624 828 699 argumento
846 616 1019 700 excogitare
1042 637 1125 682 meus
1149 629 1250 683 nostra

8 711 9 718 '
96 727 202 802 potest,
228 737 260 778 ac
278 715 452 800 disputando
467 715 639 800 complecti,
663 717 767 801 quihus
781 717 938 803 depravata
959 717 1038 782 illius
1057 719 1250 804 intelligentia

95 841 127 882 ac
146 818 289 882 sententia
313 817 480 881 relellatnrl
528 814 668 882 Ceterum
697 818 754 884 iste
780 830 915 884 extrema
941 831 1096 884 senectute
1117 831 1250 884 mortuus

95 931 153 999 est,
182 942 216 984 ac
235 917 352 984 Graeca
370 919 611 1004 Aegyptiaoaque
636 921 734 1005 lingua
758 922 969 1008 quamplurima
991 921 1122 1008 scripsit.
1168 920 1251 985 luter

95 1035 187 1086 cetera
208 1020 434 1085 commentarios
452 1033 482 1086 et
496 1021 718 1086 lucubrationes
743 1023 778 1088 de
803 1044 892 1108 opere
918 1046 973 1088 sex
992 1024 1122 1104 dierum,
1146 1025 1251 1108 quibus

95 1125 200 1188 labulas
223 1124 378 1188 nourrullas
404 1131 434 1186 et
449 1123 626 1188 vanissimas
643 1124 801 1209 allegorias
816 1137 999 1192 commentus
1018 1138 1076 1191 cst.
1123 1124 1249 1190 Necnon

94 1239 122 1291 et
135 1227 188 1291 alia
204 1226 344 1310 quaedam
364 1246 404 1289 ex
420 1226 514 1290 sacris
529 1213 700 1313 deprompta
719 1226 825 1307 literis,
850 1229 955 1313 quibus
970 1239 1000 1291 et
1016 1229 1145 1313 psalmos
1162 1248 1251 1313 quos·

93 1329 153 1392 dun
172 1327 299 1392 novitios
324 1349 342 1391 a
368 1349 401 1392 se
426 1328 561 1393 conditos
585 1328 702 1394 adiecit.
749 1327 808 1413 Qui
832 1330 910 1394 illius
931 1319 1047 1394 sectam
1062 1351 1134 1395 vore
1158 1343 1189 1395 et
1210 1351 1251 1394 ou

8 1439 10 1446 ’
92 1432 185 1495 animo
207 1429 397 1515 profitentur,
430 1431 562 1516 plerique
588 1430 623 1493 ab
649 1431 786 1494 animatis
809 1431 969 1497 abstinent.
1015 1431 1093 1496 Nam
1114 1434 1190 1518 quod
1214 1434 1251 1498 ad

92 1533 244 1597 Hieracem
270 1533 363 1618 ipsum
382 1533 527 1617 pertinet,
559 1553 696 1597 severam
719 1535 875 1597 admodum
899 1534 977 1599 vitae
996 1536 1179 1621 disciplinam
1201 1537 1252 1599 ad·

91 1635 189 1700 hibuit.
235 1631 296 1698 Sed
314 1636 362 1720 qui
378 1635 538 1720 postillam
557 1635 687 1699 extitere
707 1634 841 1719 discipuli
861 1636 932 1699 nihil
951 1648 1068 1722 practer
1087 1637 1252 1702 simulatio·

90 1759 154 1802 neni
171 1737 347 1801 habuerunt.
394 1733 522 1802 Constat
544 1737 623 1800 illum
650 1737 686 1800 ab
706 1736 812 1801 eduliis
829 1737 964 1802 omuibus
982 1739 1038 1802 sibi
1055 1745 1250 1824 temperasse,

90 1841 219 1925 adeoque
243 1859 350 1904 severe
365 1839 478 1902 vixisse
494 1849 525 1902 nt
547 1849 576 1902 et
595 1838 665 1902 rino
683 1849 812 1902 careret.
859 1841 1008 1904 Auctores
1028 1840 1161 1904 nonnulli
1183 1851 1253 1904 sunt

90 1944 164 2006 ultra
180 1963 273 2007 annos
289 1942 449 2026 nonaginta
469 1939 602 2018 vixisse,
636 1951 666 2004 et
687 1942 722 2004 ad
747 1952 913 2006 extremum
931 1943 1010 2007 vitae
1029 1954 1143 2028 tempus
1162 1942 1254 2006 libros

89 2043 242 2128 antiquarii
265 2063 347 2106 more
370 2042 539 2128 scripsisse.
586 2039 741 2107 Librarius
764 2043 842 2107 enim
866 2055 897 2108 et
918 2045 1033 2129 quidem
1053 2046 1165 2130 peritus
1186 2045 1250 2122 luit,

89 2167 144 2211 nec
166 2146 268 2210 oculus
290 2145 317 2209 ei
340 2144 490 2230 caligavit.
710 2229 712 2232 Ι

170 2246 260 2312 Nunc
282 2247 319 2312 ab
336 2267 372 2310 eo
389 2247 581 2312 disseminata
599 2246 715 2311 zizania
738 2241 978 2328 consideremus,
1002 2269 1127 2332 quanam
1148 2248 1251 2313 videli·
1269 2259 1329 2325 cip.
1347 2258 1388 2310 tv.

88 2361 139 2416 cet
164 2351 255 2414 divini
280 2349 364 2414 verbi
384 2349 532 2413 sententia
555 2359 733 2415 venenatum
759 2349 837 2412 huuc
858 2360 1025 2434 serpentem
1048 2350 1253 2434 conshiugere
1363 2338 1364 2341 ¹

87 2466 176 2538 atque
193 2453 369 2537 extinguere
389 2452 552 2536 possimus,
577 2451 626 2536 qui
644 2451 752 2536 scorpii
769 2450 863 2515 instar
877 2453 1025 2516 auteriori·
1038 2451 1253 2536 posteriorique

86 2567 172 2642 parte
189 2557 273 2633 ierit,
297 2555 354 2620 hoc
373 2565 474 2618 estex
491 2564 615 2638 utroque
639 2563 817 2618 testamento
832 2573 908 2637 quae
927 2564 996 2618 sunt
1014 2554 1148 2618 nocitura
1171 2553 1254 2616 colli·

85 2659 149 2743 git3
173 2678 248 2742 quae
266 2678 324 2720 non
341 2677 377 2720 ec
394 2676 485 2720 sensu
500 2656 604 2741 accipit
626 2678 683 2740 quo
705 2655 735 2717 in
758 2655 865 2718 divinis
888 2656 981 2719 literis
998 2657 1176 2742 produntur,
1201 2655 1254 2718 sed

86 2782 143 2845 pro
168 2780 204 2822 ec
226 2780 260 2822 ac
282 2779 428 2848 perversa
453 2779 536 2822 meus
557 2757 635 2822 illius
662 2777 736 2842 quae
763 2757 927 2821 clarissima
953 2779 988 2821 oc
1009 2759 1164 2845 perspicua
1186 2766 1257 2821 sunt

86 2863 217 2926 obscure
244 2881 279 2924 ac
306 2859 494 2924 tenebricoso
521 2859 665 2946 capiebat.
709 2857 819 2944 Neque
845 2860 923 2923 enim
949 2861 1173 2950 vituperandum
1198 2856 1256 2922 mel

86 2973 141 3030 aut
159 2983 290 3028 aurarum
308 2973 365 3041 est,
390 2983 446 3026 nec
463 2961 685 3045 exquisitissimi
703 2961 809 3046 quique
824 2961 894 3042 cibi,
918 2983 1041 3048 quorum
1059 2973 1163 3026 auctor
1182 2962 1255 3025 deus

85 3077 155 3146 est,
179 3065 266 3130 iidem
288 3075 404 3143 tamen,
436 3063 461 3128 si
483 3064 557 3127 iehri
580 3063 780 3128 laborantibus
799 3063 934 3142 dederis,
967 3065 1060 3128 amari
1086 3065 1116 3128 iu
1138 3065 1255 3127 illorum

84 3189 143 3234 ore
163 3167 357 3246 videbuntnr3
389 3187 449 3230 nou
467 3166 543 3250 quod
560 3165 676 3230 illorum
693 3165 826 3230 suavitas
848 3165 1044 3230 amaritudine
1065 3165 1125 3230 ulla
1146 3165 1256 3230 sullusa

83 3274 147 3350 sit,
174 3271 226 3334 sed
245 3271 321 3354 quod
337 3279 527 3355 aegrotorum
551 3278 654 3350 gustus
672 3267 831 3332 iniucundo
851 3268 901 3332 illo
918 3289 1024 3354 sapore
1040 3267 1155 3333 oblatos
1174 3267 1255 3332 cibos

83 3373 241 3438 iniecerit.
281 3368 324 3434 lta
341 3371 473 3456 quisquis
488 3393 505 3434 a
524 3371 651 3434 veritate
668 3369 799 3449 aberrat,
824 3391 1007 3455 nequaquam
1025 3371 1061 3435 ab
1079 3391 1114 3436 ea
1132 3372 1161 3436 in
1177 3373 1256 3434 iran-

82 3479 159 3540 dem
174 3476 310 3539 inductus
326 3485 383 3539 cst.
416 3473 477 3540 Sed
492 3474 528 3537 ad
541 3472 697 3536 veritatem
713 3473 921 3556 degustandam
936 3475 1017 3538 velut
1034 3492 1152 3538 amaros
1168 3471 1257 3535 antimi

81 3597 201 3644 sensns
218 3576 334 3654 attulit,
366 3576 491 3661 ideoque
507 3585 536 3639 et
554 3575 583 3638 in
602 3574 826 3638 amaritudinem
844 3573 955 3638 veritas
975 3585 1021 3640 est
1035 3575 1076 3637 illi
1098 3591 1255 3636 convorsa.

81 3678 155 3746 Sed
175 3690 208 3742 nt
224 3679 260 3742 de
278 3680 410 3764 puerulis
427 3677 608 3766 potissimum
624 3696 764 3760 agamus,
789 3676 856 3760 quid
875 3677 911 3739 do
927 3677 984 3740 illis
998 3676 1129 3739 dicemus
1152 3673 1201 3758 qui
1222 3671 1409 3745 innocen

80 3781 249 3846 Bethleem
276 3778 405 3846 Iudaeae
429 3781 552 3846 subinde
576 3781 697 3865 prop'ter
714 3775 865 3843 Christum
889 3777 980 3843 occisi
1005 3777 1094 3842 snut?
1138 3772 1259 3857 Quaero

77 3895 193 3950 utrum
210 3903 304 3948 uccue
321 3885 452 3949 coeleste
475 3903 597 3967 regnum
625 3880 778 3945 consecuti
798 3880 879 3944 sint?
921 3879 1085 3945 Enimvero
1107 3874 1260 3974 cqnsecuti

121 4036 150 4090 3.
171 4038 273 4100 deponit
288 4033 378 4103 πικρὸν
395 4031 458 4090 αὐτὸ
474 4051 519 4099 pro
541 4029 659 4102 πικρόια-
696 4037 848 4098 Quamquam
861 4037 903 4086 hoc
911 4048 1001 4098 quoqu
1014 4037 1064 4086 loeo
1074 4034 1259 4085 commonuer-

75 4123 139 4164 τον,
160 4119 218 4156 eran
235 4107 353 4156 dumhere
368 4107 476 4156 Δοοοιοο.
492 4107 589 4158 tttrcett.
606 4116 660 4167 cop.
695 4106 723 4153 ro
739 4103 766 4152 in
784 4119 828 4152 ore
842 4101 928 4168 ipsios.

75 4171 133 4227 36.
152 4172 297 4238 pontiu,
313 4186 382 4238 quem
396 4175 467 4235 alde,
483 4176 503 4223 st
520 4175 589 4224 tutet.
731 4173 755 4222 5.
774 4173 839 4220 seru
855 4173 939 4220 tutent
957 4168 1066 4234 πικρίας.

121 4269 150 4327 4.
181 4267 259 4326 utros
285 4274 353 4324 codd.
384 4287 440 4326 rues.
484 4267 568 4327 cirris
601 4275 664 4325 edili·
732 4236 757 4358 ξ.
774 4235 1072 4368 michoi-mmihi&

150 4389 244 4446 comus
256 4387 394 4434 itemeseul.
406 4387 436 4430 ll.
450 4389 470 4432 Ι.
1015 4391 1056 4456 36
