3186 4928
349 247 485 300 rannac
502 247 565 300 arc.
578 249 608 300 u.
625 248 750 300 ronch.
767 247 867 300 nean.
882 248 974 301 uxvr.
1177 239 1239 302 417

87 362 247 428 aduersarii
270 364 329 428 tela
352 365 382 428 vi
407 387 462 431 sua
486 387 521 430 ac
548 368 657 432 virtute
682 369 853 432 discuteret.
899 365 1054 432 Postremo
1076 347 1240 434 victus'est

85 463 210 544 blanca,
234 487 268 530 ac
285 467 321 530 de
339 468 465 534 iudicum
487 471 633 534 sententio
649 471 766 534 veritati
784 470 907 535 victoria
926 470 1028 535 cessit.
1074 469 1161 554 Quod
1183 474 1240 536 uti·

85 589 139 652 quc
155 569 258 634 mirum
277 570 386 634 nemini
406 586 474 636 esse
493 572 589 636 debet.
637 570 757 637 Veritus
779 573 855 637 enim
874 593 928 657 per
948 593 982 636 se
1005 573 1068 659 ipse
1091 575 1236 654 consistit,

84 691 139 734 nec
157 671 243 736 (leiim
263 683 376 757 potest,
408 676 594 759 quantumvis
619 675 789 760 improbitas
812 674 932 740 audacia
963 676 1037 739 lreta
1060 675 1236 756 firmissima,

84 774 186 859 quihus
203 787 250 838 est
265 774 312 838 illc
331 778 510 856 constricta,
534 777 650 842 vincula
668 778 832 842 dissolvere
850 789 985 842 conetur.
1033 773 1147 842 Contra
1164 799 1237 842 vero

84 878 265 944 mendacium
280 878 366 942 solidi
382 879 454 944 nihil
469 879 572 959 hahet,
591 902 687 966 neque
702 881 889 952 lundnmcnto
905 880 964 944 ulle
979 880 1092 959 nititur,
1118 880 1238 965 perinde

83 991 169 1064 atque
186 980 288 1044 umbra
304 981 510 1059 tenebrarum,
533 994 584 1046 cut
600 983 728 1050 lubricus
746 995 776 1046 et
789 983 947 1062 instabilis,
972 1003 1023 1067 pro
1040 1003 1076 1046 eo
1094 984 1170 1066 quod
1190 1004 1239 1068 pe·

83 1081 166 1146 dibus
183 1093 281 1160 caret,
306 1087 452 1170 serpentis
472 1085 636 1172 ingressus.
683 1083 851 1151 Secundum
873 1085 944 1149 haec
962 1082 1073 1149 Manes.
1091 1087 1161 1169 fuga
1183 1086 1239 1150 sihi

83 1183 221 1249 consulit.
267 1183 397 1271 Populus
415 1187 492 1251 enim
512 1188 653 1273 lapidibus
677 1188 757 1252 illum
778 1187 904 1252 obruere
923 1187 1057 1266 volebat,
1081 1187 1138 1254 uisi
1155 1185 1238 1252 Mar·

82 1287 174 1352 cellas
197 1288 226 1352 iu
249 1289 374 1352 medium
399 1289 535 1373 prodiens
554 1291 635 1355 vultu
652 1290 717 1376 ipso
735 1290 938 1355 venerationis
954 1290 1040 1374 pleno
1059 1301 1237 1376 aspectuque

81 1391 286 1474 repressisset.
334 1388 420 1474 Quod
449 1392 505 1457 uisi
533 1393 669 1472 lecisset,
701 1393 867 1458 iamdudum
891 1391 994 1458 iulelix
1016 1393 1064 1456 ille
1088 1392 1235 1477 periisset.
1280 1459 1285 1470 ⁴

80 1489 156 1556 lude
179 1492 268 1578 igitur
288 1494 442 1558 discedens
458 1492 649 1560 Diodoridem
673 1498 779 1581 (pagus
805 1495 830 1558 is
852 1507 898 1560 est
923 1495 951 1558 iu
973 1489 1147 1576 Carchcris)
1170 1515 1237 1560 sese

79 1595 222 1676 contulit,
246 1596 294 1660 uhi
309 1595 453 1684 Tryphon
476 1598 591 1682 quidam
612 1609 678 1663 erut
696 1598 743 1663 vir
766 1598 910 1684 optimus,
939 1619 974 1662 ac
997 1607 1056 1662 tam
1079 1598 1136 1662 leci
1160 1597 1237 1662 illius

79 1697 248 1784 presbyter.

167 1801 214 1864 Ad
237 1801 314 1866 hunc
329 1799 435 1866 Maces
457 1801 607 1867 divertens
622 1821 738 1868 cursam
756 1803 882 1867 miscere
900 1803 1016 1881 omnin,
1040 1823 1076 1866 ac
1097 1818 1131 1866 ee
1153 1823 1237 1865 arro-
1256 1805 1316 1873 ccp.
1332 1807 1379 1858 xt.

76 1914 188 1988 gauter
203 1903 326 1983 efferre,
350 1916 454 1968 nactus
469 1905 615 1970 hominem
633 1887 740 1989 nliehui
758 1905 882 1986 bonum,
907 1917 937 1970 et
955 1905 1113 1970 excellenti
1129 1905 1237 1990 pietate

77 2007 261 2090 praeditum,
285 2006 337 2071 sed
359 2006 501 2072 orationis
519 2007 665 2093 pracsidio
681 2007 863 2072 destitutum.
911 2005 1023 2072 Verum
1047 2029 1084 2072 ne
1108 2009 1151 2072 sic
1172 2008 1237 2093 qui-

74 2109 164 2187 dem,
190 2109 231 2174 uti
251 2120 439 2196 speraverat,
464 2110 588 2174 illudere
604 2107 718 2176 Christi
738 2131 827 2175 servo
845 2111 973 2196 potuit.·
995 2107 1078 2174 Deus
1100 2109 1178 2175 enim
1201 2111 1238 2174 iis

74 2213 126 2296 qni
144 2213 176 2276 ia
195 2233 228 2277 sc
247 2213 396 2277 conlidunt
417 2213 537 2298 spiritua
557 2213 651 2278 seneli
674 2213 750 2277 dona
769 2224 942 2298 praeparat,
966 2213 1081 2278 abunde
1100 2213 1236 2298 largitur,

73 2325 170 2400 prout
184 2316 247 2401 ipae
264 2315 410 2401 pollicitus
426 2325 472 2380 est
489 2316 537 2400 qui
554 2315 671 2382 mentiri
688 2337 746 2380 aon
764 2326 872 2400 potest.
917 2319 1025 2390 Nolite,
1050 2315 1155 2400 inquit,
1178 2320 1236 2378 sol·
1249 2315 1333 2422 {⁴3:¹¹¹}
1365 2371 1370 2381 .

72 2421 158 2480 boati
169 2439 229 2480 esse
249 2421 319 2499 quid
331 2421 500 2499 Inquemriaa':
524 2439 580 2480 non
596 2422 670 2482 emin
687 2439 735 2480 cos
749 2423 818 2480 cetri
833 2423 886 2500 pul
898 2421 1060 2499 depascimini,
1085 2421 1136 2480 sed
1150 2422 1236 2498 span·-

70 2533 123 2583 tus
148 2525 244 2601 pctrh
259 2525 329 2594 mec',
353 2526 406 2602 pru·
421 2524 547 2602 loquitur
565 2526 595 2582 aia
616 2523 703 2582 cedd.
751 2517 813 2586 Sed
830 2541 895 2584 oum
912 2515 1020 2588 Manes
1044 2521 1150 2584 iterum
1171 2542 1236 2584 cunr

71 2621 247 2709 Tryphone
268 2622 443 2709 presbytero
468 2623 608 2708 congredi
626 2623 733 2703 vellet,
758 2623 807 2708 qui
824 2623 880 2686 sibi
898 2623 929 2686 in
949 2623 1097 2709 plerisque
1119 2633 1236 2688 centra·

67 2726 215 2805 dixerat,
237 2725 287 2789 ille
303 2747 365 2790 rem
383 2745 498 2792 omnem
516 2747 569 2810 per
586 2726 686 2790 literas
701 2725 851 2790 Archelao
867 2724 1031 2809 significat,
1054 2723 1099 2790 his
1116 2725 1233 2790 verbis:

67 2827 180 2892 llomc
198 2827 314 2912 quidam
332 2829 389 2894 huc
410 2829 537 2894 necessit
554 2828 603 2913 qui
623 2828 803 2892 infestissimi
825 2827 885 2912 lupi
907 2847 989 2894 marc
1013 2825 1090 2892 ovile
1113 2827 1235 2911 perdere

65 2930 261 3016 aggreditur.
307 2929 419 2996 Verum
436 2931 561 2996 obsecro
579 2941 607 2994 tc
627 2929 725 2996 scribe
746 2929 782 2994 ad
799 2951 848 2994 mc*
871 2929 1112 3013 quemadmodum
1127 2930 1233 2996 aduer-

62 3055 123 3098 sus
140 3031 227 3098 illum
243 3051 290 3098 uae
310 3053 417 3117 gerere
433 3043 586 3118 oportent,
608 3053 643 3098 ac
664 3033 769 3118 quihus
785 3032 947 3097 rationibus
964 3033 1149 3118 perniciosae
1171 3034 1235 3096 eius

61 3136 233 3202 doctrinae
252 3137 406 3202 resistcre.
453 3132 539 3218 Quod
561 3135 587 3200 si
605 3135 708 3200 venire
726 3136 791 3221 ipse
814 3135 998 3220 dignaberis,
1021 3131 1135 3202 Christi
1157 3136 1236 3200 ovile

58 3257 260 3324 gregemque
286 3237 321 3302 ah
345 3238 424 3302 omui
441 3237 637 3303 sollicitudine
656 3237 806 3303 liberabis.
852 3237 1018 3302 Archelaus
1041 3238 1085 3301 his
1107 3237 1235 3322 acceptis

57 3341 174 3408 literis
190 3340 265 3404 duos
283 3341 318 3404 ad
337 3361 404 3406 eum
421 3340 511 3406 libros
524 3340 628 3419 mittit,
653 3362 727 3424 quos
742 3341 773 3406 in
791 3350 926 3427 promptu
944 3339 1087 3424 facileque
1103 3359 1237 3425 compre-

55 3445 241 3522 benderct,
264 3453 367 3511 contra
381 3441 503 3508 Manem
520 3442 715 3528 conscriptos.
763 3439 904 3508 Ceterum
923 3453 956 3506 ul
972 3443 1130 3507 adrentum
1151 3463 1235 3509 suum

53 3545 313 3634 praestolaretur
331 3546 493 3610 admonuit.
540 3541 660 3609 lntcrim
677 3543 787 3611 Manes
804 3544 929 3610 medium
947 3543 977 3607 in
996 3565 1101 3629 pagum
1122 3563 1235 3608 summo

50 3647 208 3716 diluculo
233 3648 371 3733 prodicus
389 3647 581 3735 Tryphonem
601 3647 637 3712 ad
661 3648 863 3734 disputandum
887 3656 1040 3733 provocet.
1087 3645 1235 3730 Quicum

46 3879 189 3930 chelm!
203 3871 263 3922 coto
276 3874 302 3923 a'n
315 3874 379 3924 lctis
392 3873 499 3924 Archelai
511 3869 587 3935 solid.
604 3871 641 3923 ed-
676 3871 758 3922 lutare
766 3870 901 3921 Monetam.
928 3873 1031 3922 ceterum
1046 3870 1141 3919 illorum
1154 3861 1236 3933 λόγων

48 3949 118 3998 Zac.
496 3958 501 3967 ·
674 3943 705 3989 eb
713 3941 826 3991 Archelao
834 3940 952 4002 Tryphoni
960 3941 1084 3989 columem
1097 3938 1236 3986 nodamen-

88 4013 122 4066 2.
150 4003 238 4063 αὐτοῦ
255 4010 349 4072 seph,
366 4001 450 4061 adadu
466 4009 524 4059 editi
540 4011 599 4059 libri.
675 4011 707 4058 llo
724 4009 750 4070 fit
768 4009 792 4057 in
807 4007 870 4057 dctis
884 4009 1000 4057 Archelai.

86 4083 119 4136 3.
130 4071 642 4146 mmmnxmntnpcccnnpttdop.
709 4073 735 4126 l.
753 4069 832 4134 αὐτὸς
847 4070 1004 4136 ονναὶξασθαι
1023 4075 1132 4135 rcenlpct
1149 4085 1194 4134 pre
1210 4086 1237 4122 cc

43 4151 194 4204 Paconius
209 4149 332 4196 condecit
345 4147 369 4196 a'n
383 4159 460 4210 mcrp.
479 4143 558 4204 „Vitii
576 4161 642 4196 norr-
675 4144 738 4208 quad
753 4143 824 4206 vulpe
839 4146 865 4192 ln
881 4144 947 4192 libris
966 4147 1030 4192 celat
1051 4139 1129 4210 ἐντῷ
1148 4135 1237 4206 subdc-

42 4217 123 4274 nihil
142 4213 243 4266 subest
256 4212 314 4262 haic
328 4211 413 4264 locc.“
450 4215 643 4264 comaclensem·
677 4209 784 4272 ξασθαι,
809 4211 872 4273 quod
890 4211 1018 4260 Cornelius
1040 4209 1237 4272 morereretur

40 4296 87 4353 cst,
110 4281 202 4338 misit
220 4279 284 4331 duos
299 4281 376 4332 libros
392 4297 513 4349 perquer
530 4297 560 4330 ex
576 4279 643 4331 facili
675 4283 790 4330 daleelmn
804 4281 929 4342 thecuae
964 4279 1045 4340 tene,
1062 4291 1118 4328 cram
1134 4275 1188 4346 ipae
1204 4275 1238 4326 ad

40 4355 132 4409 Mani
157 4347 304 4403 resiiteret.
339 4352 437 4402 Gerreci
451 4347 494 4403 τόν
502 4345 601 4416 Μάνην,
618 4352 645 4398 ul
678 4345 890 4414 congrediendum
907 4354 1095 4413 provocaretur.

37 4437 147 4482 mue
172 4421 209 4472 sil
227 4433 273 4484 per
290 4433 352 4484 quos
370 4413 444 4468 facile
461 4416 566 4470 haberet
580 4433 644 4468 con-
711 4417 735 4468 b.
752 4413 935 4482 προκαλεῖσθαι
951 4415 987 4465 ed.
1004 4415 1085 4466 Peleu.

107 4499 450 4558 &murcomannus
992 4504 1032 4566 27
