3116 4934
322 207 384 270 200
746 211 868 264 SANGTI
886 212 1055 264 ΕΡΙΡΗΔΝΙΙ

323 335 462 419 κρινέτω·
487 337 604 419 Χριστῷ
618 328 675 416 γάρ
694 330 789 395 ἐσθίει
803 331 854 396 καὶ
870 332 955 394 πίνει.
1001 329 1062 394 Καί
1076 324 1149 416 όρᾷς
1164 330 1233 411 μίαν
1248 323 1407 410 όμόνοιαν,
1428 328 1476 392 καί

324 441 394 521 μίαν
409 438 521 513 ἐλπίδα,
543 435 594 498 καί
608 437 678 515 μίαν
693 435 789 496 πίστιν
805 433 836 496 ἐν
849 457 885 522 τη
901 434 1050 519 ἐκκλησίᾳ,
1072 429 1185 520 ἑκάστῳ
1199 431 1390 516 χαριζομένην
1404 427 1474 494 κατά

203 563 254 608 1¹⁸!-
268 551 312 596 Μ
327 537 381 622 τήν
400 541 479 604 ίδίαν
494 535 622 619 δύναμιν
640 535 691 600 καί
709 531 781 616 μετά
797 531 849 598 τόν
871 537 947 600 ἴδιον
967 532 1069 620 άγάνα
1085 541 1137 602 τοῦ
1152 531 1295 616 καμάτου.
1330 529 1434 596 Ἕοικε
1449 532 1478 596 δὲ

326 623 430 728 ἦάγία
446 645 524 706 θεοῦ
542 645 617 704 θεοῦ
634 639 771 719 ἐκκλησία
789 641 846 719 νηΐ.
891 643 979 713 Ναῦς
994 637 1026 702 δὲ
1045 633 1100 702 οὐκ
1121 632 1182 703 άπό
1204 632 1271 711 ἑνός
1292 635 1383 712 ξύλου
1409 631 1478 718 ’άρ-

326 743 461 828 μόζεται,
492 737 551 806 άλλ’
575 742 609 806 ἐκ
635 737 798 822 διαφόρων.
845 740 904 804 Καὶ
927 736 981 821 τὴν
1004 738 1057 821 μὲν
1083 737 1188 823 τρόπιν
1217 734 1278 805 άπό
1300 738 1367 814 ἑνός
1393 737 1479 816 ξύλου

326 847 479 928 κίκτηται,
501 841 574 911 άλάά
591 839 627 908 ού
649 839 831 924 μονοβόλως·
860 839 914 918 τάς
934 843 967 906 δὲ
983 837 1116 926 άγκύρας
1139 841 1262 926 ἱτέρων,
1285 839 1480 926 θπεριτόναιά

326 948 424 1014 τεκαὶ
443 949 579 1024 σανίδας,
600 946 652 1009 καί
671 942 731 1008 θεά
749 945 891 1029 ἐγκοίλια,
913 941 1034 1026 στόματά
1049 968 1080 1008 τε
1095 945 1145 1008 καί
1165 945 1239 1026 μέρη
1257 941 1419 1026 θπρύμνης
1434 945 1481 1008 καὶ

328 1055 432 1132 τοίχων
449 1048 501 1114 καί
518 1045 711 1132 ζυγωμάτων,
735 1049 859 1112 7ίστίων
874 1069 904 1110 τε
920 1047 970 1112 καλ
987 1049 1154 1128 πηδαλίων,
1179 1042 1299 1111 8όκνῶν
1314 1070 1344 1110 τε
1361 1047 1414 1110 καί
1433 1041 1481 1110 αό-

327 1156 446 1235 χενίων,
474 1148 587 1216 οἰάκων
604 1175 633 1214 τε
651 1150 702 1214 καί
723 1154 782 1212 τῶν
800 1145 894 1214 ἄλλων
913 1147 1050 1228 πάντων,
1079 1151 1112 1214 ἐκ
1136 1146 1291 1232 διαφόρων
1311 1145 1409 1225 ξύλων
1430 1151 1483 1230 ἔχει

328 1251 383 1337 την
398 1249 580 1338 συναγωγήν.
622 1248 747 1333 Ἑκάστη
766 1250 797 1315 δέ
814 1247 927 1316 τούτων
940 1257 1000 1316 τῶν
1016 1251 1157 1336 αἱρέσεων
1172 1247 1333 1333 μονόξυλός
1348 1275 1394 1326 τις
1410 1241 1483 1316 οὖσα

331 1354 408 1422 οτόν
430 1361 599 1440 χαρακτῆρα
624 1360 677 1435 τῆς
697 1355 851 1434 ἐκκλησίας
873 1350 926 1436 οὐχ
942 1351 1118 1434 βποφαίνει.
1160 1349 1199 1418 Ἡ
1217 1353 1250 1418 δέ
1273 1349 1341 1438 άγία
1364 1357 1484 1418 ιοθεού

328 1461 466 1539 ἐκκλησία
484 1460 540 1540 ἔχει
557 1456 610 1540 μὲν
625 1453 721 1541 γάμον
739 1454 856 1538 σεμνάν,
878 1457 929 1520 καί
946 1462 1015 1545 τιμᾷ
1031 1453 1085 1522 τόν
1101 1461 1251 1534 τοιοῦτον,
1274 1454 1376 1538 ἐπειδὴ
1391 1459 1485 1538 τίμιος

330 1557 348 1626 ά
361 1557 466 1646 γάμος,
488 1561 540 1624 καί
555 1555 575 1642 ἡ
591 1563 675 1640 κοίτη
689 1555 839 1640 άμίαντος.
875 1555 954 1641 Ἔχει
969 1558 1138 1644 ἐγκράτειαν
1152 1557 1413 1640 θαυμασιωτάτην,
1437 1557 1485 1622 καί

331 1665 446 1730 ἐπαινεῖ
458 1659 513 1744 τήν
528 1659 685 1743 τοιαύτην,
708 1658 810 1743 ἐπειδὴ
824 1657 925 1746 άγάνα
941 1657 1124 1747 άγωνίζεται,
1145 1661 1197 1725 καί
1215 1658 1419 1744 κατεφρόνησε
1435 1667 1486 1724 τοῦ

296 1773 298 1778 ’
328 1770 416 1849 βίου,
439 1761 480 1840 νίς
502 1765 543 1830 ἐτι
567 1763 761 1848 δυνατωτέρα.
796 1760 878 1846 Ἔχει
899 1763 931 1828 δὲ
950 1767 1130 1848 παρθενίαν,
1152 1763 1203 1828 καί
1221 1759 1413 1848 ύπερδοξάξετ
1435 1759 1486 1844 την

329 1865 470 1948 τοιαύτην
488 1864 627 1952 ἐνάρετόν
648 1891 715 1930 τινα
735 1857 846 1944 οὖσαν,
867 1867 917 1930 καί
940 1874 1040 1953 τττεριβΙ
1060 1863 1237 1954 κουφοτάτῳ
1254 1866 1487 1948 κεκοσμημένην.

330 1967 411 2052 Ἔχει
438 1966 680 2051 άποταξαμίνους
701 1974 744 2056 τῷ
767 1965 886 2056 κόσμῳ,
915 1971 965 2034 καί
988 1967 1029 2052 μή
1053 1969 1313 2051 πεφυσιασμίνους
1333 1964 1409 2034 κατά
1431 1973 1488 2032 τοῖν

331 2073 374 2137 ἐτι
395 2072 426 2134 ἐν
443 2068 546 2158 κόσμῳ
564 2066 774 2155 ὑπαρχόντων,
798 2067 868 2135 άλλά
889 2076 1044 2156 χαίροντας
1060 2079 1123 2146 τοῖς
1139 2070 1293 2148 τοιούτοις.
1338 2068 1488 2152 Καθάπερ

332 2173 382 2240 καί
400 2175 429 2238 οί
445 2169 604 2238 άπόστολοι
621 2169 706 2238 αιίτολ
725 2173 777 2253 μέν
792 2170 955 2256 άκτημονες
971 2171 1160 2258 ύπάρχοντες,
1181 2175 1233 2238 καί
1247 2171 1337 2250 αάτός
1352 2169 1371 2238 ό
1388 2171 1489 2254 σωτὴρ

333 2273 453 2342 πάντων
470 2271 614 2356 δεσπότης
633 2273 689 2353 άν,
712 2275 744 2338 ἐν
763 2276 851 2360 σαρκί
872 2275 1044 2362 γενόμενος,
1066 2273 1155 2342 οὐδὲν
1179 2273 1239 2341 άπδ
1254 2283 1307 2358 τῆς
1328 2283 1383 2361 γῆς
1405 2271 1489 2354 ἐκτη-

332 2399 420 2458 σατο,
444 2373 503 2443 άλλ’
520 2373 574 2443 οάκ
596 2373 757 2463 άπεβάλετο
778 2375 831 2454 τάς
847 2376 938 2444 αὐτοῦ
954 2404 984 2444 τε
1000 2381 1052 2444 καί
1074 2387 1137 2455 τοῖς
1151 2375 1245 2444 αάτοῦ
1260 2385 1412 2460 μαθηταῖς
1427 2380 1489 2442 δια-

332 2480 480 2557 κονούσας
499 2489 651 2566 γυναῖκας.
694 2481 783 2566 Λέγει
801 2477 873 2566 γάρ,
894 2483 1015 2556 ΙΑίτινες
1031 2477 1241 2564 ἠκολούθησαν
1257 2478 1337 2570 αύτῷ
1354 2477 1414 2545 άπό
1438 2485 1491 2560 τῆς

334 2589 505 2663 Γαλιλαίας,
535 2587 728 2649 διακονοῦσαι
756 2580 854 2672 αύτῷ,
883 2585 934 2648 καί
955 2592 1018 2658 τοῖς
1040 2581 1099 2666 μετ’
1126 2580 1219 2649 αὐτοῦ
1240 2579 1299 2648 άπδ
1322 2589 1383 2649 τάν
1406 2585 1490 2648 mov

333 2681 536 2773 άπαρχόντων.

198 3015 265 3084 Κεφ,
276 3015 309 3070 6¹.
400 2989 488 3058 Ἐπεὶ
504 2999 570 3068 πῶς
586 2989 644 3074 ίίρα
660 2990 889 3078 πληρωθήσεται
900 2991 933 3060 τό
951 2995 1113 3082 είρημένον,
1129 3001 1221 3060 Δεῦτε
1232 2997 1265 3060 ἐκ
1277 2997 1380 3076 δεξιάν
1392 3019 1453 3078 μου
1463 2995 1496 3058 οί

335 3093 535 3180 εὐλογημένοι,
555 3091 603 3170 οίς
615 3091 634 3161 ό
647 3093 744 3182 πατήρ
757 3121 816 3178 μου
827 3093 846 3162 ό
857 3093 999 3182 οὐράνιος
1010 3099 1097 3163 ἐθετο
1110 3097 1164 3180 τήν
1175 3101 1322 3182 βασιλείαν
1332 3095 1493 3183 πρόκακα·

338 3203 429 3282 βολῆς
441 3199 570 3281 κόσμους
586 3199 725 3263 ἐπείνασα
736 3195 802 3283 γάρ,
815 3200 867 3263 καί
878 3197 1006 3266 ἐδείκατέ
1016 3225 1068 3283 μοι
1078 3209 1194 3287 φαγεῖν,
1207 3203 1346 3284 ἐδίψησα,
1360 3201 1413 3265 καλ
1423 3203 1493 3266 ἐπο-

336 3301 434 3367 τίσατέ
443 3325 488 3383 με,
509 3307 519 3344 ¹
533 3301 626 3380 [ξένος
636 3297 725 3382 ἤμην,
741 3302 792 3365 καί
804 3300 1045 3388 συνηγάγετέμε,]
1060 3303 1181 3390 γυμνός,
1197 3306 1247 3369 καί
1257 3301 1442 3389 περιεβάλετέ
1451 3325 1495 3384 με.

339 3401 446 3470 Πόθεν
461 3403 493 3467 δέ
507 3393 592 3468 οὗτοι
607 3409 699 3466 ταῦτα
712 3401 790 3486 είχον
804 3402 952 3490 πράττειν,
976 3409 1003 3472 εί
1014 3405 1055 3490 μή
1071 3404 1130 3472 άπό
1146 3410 1268 3472 δικαίων
1282 3404 1385 3472 πόνων
1399 3405 1494 3471 ἐπετί-

335 3515 418 3588 λουν,
433 3507 484 3572 καί
500 3501 559 3570 άπό
577 3511 638 3570 ταῖν
649 3508 733 3570 ἰδίων
747 3501 904 3591 ύπάρξεων
918 3510 950 3574 ἐν
963 3516 1000 3599 τῇ
1012 3508 1186 3600 δικαιοσύνη
1194 3537 1204 3587 ,·
1228 3511 1288 3574 Καὶ
1301 3511 1328 3574 εί
1340 3509 1394 3591 μὲν
1409 3505 1494 3573 αύτοί

337 3607 555 3693 άποταξάμενοι
571 3608 621 3672 καί
639 3604 833 3675 άποστολικδν
849 3614 917 3694 βίον
932 3616 1066 3696 βιοῦντες
1082 3609 1152 3696 μετά
1169 3618 1229 3676 τοῖν
1243 3608 1338 3678 άλλων
1354 3603 1432 3694 ἦσαν
1446 3637 1493 3694 με·

338 3719 482 3802 μιγμένοι,
497 3722 554 3790 οὐκ
566 3702 762 3796 ἇίλόῑρίοςῆν
773 3708 791 3776 δ
801 3712 958 3798 χαρακτήρ,
971 3713 1040 3781 οὔτε
1049 3712 1108 3780 άπδ
1121 3721 1175 3798 τῆς
1184 3720 1238 3780 τοῦ
1249 3721 1327 3780 θεοῦ
1336 3713 1497 3792 διατάξεως

337 3815 572 3909 άπεξενωμίνος·
592 3831 643 3894 καί
656 3825 683 3886 εί
694 3815 828 3908 γυναιξίν
839 3814 1019 3896 άπετάξαντο
1031 3815 1069 3884 δι’
1079 3816 1258 3904 ἐγκράτειαν,
1275 3815 1415 3900 ἐπαινετὴ
1427 3809 1497 3900 ἦνῆ

217 3961 269 4008 τις.
281 3952 327 3998 σω.
341 3932 551 4015 προειρημένη,
574 3935 655 4017 είπερ
668 3929 721 3997 τόν
735 3926 831 4017 γάμον
841 3919 897 3988 οιίκ
912 3920 1136 4008 ἐβδελόσσοντο·
1159 3917 1230 3986 άλλά
1239 3927 1302 3996 τοῖς
1312 3921 1356 3986 ἐτι
1367 3921 1399 3986 ἐν
1411 3917 1495 4008 γάμμ

371 4117 397 4169 2.
415 4122 459 4172 τοῦ
477 4137 523 4174 σπι.
542 4125 594 4174 ωδ.
611 4125 666 4173 Van.
934 4114 993 4183 καὶ,
1018 4115 1118 4176 vestigia
1132 4114 1185 4166 ιοδ.
1202 4114 1295 4174 λ’τκειί,
1316 4115 1416 4174 opums,
1432 4125 1496 4162 τεττι-

371 4183 396 4236 3.
415 4187 581 4257 σκευάζεται,
598 4186 662 4244 άλλά
680 4191 731 4242 cod.
749 4191 825 4240 Venet.
933 4191 986 4246 ίυε,
1003 4185 1028 4233 in
1043 4197 1088 4244 ρυο
1105 4177 1236 4243 κερδαντὰ
1253 4175 1357 4245 ἐγκοίλια
1374 4179 1434 4247 (sie)
1451 4177 1496 4231 σά-

372 4249 397 4306 4.
414 4257 479 4306 Libri
493 4263 562 4324 υιιίρο
577 4257 717 4325 περιεόντα,
734 4261 771 4308 ντί
786 4255 900 4320 περιττό-
935 4269 1003 4320 ματα
1026 4250 1084 4316 (εἰσ)
1108 4247 1137 4300 τὲ
1159 4249 1212 4301 καὶ.
1247 4247 1419 4332 Οοδηίλλιδίρ.
1443 4261 1497 4298 eum

338 4337 390 4374 νεα.
414 4325 500 4375 Pauus
514 4329 659 4380 Οιιοωοιλί
690 4327 731 4378 89.
750 4327 852 4386 explicat
868 4322 901 4377 τὰ
934 4323 1002 4372 edim
1017 4321 1084 4370 λσοεί
1100 4313 1133 4369 τά
1148 4315 1320 4383 ἐγκυλίομαεα
1334 4331 1364 4368 τε
1377 4315 1429 4368 καὶ
1451 4317 1497 4365 Pe·

339 4385 397 4454 περὶ
415 4385 462 4454 την
477 4391 589 4460 πρύμναι
606 4361 745 4464 προύχοντα
763 4385 833 4454 ξίλα.
934 4392 1012 4440 ίαυίιιι
1025 4387 1193 4448 εοερίααοαευε
1205 4379 1396 4452 τὰχιλιίσματά
1406 4399 1435 4437 τι
1445 4380 1497 4436 καὶ

373 4461 396 4514 θ.
416 4461 507 4528 scripsi
532 4458 565 4515 τὰ
586 4459 712 4533 ἐγκοίλια,
740 4455 850 4530 σάματά
873 4476 901 4514 τε
968 4455 993 4509 6-
1010 4453 1134 4522 προίμνηε
1149 4454 1200 4506 ενδ.
1217 4456 1292 4505 Venti·
