3168 4926
316 225 357 288 56
739 231 861 284 sitien
877 233 1048 286 nvivflffln

318 355 350 418 οέ
367 353 503 434 τέσσαρες
524 348 718 436 εὖαγγελισταί
737 347 904 429 ὀφείλοντες
919 349 1046 437 κηράξαι
1062 349 1188 436 εὕρωσιν
1206 355 1330 429 λκαστος
1343 357 1372 418 τί
1389 350 1474 437 ἐργά-

317 477 439 531 σωνται;
469 456 520 518 καί
538 451 574 516 τά
592 453 644 537 μέν
660 452 830 535 συμφάνως
854 456 927 520 Ικαί
939 458 1014 530 ίσως
1030 455 1216 540 κηρύξωσιν,
1246 461 1297 522 ἵνα
1316 461 1476 538 δειχθοδσιν

318 557 363 624 ὅτι
378 559 407 633 ἐξ
423 553 514 637 αὐτῆς
528 563 580 636 τῆς
593 561 690 639 πηγῆς
705 555 865 640 άρμηνται,
881 555 918 622 τά
932 558 965 622 δέ
978 557 1090 646 έκάσεςο
1108 561 1374 642 δπαραλειφθέντα
1389 557 1478 634 ἄλλος

322 658 526 744 έδιηγήσεται,
549 658 585 734 ὃς
601 662 684 741 έλαβε
699 657 781 740 παρά
796 667 850 726 τοῦ
864 658 1029 742 πνεύματος
1044 663 1133 744 μέρος
1149 671 1203 744 τῆς
1218 661 1389 747 άναλογίοςς
1442 667 1477 728 Τί

319 763 351 828 δέ
368 760 529 844 ποιήσομεν
547 765 713 826 Ματθοίου
731 762 784 843 μέν
799 761 995 846 κηρύττοντος
1011 766 1041 829 έν
1058 765 1199 847 Βηθλεέμ
1211 764 1265 849 τήν
1284 763 1414 847 Μαριάμ
1430 789 1477 849 γε·

319 866 498 952 γεννηκέναι,
519 861 596 928 ιιατά
609 863 662 939 τάς
675 861 744 948 παρ’
762 863 842 952 αὐτῷ
860 871 1058 951 γενεαλογίας,
1082 863 1141 933 άπδ
1157 865 1290 952 Ἀβραάμ
1308 870 1360 933 καί
1377 871 1477 951 Δαβίδ

318 966 372 1050 τήν
387 970 530 1050 ἐνσαρκον
551 973 684 1047 Χριστοῦ
700 973 883 1051 παρουσίαν,
907 965 947 1044 οἷς
963 967 1016 1052 οὐχ
1033 967 1196 1054 εὑρίσκεται
1214 967 1232 1035 ά
1248 969 1332 1056 άγιος
1346 969 1479 1054 Μάρκος

319 1077 410 1136 ταῦτα
425 1072 515 1154 λέγων
521 1119 530 1148 ,
562 1066 633 1134 iiii
652 1067 712 1134 άπά
731 1077 785 1152 τῆς
803 1073 834 1136 έν
850 1078 891 1159 τῷ
908 1069 1042 1162 Ἰορδάνη
1062 1077 1261 1157 πραγματείας
1276 1083 1406 1140 ποιεῖται
1423 1071 1479 1155 τήν

319 1171 480 1259 είςαγωγήν
494 1179 548 1236 τοῦ
563 1169 730 1257 εδαγγελίου
744 1177 794 1238 καί
809 1195 915 1256 φησιν·
937 1171 1025 1258 ’Λρχή
1038 1183 1093 1241 τοῦ
1108 1173 1293 1262 εὐαγγελίου,
1316 1173 1358 1252 τίς
1375 1177 1477 1261 γέγρα-

318 1301 388 1342 πται
410 1279 440 1340 ἐν
452 1273 556 1339 Ἡσαΐα
571 1281 612 1362 τῷ
629 1275 785 1365 προφήτῃ·
811 1275 903 1360 Φωνή
921 1282 1052 1360 βοῶντος
1069 1281 1101 1344 έν
1119 1286 1155 1368 τῇ
1171 1277 1285 1366 ἐρήμης
1322 1277 1409 1344 Οάτω
1425 1281 1478 1344 καί

319 1378 354 1444 τά
378 1385 418 1465 τῷ
442 1375 515 1465 άγίῳ
540 1373 662 1467 Ἰωάννῃ
684 1383 967 1466 πεπραγματευμένα
990 1383 1040 1446 καί
1063 1384 1095 1447 ἐν
1119 1379 1192 1469 άγίω
1215 1379 1360 1464 πνεύματι
1380 1379 1478 1464 ήσφα-

197 1481 199 1486 '
319 1483 438 1563 λισμένα
460 1479 513 1562 τήν
532 1485 677 1562 φροντίδα
694 1483 773 1565 ἔσχεν
795 1481 832 1548 οδ
853 1485 921 1568 περὶ
941 1489 1001 1548 τῶν
1021 1481 1077 1566 ήδη
1096 1488 1322 1569 κεκηρυγμένον
1337 1484 1478 1562 πολλάκις

320 1585 412 1668 μόνον
427 1585 528 1676 λέγειν,
551 1581 622 1648 άλλά
636 1586 702 1666 περί
717 1593 776 1650 τῶν
792 1584 961 1671 ἀναγκαίων
974 1583 1034 1652 άπδ
1052 1593 1112 1652 τῶν
1127 1585 1221 1652 άλλων
1235 1589 1277 1662 είς
1291 1585 1410 1654 έαάτδν
1425 1613 1477 1670 κη-

321 1686 477 1774 ρυγμάτων
490 1689 753 1768 καταλειφθέντων.
784 1685 886 1776 Ὴγάρ
900 1697 983 1755 πᾶσα
994 1696 1054 1755 τῶν
1067 1687 1243 1776 εδαγγελίων
1254 1685 1402 1767 άπόθεσις
1417 1717 1476 1758 τοι-

322 1799 410 1859 οῦτον
432 1786 488 1873 εἶχε
509 1788 628 1875 τρόπον.

407 2101 573 2164 Ματθαίου
595 2099 646 2181 μέν
666 2098 722 2184 γάρ
739 2099 933 2184 κεκηρνχότος
953 2097 1006 2165 τάν
1024 2098 1154 2186 Χριστδν
1172 2102 1353 2188 γεννηθέντα
1374 2105 1427 2167 καί
1446 2105 1481 2168 ἐκ

322 2200 488 2286 πνεύματος
503 2199 589 2288 άγίου
604 2204 819 2285 συλληφθέντα,
843 2206 875 2268 έπ
891 2205 1058 2287 σπέρματος
1073 2207 1171 2287 Δαβίδ
1184 2206 1236 2270 καί
1251 2201 1385 2288 Ἀβραάμ
1402 2205 1481 2270 κατά

323 2305 418 2391 σάρκα
439 2307 689 2386 οίκονομηθέντα,
719 2303 814 2388 πλάνη
836 2305 893 2370 τισί
915 2307 1066 2390 γεγένηται
1088 2317 1150 2383 τοῖς
1172 2306 1214 2390 μή
1236 2310 1410 2390 νενοηιιάσιν
1432 2306 1483 2384 (οδ

322 2417 375 2475 τοῦ
399 2407 567 2494 εὐαγγελίου
590 2410 686 2472 αίτίου
714 2406 825 2484 θάντος
849 2405 951 2484 αὐτοῖς
973 2411 1015 2485 είς
1038 2408 1071 2474 τά
1095 2417 1299 2492 πλανηθῆναι,
1332 2407 1405 2474 άλλά
1427 2417 1484 2492 τῆς

323 2511 420 2578 αὐτῶν
444 2515 575 2586 διανοίας
594 2512 827 2593 πεπλανημένης)
848 2513 890 2586 είς
907 2509 1090 2597 παράστασιν
1112 2519 1190 2594 θοῆς
1208 2514 1278 2596 περί
1297 2520 1359 2577 τοῖν
1380 2511 1483 2579 αὐτῶν

323 2619 525 2698 πληροφορίας
549 2611 586 2677 τά
614 2609 673 2679 άπδ
701 2621 755 2680 τοῦ
782 2612 950 2700 εὐαγγελίου
974 2621 1052 2704 κακή
1078 2613 1208 2703 άπονοίηι
1235 2617 1482 2698 ’ἐπινενοημένα

315 2716 425 2782 Ἔνθεν
446 2714 501 2801 γάρ
518 2717 556 2778 οί
574 2716 643 2798 περί
660 2714 816 2798 Κήρινθον
832 2719 882 2780 καί
900 2713 1027 2798 Ἐβίωνα
1044 2714 1134 2799 ψιλδν
1155 2715 1230 2784 ’τάν
1247 2716 1413 2802 άνθρωπον
1429 2745 1484 2783 κα-

322 2823 432 2902 τέσχον,
453 2819 505 2882 καί
520 2817 715 2901 9Μήρινθον,
737 2820 788 2884 καὶ
805 2817 960 2902 Κλεόβιον,
984 2823 1081 2884 είτουν
1097 2819 1294 2903 Κλεόβουλον,
1316 2821 1368 2886 καί
1381 2820 1485 2885 mai-

324 2925 405 3000 διον,
432 2922 484 2987 καί
503 2928 624 3002 Δημᾶν,
654 2921 704 2985 καί
724 2917 918 3008 Ἑρμογένην,
950 2920 1022 2998 τοδς
1044 2920 1255 3008 ἀγαπήσαντας
1275 2922 1327 2989 τάν
1350 2926 1485 2989 ἐνταῦθα

324 3027 434 3102 αίοῑνα,
463 3025 514 3088 καί
531 3027 761 3102 καταλείψαντας
777 3024 830 3106 τήν
849 3021 922 3090 όδδν
937 3032 991 3107 τῆς
1007 3021 1155 3107 άληθείας.
1200 3023 1484 3112 Ἀντιλεγοντεςγάρ

323 3137 385 3204 τοῖς
397 3133 452 3192 τοῦ
462 3130 568 3210 κυρίου
583 3135 733 3208 μαθηταῖς
746 3124 808 3192 κατ’
821 3129 914 3194 ἐκεῖνο
929 3136 1038 3213 καιροῦ
1052 3125 1111 3194 άπδ
1125 3135 1178 3212 τῆς
1193 3126 1269 3194 κατά
1281 3125 1334 3194 τάν
1347 3125 1484 3212 Ἀβραάμ

325 3233 375 3295 καί
393 3232 490 3313 Δαβίδ
509 3233 691 3315 γενεαλογίας
713 3227 769 3313 τήν
789 3226 888 3295 αὐτῶν
908 3228 1012 3297 άνοιαν
1027 3238 1173 3316 παριστάν
1192 3233 1366 3316 ἐπειρῶντο,
1400 3229 1485 3296 ιοοά

325 3340 421 3409 καλῶς
431 3333 483 3415 μέν
499 3332 638 3416 οἰόμενοι,
654 3331 729 3414 πλήν
743 3333 881 3398 ἐντεῦθεν
894 3331 948 3416 τήν
962 3333 1114 3418 πρόφασιν
1128 3333 1310 3417 θηρώμενοι.
1346 3331 1486 3400 ιιἈντε-

325 3438 441 3522 λέγοντο
456 3433 512 3521 γάρ
530 3435 669 3512 πολλάκις
685 3433 744 3500 ixi
764 3443 818 3501 τοῦ
835 3433 922 3520 άγίου
936 3434 1076 3502 Ἰωάννου
1094 3439 1145 3501 καί
1160 3444 1221 3501 τῶν
1238 3433 1312 3518 ἄμφ’
1334 3434 1484 3518 ηατίτὸυ,

206 3583 257 3630 1³⁸3·
270 3569 314 3616 m
329 3542 477 3617 Λευκίου,
498 3541 549 3603 καί
567 3536 659 3604 ἄλλων
673 3545 795 3604 πολλῶν.
842 3544 1063 3624 Παρατρίψασα
1078 3540 1111 3604 δέ
1126 3541 1232 3620 έαυτής
1247 3537 1281 3604 τά
1300 3538 1448 3623 μετοίκιον
1463 3537 1486 3624 ή

328 3641 516 3728 αἰναισχυντία
540 3644 673 3732 1θέαυτή
694 3641 770 3708 κακά
793 3641 1016 3709 ἐπισπάσασθαι
1037 3640 1270 3726 ἐφιλοτιμήσατο.

412 3846 521 3926 Εάθάς
543 3849 576 3914 δέ
596 3846 667 3932 μετά
687 3845 739 3914 τάν
759 3855 925 3916 Ματθαῖον
947 3846 1115 3924 άκάλουθος
1135 3844 1292 3934 γενόμενος
1313 3843 1332 3913 δ
1353 3844 1487 3932 Μάρκος

173 3961 191 4002 ⁸

365 4009 422 4060 (λετ.
436 4009 479 4058 Vi.
494 4035 529 4046 -
549 4007 568 4056 ί.
587 4003 630 4059 καλ
647 4021 692 4056 σοι.
708 4007 868 4072 ooi.flied1·9.
920 4007 1026 4056 mierum
1039 4009 1129 4055 τεουίαε
1140 4007 1200 4068 θμμ.
1211 4007 1276 4054 ciiii.
1284 4001 1417 4068 μ,809εη.,
1432 4021 1488 4056 υττ-

362 4077 386 4128 2
404 4073 598 4143 παραληφθέντα
614 4077 666 4124 iibri
682 4089 766 4126 omnes.
920 4077 954 4124 δίε
971 4069 1000 4126 οιί
1016 4075 1059 4125 τοῦ
1079 4067 1224 4138 εὐαγγελίου
1242 4099 1275 4110 -
1291 4072 1489 4139 πεπλανημένης

363 4146 388 4198 3.
406 4143 561 4210 διηγήοηται
574 4145 624 4194 coi.
639 4145 736 4208 Ιλίιοδίς.
762 4142 885 4212 διηγήοε-
917 4143 1050 4206 parenthesi
1072 4144 1175 4194 ίοοίνείε.
1210 4143 1317 4204 Alioquin
1340 4145 1488 4202 ιαλμείτειιιε

331 4233 372 4270 ται
387 4216 472 4276 reliqui
489 4215 549 4261 iibri.
921 4209 1119 4276 έπινενοημένης.
1158 4212 1256 4272 Ρείουὶο
1279 4211 1383 4259 nonnihil
1406 4211 1487 4260 δειεσε

363 4281 388 4336 4.
406 4277 481 4333 αὐτόν
499 4282 580 4340 scripsi
600 4295 653 4331 οαιιι
670 4281 773 4332 Ριίονίο.
919 4283 998 4329 visum
1015 4283 1053 4330 εεί.
1089 4281 1193 4328 σείονται
1210 4279 1278 4328 cosia.
1294 4279 1368 4327 λἐιιιί.
1385 4282 1406 4327 τί
1423 4279 1487 4328 θλι-

364 4353 388 4404 5.
407 4349 464 4400 θοαί.
481 4349 555 4398 vinei.
572 4363 616 4398 οτι.
634 4342 710 4409 ὄντος.
921 4349 970 4411 δίς.
986 4361 1030 4410 μευ
1046 4343 1222 4411 ἐπινενοημένα
1239 4347 1323 4397 habent
1338 4345 1486 4410 νενοημένα.

364 4417 388 4472 6.
405 4420 454 4482 τῆς
471 4431 515 4466 σοι.
533 4417 583 4464 οοιλ
601 4419 674 4467 Venti.
956 4417 980 4467 δ.
999 4409 1074 4467 αὐτὸν
1089 4427 1133 4476 μευ
1150 4411 1192 4467 τδν
1209 4415 1438 4464 συνίστανται

364 4487 388 4550 7,
405 4487 496 4539 θιίίπιιί
509 4489 607 4542 veterem
616 4489 763 4550 εοείμίντοιιτ,
775 4487 825 4551 εισ,
840 4487 889 4538 θα·
