3128 4930
310 217 353 281 θλ
734 231 857 284 amen
874 231 1044 284 εειεειεαα

315 347 408 430 μένου
422 347 493 412 νίου
509 347 594 422 ἐτους
613 348 747 430 πέμτττον
768 345 860 414 αῦτδν
878 346 1030 428 τάττουσι,
1057 355 1236 434 ηπαρῆλθε
1255 347 1310 426 τάς
1329 373 1468 436 προειρη-

313 449 405 530 μένας
421 445 563 526 ῦπατείας
579 451 756 517 εέκοσιεννέα
773 449 907 537 πλήρεις,
929 454 973 527 είς
993 452 1025 517 δέ
1046 451 1101 535 την
1121 450 1294 540 τριακοστόν
1314 449 1467 532 ῦπατείαν,

189 561 240 606 ¹²⁸8·
254 552 299 597 ¹⁴¹·
318 553 443 634 Ηφημλ
466 551 499 617 δὲ
523 553 590 638 περὶ
613 551 666 618 τόν
691 555 816 620 δέκατον
839 561 931 637 μῆνα,
960 546 1033 637 ἦλθε
1056 552 1133 640 πρδς
1155 553 1208 621 τόν
1230 552 1388 638 Ἰωάννην,
1418 557 1468 621 καλ

312 656 479 739 ἐβαπτίσθη
503 657 535 720 ἐν
557 662 598 744 τῷ
613 653 754 746 Ἰορδάνῃ
774 663 913 744 ποταμῷ,
940 663 1037 723 ιδτοῦ
1060 666 1235 742 τριακοστοῦ
1259 660 1344 733 ίτους
1373 664 1469 740 ιοτῆς

313 755 457 840 ἐνσάριιου
472 756 650 844 γεννήσεως,
672 759 803 824 τουτέστι
820 758 895 824 κατά
912 761 1097 846 Αἰγυπτίους
1110 758 1205 846 Ἀθῦρ
1224 759 1386 850 δωδεκάτῃ,
1408 758 1467 846 πρό

308 863 343 937 ἐξ
367 863 454 926 είδολν
478 864 715 946 17Νοεμβρίων,
742 859 817 926 κατά
840 857 977 944 Έλληνας
998 867 1076 932 Δίου
1090 859 1129 946 η’,
1158 861 1233 929 κατά
1256 868 1468 946 Σαλαμινίους,

311 959 381 1038 τοῦς
403 964 454 1028 ιιαλ
477 967 748 1042 Κωνστοιντιαίους,
777 966 878 1046 τρίτου
898 963 994 1030 Χοιάιτ
1014 963 1052 1044 ς’,
1078 965 1153 1031 κατά
1173 970 1317 1048 Παφίους
1336 963 1468 1031 ¹⁸’Am-

312 1071 433 1150 χονικοῦ
456 1064 510 1146 ις’,
539 1063 614 1132 κατά
631 1062 765 1151 ’Ἄραβας
792 1062 1073 1152 19Ἀχχαλθαβαελθ
1095 1066 1159 1152 τό,
1187 1068 1262 1135 κατά
1285 1065 1469 1143 Μακεδόνας

310 1165 481 1234 Ἀπελλαίου
505 1166 558 1248 ις’,
592 1165 666 1233 κατά
694 1167 903 1245 Καππαδόκας
930 1168 1073 1255 Ἀρατατοῖ
1097 1169 1144 1251 ιε’,
1183 1169 1258 1237 κατά
1287 1168 1469 1253 Ἀθηναίους

312 1277 617 1362 ὀ,λλλεταχειτνιιῦνος
637 1268 766 1353 ἑβδόμη,
788 1269 864 1336 κατά
884 1268 1042 1357 Ἑβραίους
1062 1272 1247 1358 Μαρεσουάν
1269 1272 1397 1356 ἑβδόμη·
1427 1269 1469 1349 νίς

311 1375 505 1460 ἐπιμαρτυρεῖ
518 1399 578 1454 μου
597 1381 639 1461 τῷ
661 1371 738 1462 λόχῳ
760 1373 793 1439 τό
816 1373 902 1461 άχιον
920 1373 996 1440 κατά
1012 1383 1140 1441 Λουκᾶν
1154 1374 1337 1462 εῦαχχίλιον,
1363 1382 1398 1422 ²1
1409 1367 1469 1440 άδέ

309 1503 375 1552 πως
390 1477 488 1562 λέγον·
505 1467 562 1540 Ἦν
577 1477 609 1542 δὲ
624 1474 744 1558 Ἰησοῦς
760 1473 921 1562 ἀρχόμενος
938 1484 976 1526 ²²
986 1476 1053 1555 οίςελ
1069 1481 1142 1544 ἐτοῖν
1155 1478 1321 1562 τριάκοντα,
1344 1475 1388 1543 τόν
1402 1475 1469 1553 υίός

228 1573 232 1584 ’
312 1575 353 1654 τίς
368 1581 513 1661 ἐνομίζετο
531 1585 567 1624 ²³
578 1573 654 1644 είναι
670 1585 724 1644 τοῦ
740 1576 865 1662 Ἰωσήφ.
899 1583 958 1645 Καὶ
976 1578 1158 1646 α’πεντεῦθεν
1175 1579 1234 1647 άπό
1250 1578 1346 1664 Ἀθῦρ
1365 1583 1468 1646 Μδια-

311 1681 436 1764 δεκάτης
453 1680 651 1766 κηρύττοντος
669 1678 762 1746 αῦτοῦ
783 1680 835 1746 τδν
858 1681 961 1748 δεκτδν
984 1682 1118 1750 ἐνιαυτόν
1137 1688 1257 1768 κυρίου,
1280 1680 1355 1748 κατά
1376 1679 1413 1746 τά
1436 1683 1469 1747 ἐν

311 1791 353 1873 τῷ
372 1784 513 1874 προφήτῃ
534 1781 646 1872 Ἡσαΐᾳ
667 1787 865 1869 προειρημένα
886 1783 948 1864 δ’τι,
985 1791 1110 1868 Πνεῦμα
1133 1791 1240 1871 κυρίου
1267 1782 1312 1850 ἐπ’
1335 1785 1401 1867 ἐμέ,
1431 1775 1468 1849 οῦ

262 1970 264 1974 Ι
312 1891 422 1954 ι’ίνεκεν
446 1889 540 1970 ἐχρισέ
568 1911 619 1969 με,
650 1884 892 1973 εόοχχελίσασθαι
921 1897 1048 1971 πτωχοῖς
1073 1886 1234 1954 άπέσταλκέ
1261 1913 1312 1971 με,
1343 1885 1468 1972 κυρόξαι

312 1989 506 2073 αἰχμαλώτοις
527 1987 634 2069 ῦφεσιν
651 1990 700 2054 καί
720 1998 843 2071 τυφλοῖς
862 1988 1043 2077 άνάβλεψιν,
1064 1991 1188 2077 κηρῦξαι
1205 1987 1340 2058 ἐνιαυτόν
1360 1994 1469 2076 κυρίου

312 2091 416 2159 δεκτδν
437 2095 488 2158 καί
508 2089 621 2178 η’μέραν
644 2091 924 2169 Μάνταποδόσεως.

174 2194 299 2268 1⁵9³&-
394 2192 446 2272 Ὡς
462 2194 582 2280 άληθοῖς
604 2196 681 2280 ιγάρ
703 2195 844 2280 ἐκήρυξεν
858 2193 994 2262 ἐνιαυτόν
1012 2195 1157 2274 Ξδεκτόν,
1179 2197 1309 2262 τοντίστι
1328 2192 1371 2278 μὴ
1388 2191 1468 2260 άντι-

310 2296 474 2386 λεχόμενον.
523 2297 582 2364 Τόν
600 2296 655 2386 γάρ
674 2305 793 2383 πρῦτον
812 2296 949 2364 ἐνιαυτόν
971 2297 1043 2381 μετά
1064 2297 1238 2383 τριακοστόν
1261 2300 1326 2374 ἔτος
1344 2304 1399 2379 τῆς
1415 2295 1466 2362 αῦ-

310 2409 364 2468 τοῦ
381 2401 528 2488 ἐνσάρκου
545 2405 710 2487 παρουσίας
725 2399 883 2486 ἐκήρυσσε,
907 2405 959 2467 ιιάί
978 2400 1086 2478 πάντες
1108 2402 1309 2484 κατεδέχοντο,
1332 2401 1384 2463 καλ
1400 2398 1469 2464 οῦτε
1552 2413 1553 2416 ’

309 2502 455 2572 Ἰουδαῖοι
471 2504 637 2591 οίντίλεχον,
659 2503 727 2571 οῦτε
743 2507 834 2586 ίθνη,
857 2501 925 2569 οῦτε
938 2511 1136 2588 Σαμαρεῖται,
1158 2501 1229 2568 άλλοί
1247 2503 1354 2579 πάντες
1372 2502 1470 2588 ἡδέως

311 2606 424 2690 ἤκουον
438 2606 540 2674 αότοῦ.
569 2607 626 2672 Ἐν
642 2599 666 2696 ηδ
681 2609 806 2696 ἐνιαυτῷ
821 2604 930 2672 άνεισιν
945 2610 987 2682 είς
1000 2603 1204 2692 Ἰεροσόλυμα,
1227 2604 1298 2689 μετά
1311 2604 1345 2671 ιδ
1361 2611 1469 2689 βαπτι·

185 2755 213 2774 .-
312 2717 426 2792 σθῆναι
449 2714 500 2776 καλ
519 2713 647 2775 διελθεῖν
669 2707 723 2784 τάς
745 2708 962 2791 τεσσαράκοντα
983 2707 1093 2794 ἡμέρας
1110 2717 1164 2775 τοῦ
1187 2715 1367 2794 πειρασμοῦ,
1393 2712 1472 2775 8παλ

314 2812 350 2887 δίς
368 2817 551 2896 προείπαμεν
572 2815 664 2878 είκοσι
689 2814 745 2887 ἕως
763 2820 816 2878 τοῦ
838 2809 959 2896 πράσου
975 2816 1114 2894 σημείου,
1135 2814 1187 2878 καὶ
1204 2813 1377 2889 ἐκλέξασθαι
1397 2811 1472 2888 τοῦς

313 2915 422 2984 ἑαυτοῦ
448 2915 599 2998 μαθητάς·
630 2913 812 2996 άνακάμψας
832 2912 891 2978 άπό
908 2919 963 2978 τοῦ
981 2919 1146 2999 πειρασμοῦ
1163 2917 1213 2981 ἐπὶ
1229 2912 1282 2979 τόν
1295 2912 1470 2997 Ἰορδάνην,

312 3019 364 3082 ιιαλ
388 3016 515 3082 διελθοίν
532 3019 608 3082 4ἐπί
624 3025 677 3100 τῆς
698 3015 853 3098 θαλάσσης
875 3022 929 3097 τῆς
950 3016 1138 3100 Τιβεριάδος,
1161 3019 1211 3082 ἐπὶ
1232 3015 1286 3100 την
1306 3019 1471 3102 magnei:

315 3119 532 3204 πορευόμενος,
555 3118 646 3202 α’νέβη
663 3118 805 3204 δηλονότι
815 3121 857 3194 εἰς
870 3115 1073 3204 Ἰερουσαλήμ.
1115 3121 1179 3184 Καὶ
1194 3122 1226 3185 ἐν
1242 3121 1321 3208 μέσφ
1336 3127 1390 3201 τῆς
1405 3123 1469 3206 ἒορ-

313 3231 366 3304 τῖχς
381 3225 518 3308 ἐκέκροχε
532 3226 638 3308 λέγων,
662 3226 707 3288 Εἴ
717 3249 762 3298 τις
776 3225 869 3309 διψᾷ,
892 3223 1024 3304 ἐρχέσθω
1041 3219 1117 3306 πρός
1134 3247 1184 3304 με,
1206 3223 1254 3287 καί
1272 3224 1395 3287 πινίτω·
1417 3225 1470 3287 καί

313 3325 409 3401 οῦτως
431 3325 565 3409 άπῆλθεν
584 3331 626 3403 είς
646 3326 794 3407 Ναζαρὲτ,
817 3326 869 3389 καί
889 3325 930 3399 εές
950 3323 1005 3407 τήν
1025 3321 1192 3404 Ἰουδαίαν,
1214 3327 1264 3389 καί
1285 3327 1350 3402 θείς
1364 3323 1470 3406 Σαμά-

315 3453 407 3514 ρειαν,
430 3432 479 3494 καί
497 3433 538 3505 είς
553 3428 588 3494 τά
604 3431 677 3512 μέρη
694 3427 800 3510 Ἰῦρου.
836 3428 897 3490 Καὶ
913 3427 1121 3511 πληρωθέντος
1138 3433 1216 3492 ίιοῦ
1232 3426 1353 3513 πράσου
1368 3430 1469 3492 ἐνιαυ-

314 3539 367 3597 τοῦ
386 3531 476 3596 πάλιν
499 3530 610 3596 άνεισιν
633 3535 675 3606 είς
691 3527 898 3612 Ἱεροσόλυμα,
920 3531 969 3594 καί
989 3528 1093 3594 λοιπόν
1112 3528 1232 3612 ἐζήτουν
1252 3529 1345 3595 αῦιδν
1365 3529 1472 3595 πιάσαι

313 3638 345 3700 ἐν
365 3643 401 3725 τῇ
423 3638 525 3724 ἑορτῇ,
553 3637 602 3698 καί
626 3635 832 3716 ἐφοβήθησαν.
876 3629 932 3694 Ἐν
952 3624 970 3720 ᾗ
988 3634 1073 3721 ἑορτῇ
1092 3634 1186 3718 ἔλεγεν
1202 3631 1262 3712 ότι,
1288 3630 1379 3697 8οῦκ
1397 3630 1469 3696 άνα-

313 3741 404 3819 βαίνω
424 3741 465 3814 τίς
486 3735 540 3818 τήν
554 3735 660 3819 ἑορτὴν
677 3734 794 3816 ταύτην.
841 3730 887 3797 Οό
901 3731 957 3818 γάρ
973 3735 1131 3813 ἐψεύδετο,
1155 3733 1195 3816 μή
1210 3736 1331 3820 χένοιτο.
1378 3741 1469 3800 οΜε·

314 3840 423 3922 σοόσης
441 3839 495 3927 γάρ
513 3847 566 3922 τῆς
583 3841 686 3922 ἕορεῆς
701 3830 792 3918 ἦλθε,
815 3838 906 3918 φησὶ,
929 3839 979 3901 καί
999 3834 1090 3920 άνίβη
1108 3838 1150 3913 είς
1163 3833 1361 3923 Ἰεροσόλυμα.
1409 3840 1470 3902 Καὶ

333 4065 371 4119 13.
385 4066 503 4130 παρῆλθε
519 4054 561 4118 οῦν
573 4060 620 4122 τοῖς
638 4067 689 4114 ωδ.
706 4067 759 4115 Vm.
942 4061 981 4112 19.
998 4057 1033 4128 οἷγ
1052 4060 1194 4131 αδαλβαελδ
1219 4063 1270 4113 cod.
1287 4063 1385 4126 λλλιδῖρ.
1422 4057 1469 4131 α’γ-

333 4134 370 4186 λλ.
391 4132 456 4196 λέγω
473 4137 523 4183 cod.
542 4137 597 4182 Vm.
907 4080 1070 4200 γαδααβαελσ
1087 4135 1138 4181 cod.
1157 4133 1209 4181 λιιι.

333 4203 372 4252 λὸ.
390 4199 427 4264 τῷ
444 4201 584 4266 τριακοστῷ
604 4198 655 4253 ἐτει
672 4203 723 4252 cod.
742 4204 797 4252 Vm.
941 4205 982 4249 ¹20.
1009 4199 1171 4265 μεταγιτυλων
1194 4201 1245 4249 οοιλ.
1269 4200 1366 4260 medin.
1404 4195 1469 4265 μετὰ

333 4269 370 4320 16.
389 4267 438 4331 τῆς
456 4261 533 4319 ου’τοῦ
550 4271 600 4318 ωδ.
617 4271 672 4320 Ven.
906 4266 1005 4334 γιτνλιον
1023 4269 1057 4317 ιδ.
1075 4271 1150 4328 princ.

335 4335 370 4388 17.
391 4337 417 4384 λιι
438 4349 504 4394 ποις
532 4339 582 4384 οοσ.
599 4340 677 4386 Veneti
694 4339 802 4388 additum
816 4341 874 4401 λιρῖ-
941 4342 982 4385 ἰΙ.
1009 4339 1036 4388 λα
1052 4337 1102 4386 ωδ.
1124 4339 1204 4386 Veneto
1227 4340 1291 4384 ιτλοε
1315 4337 1409 4397 φλιιιῖιιε
1433 4331 1469 4396 οῖς

314 4410 351 4454 tur
368 4419 400 4489 τρ
419 4395 443 4466 η’
461 4401 507 4453 τοῦ
525 4403 664 4469 ναεμβοίον.
792 4447 794 4452 .
906 4401 1026 4462 πολλάκις
1044 4401 1107 4469 ἔφην
1126 4393 1179 4457 οἷσί
1195 4420 1251 4462 τως
1268 4401 1355 4469 λέγων.

334 4475 371 4526 1ο.
399 4469 566 4538 Διτογονιοτοῦ
583 4473 619 4521 ed.
634 4475 714 4523 Ριλσο.
941 4477 982 4525 ¹12.
1002 4473 1058 4523 σοιλ
1076 4474 1151 4523 Venti.
1170 4467 1233 4525 εἶναι
1250 4465 1286 4531 τίς
1302 4469 1374 4524 ἐτοῖν.
