3168 4926
405 215 541 268 sennan
558 213 1035 270 eru.n.ron.tnsnn.xnvu.
1250 205 1287 268 ιι

130 346 266 414 stratur,
298 335 452 422 improbus
471 357 506 402 sc
524 347 696 422 peccatores
714 356 781 402 csse
799 345 942 402 ususcnt.
987 333 1174 400 Mortuerum
1190 355 1291 400 resor-

131 439 291 503 rectionem
308 440 488 525 approbast,
512 439 586 502 adeo
604 450 635 503 ut
653 438 782 502 furiosae
799 438 947 502 cuiusdam
962 437 1096 502 insaniae
1115 440 1198 524 plena
1217 439 1290 502 haec

130 561 198 604 esse
220 543 355 606 videatur
372 540 517 606 haeresis.
564 540 619 606 Est
636 541 705 605 illud
723 561 796 604 sane
812 540 966 604 cuiuslibet
982 541 1123 625 sapientis
1140 552 1170 605 ct
1187 543 1290 606 obscr-
1319 595 1324 605 .

130 643 250 706 ratione
269 654 300 706 et
317 643 510 708 admiratione
530 644 666 728 dignum,
701 664 740 707 es
759 643 893 709 omuibus
911 663 986 727 quse
1004 643 1040 707 ab
1059 643 1215 708 haereticis
1233 644 1288 708 dici
1416 678 1420 688 ·

130 745 253 830 basique
268 747 434 826 cernimus,
460 746 530 809 nibil
546 745 601 810 sibi
619 757 757 810 cunctam
771 767 805 810 ac
819 757 1047 810 cousentaneum
1062 767 1145 830 esse,
1170 759 1222 812 aut
1234 748 1291 813 ulla

130 848 267 913 recitatis
289 849 391 934 specio
412 849 574 936 probabile.

215 949 335 1014 Etenim
350 953 374 1016 si
390 963 449 1016 taur
464 949 558 1016 Vetus
571 973 657 1038 quam
672 950 793 1018 Novum
807 951 1032 1018 Testamentum
1046 953 1202 1037 recipiunt,
1218 975 1289 1040 quo·
1308 965 1367 1033 cap.
1387 966 1419 1016 ιι.

129 1053 217 1118 modo
234 1054 353 1120 diversa
369 1055 418 1119 illa
433 1055 574 1142 principia
589 1067 747 1141 ponentur,
771 1077 835 1120 cum
851 1055 937 1119 ambo
953 1055 1031 1119 inter
1045 1076 1079 1120 su
1096 1055 1291 1120 Testamenta

128 1157 165 1219 de
183 1157 330 1240 singulari
347 1157 499 1222 divinitate
517 1159 722 1238 consentiant,
746 1159 867 1242 eiusque
888 1158 1085 1243 cognitionem
1103 1159 1292 1244 praedicenti

127 1259 177 1322 Ad
196 1259 289 1338 baec,
313 1260 339 1324 si
356 1271 535 1326 mortuorum
555 1273 601 1326 cst
619 1263 716 1326 lutura
732 1260 930 1338 resurrectio,
954 1260 1003 1344 qni
1019 1261 1136 1324 tandem
1151 1262 1293 1325 honestae

128 1363 250 1448 nuptiae
269 1363 357 1426 tribui
374 1365 489 1428 diabolo
509 1374 650 1449 possunt,
679 1384 743 1426 cum
763 1363 937 1450 praesentim
956 1365 1029 1428 deus
1046 1363 1192 1442 edixerit,
1223 1368 1290 1426 Crs·
1303 1381 1434 1437 sensas.

127 1470 199 1528 scite
213 1477 243 1527 et
256 1469 504 1547 multiplicemus?
527 1477 557 1530 et
571 1467 599 1528 in
614 1463 780 1552 Esaogelio
793 1465 926 1529 dominus
940 1465 980 1529 ita
995 1466 1193 1552 praeceperim
1212 1470 1290 1545 Quas
1302 1483 1443 1538 masclae.

127 1572 200 1630 dm
215 1573 370 1630 mucescit
382 1572 464 1630 tomo
479 1581 671 1650 surreperet.
720 1565 779 1632 Sed
800 1579 830 1631 et
844 1569 1014 1653 apostulus:
1038 1571 1225 1632 Honorudr’lec
1239 1591 1292 1632 uu·
1307 1586 1442 1642 matema.

123 1673 221 1753 pts‘se,
247 1683 280 1733 ct
292 1683 371 1733 torsa
384 1673 590 1734 immaculatus.
638 1669 749 1736 Verum
765 1671 800 1734 ad
817 1671 983 1756 opinionem
997 1692 1092 1751 susm,
1116 1673 1181 1735 sive
1196 1672 1292 1757 potius
1329 1723 1331 1728 .

127 1774 275 1850 fabulam,
300 1775 510 1852 asserendam,
535 1795 645 1859 eosque
662 1774 842 1837 damnandos
858 1773 906 1858 qui
924 1774 1023 1838 vinnm
1041 1774 1194 1854 adhibent,
1218 1795 1292 1836 non-

127 1876 217 1941 uallis
233 1877 396 1940 abutuntur
410 1873 581 1962 Scripturae
598 1876 682 1955 locis,
702 1895 737 1940 ac
753 1895 843 1940 rcees
857 1886 1050 1960 aucupantur,
1070 1876 1174 1960 quibus
1190 1895 1206 1938 a
1222 1877 1291 1938 dae-

127 2001 219 2044 mone
242 1982 405 2066 prulectum
428 1977 505 2042 istud
531 1979 624 2064 ipsum
647 1979 861 2042 demonstrent.
906 1975 983 2041 Nem
1010 1990 1040 2041 ct
1063 1976 1215 2056 Nolumus,
1246 1979 1290 2042 in·
1304 1975 1444 2054 usn.a,'a1.

127 2084 244 2169 quiunt,
270 2093 459 2169 posteaquam
476 2082 575 2144 vinum
592 2079 675 2160 bibit,
701 2082 827 2144 nudatus
842 2091 899 2144 est.
945 2077 1006 2143 Lot
1020 2081 1119 2144 ebrius
1136 2101 1200 2144 cum
1219 2081 1290 2144 lilia·
1303 2101 1361 2146 nea.
1371 2101 1446 2156 1s‚ss.

127 2185 184 2250 bus
199 2187 262 2250 sais
278 2185 447 2270 imprudens
463 2183 631 2248 concubuit.
674 2181 786 2248 Eadem
800 2184 836 2246 ad
851 2182 1046 2248 fabricandum
1061 2183 1182 2246 vitulum
1195 2184 1291 2248 ebrie·
1303 2203 1445 2260 assume

128 2300 174 2352 tas
192 2287 319 2372 impulit.
366 2283 434 2370 Quo
451 2287 499 2350 illa
518 2287 681 2371 scripturae
696 2277 788 2350 verba
806 2285 971 2370 pertinent:
997 2289 1053 2348 Cui
1066 2289 1224 2348 aemulum?
1245 2293 1445 2362 cus'sravsass.

124 2397 266 2474 paganel
287 2395 338 2452 eui
350 2393 494 2452 molestsire
509 2411 544 2450 uc
550 2389 771 2473 fabulationes?
791 2394 842 2450 eui
853 2393 1035 2450 oontm'tr'ones
1042 2391 1183 2471 fenestra?
1211 2393 1294 2452 cuius

129 2497 214 2555 lim'ds
222 2505 293 2554 sunt
304 2496 404 2554 oculi?
434 2495 536 2554 Nonne
551 2513 646 2554 eorum
661 2496 713 2573 psi
723 2503 932 2553 commorantur
945 2495 975 2552 sic
988 2495 1076 2553 uino?
1093 2513 1184 2554 nouus
1197 2515 1294 2554 corum

127 2600 181 2677 prsr'
195 2599 374 2676 perqur'runt
394 2597 445 2657 aba·
465 2599 682 2679 compotandum
694 2597 798 2675 fiunt?
842 2590 926 2656 Haeo
946 2603 976 2656 et
994 2591 1051 2656 slis
1071 2592 1099 2656 id
1118 2613 1211 2678 gertus
1228 2595 1293 2658 locs

128 2705 353 2782 pessumdantes
372 2708 553 2780 congerunt,
586 2718 643 2781 quc
665 2717 747 2761 suam
769 2698 935 2783 opinionum
956 2695 1114 2776 suadeaut3
1149 2715 1203 2760 uec
1223 2697 1293 2760 illud

127 2797 316 2882 intelligunt,
341 2819 399 2862 non
416 2799 447 2862 in
466 2819 503 2862 eo
519 2799 584 2864 solo
602 2801 638 2862 de
653 2821 711 2884 quo
726 2798 840 2886 agitur,
865 2800 916 2864 sed
935 2798 1059 2884 ubique,
1083 2799 1216 2884 quicquid
1231 2821 1295 2864 rno-

129 2901 195 2965 dnm
214 2899 400 2978 excesserit,
425 2900 599 2983 molestum,
624 2912 655 2966 ct
672 2915 757 2966 extra
773 2904 800 2966 id
817 2903 892 2988 quod
911 2901 1089 2988 propositum
1106 2912 1152 2964 cst
1166 2901 1293 2988 prohibi·

129 3015 189 3068 tuus
207 3025 290 3068 esse.
334 3000 442 3088 Neque
458 3003 535 3068 enim
552 3005 579 3068 id
599 3006 635 3068 dc
650 3005 720 3068 vino
739 3005 851 3084 solum,
875 3006 925 3068 sed
943 3005 978 3066 de
993 3002 1124 3067 ciborum
1142 3005 1230 3068 nimia
1246 3025 1294 3068 sa-

129 3105 251 3171 turitate
272 3104 327 3169 dici
348 3117 457 3191 potest.
504 3106 602 3191 Atque
620 3105 675 3170 boc
694 3117 741 3170 cst
758 3107 834 3192 quod
857 3106 886 3170 in
904 3103 1070 3190 Evangelio
1091 3106 1224 3170 dominus
1243 3106 1294 3170 ad·

130 3209 263 3272 monuit:
287 3211 332 3270 Ne
343 3221 503 3290 gravemur
517 3213 604 3271 cordo
619 3221 713 3272 vestra
730 3213 848 3292 crepula
862 3221 893 3271 et
903 3210 1048 3284 ebrietate,
1073 3217 1102 3270 et
1113 3213 1191 3270 curci
1205 3212 1289 3270 busim
1301 3231 1356 3276 aas
1365 3231 1400 3288 ar,
1412 3230 1446 3274 aa.

130 3315 230 3374 seculi.
272 3307 363 3376 ileum
387 3315 425 3374 Si
437 3314 607 3374 msuttbdr'lr's
621 3335 661 3388 es,
686 3335 722 3374 ne
736 3317 917 3394 concupiscas
931 3315 1027 3374 divitis
1042 3313 1129 3374 esbus.
1165 3316 1208 3373 111·
1216 3315 1288 3374 enam
1301 3335 1370 3380 eros.
1376 3333 1443 3391 Μ

131 3420 204 3477 citae
224 3417 355 3476 mendaci
372 3419 518 3477 coniuncti
536 3427 613 3477 sunt.
661 3412 722 3480 Sed
739 3414 814 3478 idem
833 3415 919 3497 lunge
937 3413 1085 3498 copiosius
1105 3413 1140 3478 ab
1157 3412 1290 3498 apostolo

132 3517 329 3596 declaratum,
362 3516 410 3602 qui
430 3516 536 3580 edaces
556 3528 586 3580 et
603 3517 754 3581 helluones
773 3515 927 3595 deridens,
960 3537 996 3580 ac
1015 3517 1101 3600 gulae
1120 3516 1294 3601 cupiditates

132 3621 300 3698 detestans,
323 3623 399 3681 Esco
416 3624 524 3694 uentn',
549 3619 660 3703 inquit,
683 3631 822 3682 elocutor
838 3622 921 3680 eroes.
967 3624 1043 3682 Drica
1060 3630 1152 3681 uatem
1169 3631 1198 3680 et
1216 3621 1291 3679 dunc
1304 3641 1447 3699 comps.

133 3735 160 3784 et
173 3725 243 3784 allus
260 3725 396 3786 munet.
442 3719 603 3786 Praeterea
620 3719 701 3786 Esau
719 3721 912 3807 primogenita
929 3742 983 3786 aua
1000 3720 1136 3786 lrumenti
1156 3718 1291 3805 pulticula
1306 3743 1446 3802 cessate.

134 3823 281 3904 vendidit,
306 3835 338 3887 ut
353 3821 505 3908 Scriptura
521 3834 633 3902 narrat,
657 3845 730 3910 quse
747 3824 869 3888 cundem
886 3835 916 3888 ct
930 3822 1066 3904 lrumenti
1084 3833 1113 3886 et
1128 3821 1215 3886 lentis
1231 3825 1294 3908 pul-

11 3935 12 3968 l
135 3927 250 3992 ticulum
268 3935 368 3990 vocat.
414 3923 597 4012 Quasiquam
614 3927 641 3990 id
659 3945 714 4010 ego
729 3925 920 3992 verisimilius
936 3927 1075 4002 arbitror,
1100 3945 1158 3988 uun
1178 3946 1215 3990 cx
1233 3927 1293 3990 lru-

11 4037 12 4110 1
135 4039 233 4094 mento
251 4049 314 4092 earn
331 4028 522 4092 sorbitionem
540 4029 650 4108 luisse,
674 4028 725 4092 sed
743 4027 847 4090 iusculi
865 4049 905 4092 cx
923 4030 1002 4092 lente
1018 4026 1184 4107 residuum,
1217 4029 1292 4114 quod

135 4132 192 4217 igni
214 4153 320 4196 rursus
339 4131 503 4217 impositum
523 4151 557 4195 ac
576 4139 724 4196 mucetum
745 4140 904 4214 propterea
925 4123 1025 4211 πυροῦ
1046 4131 1225 4216 ascriptum
1240 4155 1293 4197 vo·

11 4233 12 4292 1
136 4245 229 4298 catum
244 4245 308 4315 est,
333 4234 470 4318 quoniam
487 4255 550 4298 oum
568 4233 737 4298 relrixisset
750 4230 846 4296 denuo
860 4233 1031 4297 calefactum
1047 4243 1104 4296 cst.
1149 4231 1191 4298 Ut
1205 4234 1294 4318 igitur

137 4336 171 4400 ob
187 4337 288 4402 riuum
304 4337 355 4401 ille
372 4337 450 4402 nulla
468 4357 644 4422 equoquaru
662 4346 783 4420 accepta
799 4334 905 4402 iniuria
923 4337 1047 4400 nudatus
1063 4347 1127 4414 cst,
1158 4336 1202 4402 sic
1218 4336 1294 4400 alter

138 4438 172 4501 ub
188 4441 295 4503 lauaem
317 4459 353 4504 ac
371 4439 561 4505 voracitatem
578 4438 781 4526 primogenitis
801 4437 916 4503 amissis
934 4439 1026 4503 maius
1051 4460 1135 4523 quam
1160 4459 1200 4504 cs
1222 4439 1293 4503 vinu
