3168 4926
265 237 318 286 xn
754 217 948 272 PRAEFATIO.

266 356 300 420 ἐκ
314 359 368 436 *ἧς
382 351 530 437 κατάρας»
552 374 625 439 pag·
641 353 722 436 'mbo
744 353 799 422 Ubi
812 355 878 422 len·
895 348 1025 436 ὖπῆθῖεν
1045 352 1181 438 Rheffiss·
1197 349 1335 438 ὖπᾶψέ
1356 375 1429 442 pag·

267 467 347 548 777,
368 465 423 532 ubi
442 467 508 532 Ien.
531 459 568 529 od
587 462 631 543 εὸ,
653 466 788 549 Rhodig.
806 461 860 541 od,
883 470 917 531 et
936 464 1055 531 ibidem
1069 465 1166 549 paulo
1182 471 1274 550 post,
1295 467 1349 535 ubi
1364 469 1430 536 Iera

266 571 329 640 tired
346 581 401 640 τοῦ
422 573 551 660 werpes,
584 576 718 660 Rhodig.
741 572 824 658 παρὰ
844 580 899 639 τοῦ
920 572 1050 658 πατρὸς,
1080 594 1152 660 pag.
1171 578 1258 659 781.,
1287 577 1342 644 ubi
1363 579 1430 645 len.

267 684 308 768 μή
330 689 404 752 utve
426 706 485 772 pro
515 685 555 768 μὴ
577 684 717 769 μηκύνω,
747 687 881 770 Rhedig.
907 684 1047 768 μηκύνειν,
1075 706 1150 770 pag.
1168 687 1257 770 806.,
1287 688 1343 754 ubi
1364 690 1430 756 len.

267 795 415 883 ἆσυρίων,
444 798 579 882 Rhedig.
599 800 726 881 συρίων,
748 815 821 881 pag.
841 797 928 879 807„
948 797 1003 864 ubi
1017 799 1083 864 Ien.
1102 799 1180 862 ἴσσιν
1202 801 1262 862 τῶν
1283 799 1431 882 δεδειγμέ-

267 934 338 987 νων,
358 911 493 993 Rhodig.
509 911 588 973 ἴασιν
604 909 695 970 τῶνδε
709 911 769 971 τῶν
787 903 952 991 tappetae
966 908 1072 990 habeiq
1088 908 1188 974 veluti
1205 908 1302 976 etiam
1318 911 1352 976 in
1369 911 1430 992 his,

266 1021 300 1086 iu
322 1021 436 1104 quibus
459 1021 618 1103 scriptura
640 1019 758 1086 codicis
779 1021 914 1104 Rhodig.
937 1017 1106 1086 manifesto
1127 1023 1274 1101 praestat
1294 1021 1431 1104 scriptu·

266 1149 322 1200 rae
344 1132 462 1198 codicis
485 1131 566 1210 lea,
587 1147 661 1212 pag.
681 1129 769 1211 toa,
790 1129 844 1196 ubi
867 1132 932 1196 len.
956 1125 1011 1193 οὐκ
1033 1125 1193 1206 ἑλεπόλεις,
1221 1131 1355 1214 Rhodig.
1377 1127 1430 1195 od-

267 1285 451 1366 osteudens,
481 1306 555 1370 pag.
574 1288 662 1370 771.,
693 1287 747 1353 ubi
770 1288 837 1353 len.
859 1229 940 1367 oidff,
972 1287 1002 1352 h.
1021 1305 1048 1352 e.
1068 1279 1214 1364 ἀλήθεια,
1244 1285 1292 1350 uti
1312 1285 1432 1369 legitur

267 1398 364 1465 etiam
385 1400 418 1464 in
441 1398 581 1465 editione
602 1397 716 1481 priua,
745 1397 880 1480 Rhedig.
901 1391 1059 1477 ἀλήθειαν,
1081 1414 1156 1479 pag.
1174 1395 1261 1476 rte,
1288 1396 1342 1462 ubi
1363 1397 1429 1464 Ien.

266 1511 300 1591 (a
319 1527 415 1575 mann
431 1511 507 1592 sec.)
528 1509 616 1584 ciunt,
639 1509 774 1591 Rhodig.
790 1509 870 1594 εἴπῃ,
893 1526 966 1591 pag.
985 1507 1065 1588 796,
1086 1505 1141 1571 ubi
1157 1506 1223 1572 Ien.
1246 1505 1325 1586 ἔστη,
1346 1509 1431 1574 Rhe-

265 1619 329 1702 dig.
348 1619 418 1696 ἔστι,
440 1638 515 1704 pag.v
530 1621 611 1700 878,
632 1619 687 1686 ubi
704 1619 770 1684 Ien.
788 1613 1005 1699 ὁμολογήσειεν,
1027 1615 1162 1700 Rhedig.
1177 1615 1335 1695 καλέσειεν,
1356 1637 1429 1702 pag.

264 1731 353 1813 923„
375 1730 430 1797 ubi
450 1730 517 1796 Ien.
540 1729 614 1808 σῆἶῖ,
636 1731 666 1795 h.
684 1748 709 1796 e.
729 1724 843 1812 σωτὴρ,
872 1728 1006 1812 Rhodig.
1028 1723 1143 1810 πατὴρ,
1165 1747 1238 1812 pag.
1258 1729 1345 1810 953.,
1374 1729 1430 1796 ubi

264 1839 330 1906 len.
353 1836 490 1921 ἔμεινεν,
522 1840 655 1923 Rhedig.
681 1837 792 1919 ἀμείνω
823 1839 965 1922 praebet.
1016 1838 1157 1904 Notandi
1186 1839 1323 1922 denique
1353 1847 1431 1908 sunt

265 1952 361 2017 etiem
390 1950 512 2032 aliquot
538 1951 600 2016 loci
626 1951 796 2033 inquibus
820 1950 980 2033 scriptura
1002 1947 1120 2015 codicis
1142 1950 1276 2032 Rhodig.
1299 1949 1431 2018 diversa

265 2080 286 2126 a
309 2061 469 2144 scriptura
491 2061 608 2127 codicis
631 2061 696 2127 len.
716 2059 845 2128 mirifice
868 2061 1032 2143 conspirat
1053 2077 1124 2126 cum
1147 2061 1265 2126 codicis
1291 2061 1430 2127 Parisini

268 2172 440 2255 scriptura,
462 2172 561 2238 veluti
582 2190 655 2254 pag.
673 2171 760 2252 878„
781 2167 836 2236 ubi
852 2171 938 2253 quod
960 2171 1057 2236 tacite
1079 2189 1118 2237 ex
1140 2189 1178 2236 eo
1200 2171 1321 2254 recepit
1336 2172 1431 2239 Peta-

266 2283 338 2349 vius
360 2281 508 2344 καλέσειεν
529 2281 614 2347 idem
636 2282 754 2365 legitur
773 2283 806 2347 in
828 2278 979 2366 Rhedig.,
1009 2281 1107 2348 veluti
1131 2282 1223 2348 ambo
1246 2283 1431 2365 conspirant

266 2410 340 2478 pag.
358 2394 429 2459 807.
451 2392 484 2459 in
507 2393 665 2475 scripture
693 2393 786 2455 τῶνδε
807 2395 867 2454 τῶν
889 2391 1048 2474 δηγμάτων
1070 2391 1218 2475 (Rhedig.
1240 2388 1430 2478 δηγμάτων),

264 2524 338 2588 pag.
355 2503 426 2570 913.
449 2503 482 2568 in
503 2503 657 2569 vocabulo
680 2505 780 2584 τρίτην
795 2521 853 2585 pro
870 2504 970 2584 νίτρον
986 2503 1106 2584 posito,
1126 2522 1200 2586 pag.
1215 2503 1286 2569 976.
1309 2504 1342 2568 in
1360 2524 1431 2572 rer·

265 2615 316 2684 bie
338 2609 573 2695 συμπρεπόντως
594 2609 695 2688 ὄντος,
726 2631 784 2695 pre
807 2612 921 2694 quibus
949 2614 1015 2679 len.
1037 2613 1172 2696 praebet
1193 2612 1430 2695 συμπρὲποντος,

265 2745 339 2809 pag.
358 2725 449 2792 1041.
472 2725 505 2792 in
527 2724 623 2790 verbo
646 2720 820 2802 συνῆφθαι,
843 2741 916 2806 pag.
937 2725 1044 2804 1067„
1067 2723 1121 2788 ubi
1142 2723 1244 2790 Paria.
1267 2724 1430 2808 ἐπτερωμέ-

266 2859 336 2916 eqo,
359 2834 769 2917 metamaucensem.
793 2833 998 2915 πτερωμένην,
1021 2835 1086 2900 Ien.
1103 2832 1273 2915 πετωμένην
1295 2835 1401 2903 hebet

352 2945 460 3011 Codex
475 2943 650 3026 Parisinus,
674 2962 736 3028 quo
751 2943 903 3010 Petavius
921 2926 999 3012 usus
1020 2951 1079 3024 est,
1101 2963 1257 3028 quemque
1275 2964 1335 3030 ego
1354 2965 1431 3028 qno

268 3073 330 3140 que
351 3055 452 3123 oculis
475 3055 555 3122 meis
585 3055 711 3139 inspexi
738 3073 802 3120 uon
830 3055 935 3121 miuus
958 3073 1053 3137 quom
1075 3053 1287 3137 Marcianum,
1318 3056 1432 3124 Ienen-

267 3185 335 3232 sem
348 3171 381 3231 et
393 3153 661 3250 Rhedigeranum,
684 3184 817 3248 quorum
834 3166 1000 3248 utriusque
1018 3165 1195 3248 scripturas
1211 3165 1431 3249 discrepantes

267 3294 339 3342 mea
367 3276 469 3360 ipsius
499 3277 631 3342 dextera
661 3275 804 3356 enotavi,
837 3280 963 3342 centum
991 3273 1072 3356 fere,
1103 3277 1150 3340 uti
1172 3276 1307 3357 conicio,
1338 3276 1431 3344 annis

267 3385 491 3470 Rhodigerano
513 3385 657 3466 inferior,
689 3386 891 3466 chartaceus,
914 3386 1039 3462 duobus
1062 3390 1190 3451 constat
1210 3384 1433 3470 voluminibus,

267 3497 407 3563 numeris
423 3495 678 3562 DCOOXXXIII.
696 3500 730 3560 et
745 3494 979 3562 DCGOXXXV.
996 3494 1127 3576 notatis,
1149 3495 1349 3579 diversisque
1365 3517 1432 3564 ma·

267 3607 360 3674 nibus
383 3611 534 3674 exaratus
551 3623 624 3672 esse
640 3607 783 3688 videtum
806 3627 833 3672 v.
852 3606 952 3672 Catal.
970 3605 1052 3672 Bibl.
1065 3605 1187 3688 Regiae
1208 3607 1269 3672 vol.
1286 3607 1338 3689 Π,
1358 3627 1431 3692 pag.

269 3719 339 3784 162.
382 3717 480 3784 euius
511 3717 687 3799 scripturas
716 3734 887 3800 excerpere
915 3721 991 3800 post
1020 3733 1172 3782 excussos
1203 3716 1372 3784 Ienenscm
1399 3723 1434 3786 et

264 3827 552 3894 vratislaviensem
580 3828 723 3908 codices,
752 3832 924 3911 postquam
947 3844 1019 3892 eum
1048 3830 1173 3891 tantum
1194 3845 1259 3892 non
1279 3827 1313 3893 in
1332 3829 1433 3895 omni-

265 3939 327 4006 bus
350 3938 535 4020 conspirare
557 3955 628 4003 cum
650 3937 715 4020 his,
744 3938 935 4021 praesertim
958 3953 1030 4002 cum
1050 3934 1311 4016 Vretislaviensi‚
1338 3935 1432 4005 intel·

264 4049 343 4130 lexi‚
365 4065 483 4130 operae
505 4048 643 4130 pretium
665 4066 730 4114 non
752 4049 837 4114 duxi.
1235 4054 1239 4062 '

347 4158 397 4224 De
419 4155 527 4224 codice
542 4157 714 4238 Vaticano,
737 4159 827 4225 cuius
849 4159 1017 4242 seripturis
1037 4155 1295 4240 discrepantibus
1313 4157 1353 4224 ab
1366 4159 1432 4224 An-

263 4269 343 4334 drea
364 4267 496 4333 Schotto
518 4267 677 4351 excerptis
698 4267 776 4334 item
796 4268 949 4334 Petarius
971 4287 1051 4335 usus
1074 4275 1140 4348 est,
1161 4287 1242 4350 quas
1264 4286 1325 4351 ego
1347 4287 1432 4335 nunc

261 4377 422 4460 pleniores
444 4383 477 4444 et
499 4377 735 4444 emendatiores
757 4377 927 4460 proposui,
959 4379 1071 4461 paucis
1102 4377 1271 4444 dicendum
1294 4383 1354 4444 est
1397 4379 1431 4446 Ie

261 4487 343 4554 liber
360 4488 536 4557 Vaticanus
558 4487 630 4572 quis
653 4488 697 4554 sit
718 4505 821 4572 quove
843 4505 975 4554 numero
992 4487 1141 4571 signatus
1155 4487 1254 4556 hodie
1270 4487 1303 4555 in
1318 4487 1432 4556 biblio
