3168 4942
400 217 650 272 resonuerunt
676 215 760 272 rou.
772 218 803 270 u.
821 215 919 270 enen.
931 217 1031 268 uxrx.
1242 205 1303 270 tta

129 335 283 401 linitotem
297 357 332 400 no
347 336 566 402 similitudinem
582 337 749 402 adiunctum
767 337 825 400 vim
843 357 958 400 omnem
970 335 1061 400 divini
1076 337 1158 400 verbi
1176 353 1304 405 eonsen-

130 450 226 502 tanee
245 460 280 516 ae
297 438 451 524 perspicue
470 438 612 501 declaret.
650 437 729 502 Nam
751 450 783 501 et
797 438 920 520 angelus
938 438 1012 500 idem
1033 439 1239 522 propemodum
1259 439 1301 501 di-

129 541 200 618 xit‚
225 561 291 604 oum
308 538 476 624 significato
493 539 539 603 dei
558 540 636 617 lilio,
661 540 785 604 subinde
802 539 973 624 quibusdam
991 539 1108 616 additis,
1133 551 1301 624 assumptae

134 641 266 706 hominis
286 653 410 706 naturae
430 653 541 706 etnam
564 642 657 706 verbo
677 641 852 704 eortiuuetae
877 639 1055 703 mentionem
1080 639 1199 704 iniecit=
1229 645 1440 713 Pro-taeta.

132 755 256 824 pterea,
280 744 386 828 inquit,
410 755 440 806 et
455 748 531 824 quod
543 755 678 806 noscetur
696 767 733 806 ex
748 755 775 804 te
791 742 854 820 (ubi
871 753 998 804 sonetum
1017 741 1139 821 adiecit)
1155 745 1302 806 vocabatur

135 847 233 906 Fa'lr'us
248 848 304 906 dei.
350 842 437 926 Quae
455 865 520 908 orum
537 845 577 908 ita
596 846 708 914 sintae
728 865 817 908 voees
836 844 920 919 illae,
952 846 1123 924 Propterea,
1149 852 1195 920 et,
1222 846 1304 921 Quod

134 957 272 1006 noscetur
287 947 534 1008 eorulr‘turll‘a‘lr'us
549 951 605 1021 dei,
631 957 788 1030 usurpatae
803 945 840 1010 ab
858 945 963 1029 angelo
982 945 1103 1023 luerint,
1123 953 1204 1007 reete
1223 945 1301 1007 lilius

136 1046 167 1110 ei
186 1045 384 1111 subiieieudus
400 1048 517 1126 dieitur,
542 1053 593 1129 qm·
608 1050 667 1110 ridi
680 1052 811 1109 uniuerso
828 1049 964 1122 subierim·
990 1056 1074 1110 utne
1091 1045 1167 1130 quod
1183 1045 1301 1110 carnale

138 1147 327 1233 estamplius
352 1151 390 1214 sit
409 1148 517 1212 virtute
538 1149 674 1228 carnale,
705 1149 756 1214 sed
776 1169 841 1211 eum
858 1147 1010 1212 divinitate
1029 1145 1235 1226 uoniunotum3
1266 1145 1302 1212 il·

140 1249 210 1327 lud,
234 1250 369 1334 inquam,
393 1251 486 1334 ipsum
507 1251 626 1314 carnale
647 1251 678 1313 in
704 1271 794 1315 unum
813 1250 977 1334 copulatum
995 1269 1061 1314 oum
1078 1248 1151 1328 deo,
1183 1259 1214 1312 et
1235 1269 1300 1312 oum

139 1362 224 1436 patre
244 1372 278 1414 ae
296 1352 401 1437 spiritu
421 1364 525 1416 saneto
546 1373 668 1436 regnum
687 1352 756 1416 illud
773 1351 926 1430 obtinens,
957 1355 1038 1412 rurus
1061 1373 1116 1412 non
1142 1355 1198 1412 erit
1209 1353 1296 1432 finti,

139 1449 234 1516 Cuius
250 1453 377 1537 quidem,
402 1476 442 1518 ex
459 1475 516 1539 quo
538 1455 715 1534 resurrexit,
739 1453 820 1518 velot
837 1452 949 1516 initium
969 1453 1098 1537 aooepit:
1126 1455 1162 1516 Ut
1176 1457 1216 1514 sit
1230 1457 1299 1515 deus

138 1559 231 1617 omneis
246 1560 276 1617 aia
292 1559 437 1633 ommtm,·
462 1557 537 1641 qood
556 1557 585 1620 in
605 1577 691 1620 uoem
707 1555 890 1620 divinitatem
908 1555 1081 1639 spiritaliter
1097 1553 1136 1618 sit
1150 1553 1219 1616 illud
1234 1573 1299 1616 uar-

140 1657 207 1720 uale
224 1658 423 1722 coniunctum.
471 1657 530 1724 Sed
548 1660 623 1742 quod
640 1659 680 1721 ita
698 1657 844 1742 loquitur:
875 1662 936 1719 Hor
950 1659 1044 1740 furate
1065 1661 1095 1716 a'n
1112 1677 1199 1718 meum
1221 1675 1295 1716 eom·
1309 1643 1454 1745 fffflffl·

139 1765 380 1834 memorationem,
406 1765 493 1823 donee
507 1765 600 1822 aeneia!
607 1762 695 1840 filius
710 1763 847 1834 tamtam,
872 1759 960 1822 iterus
985 1759 1035 1820 Sie
1052 1760 1132 1818 allum
1154 1757 1295 1830 uuiledr‘tes,
1311 1753 1428 1858 1¹¹2prst

141 1864 367 1940 queamdmodum
385 1865 494 1922 uailaita'a
512 1865 705 1923 ascendentem
729 1865 758 1922 in
781 1863 905 1935 eoelum3
938 1870 995 1922 tum
1016 1859 1131 1922 dentum
1159 1857 1299 1942 perlectis

141 1960 294 2038 omnibus,
319 1981 373 2024 nee
391 1961 448 2024 ulla
466 1981 498 2024 re
515 1961 741 2045 praetermissa,
768 1963 803 2026 ed
819 1961 911 2046 ipsius
928 1962 1109 2026 divinitatem
1125 1969 1298 2024 renouatum

141 2061 179 2124 iri
197 2061 293 2126 omnia
317 2062 419 2126 eadem
438 2063 487 2125 illa
507 2063 598 2126 uerba
618 2065 839 2126 demonstrant:
876 2068 913 2126 ut
927 2068 1037 2125 rideas
1053 2067 1146 2126 omnia
1165 2067 1195 2124 in
1211 2065 1299 2123 omni·

141 2166 210 2238 tam
237 2183 347 2247 nequa
365 2162 404 2226 eit
423 2162 576 2226 divisionis
597 2165 744 2250 suspioi03
769 2185 843 2249 quae
863 2165 939 2228 nulla
959 2175 1024 2242 est,
1048 2175 1080 2226 ut
1094 2184 1153 2228 noar
1177 2163 1298 2226 deorum

141 2264 293 2328 multitudo
313 2265 449 2348 tingatur.
496 2262 573 2328 Nam
594 2286 651 2330 ona
670 2277 716 2330 est
732 2287 924 2351 personarum
946 2264 1094 2344 omnium,
1117 2286 1152 2328 ae
1169 2263 1299 2346 siugula-

141 2368 182 2430 ris
203 2366 309 2450 gloria.
357 2364 397 2428 tlt
418 2387 491 2430 vero
510 2388 587 2444 nou,
619 2369 702 2451 quasi
727 2369 913 2454 tyrannidem
932 2366 1081 2452 usurparit
1096 2367 1190 2444 filius,
1224 2363 1299 2449 patri

140 2469 226 2532 modo
245 2489 304 2532 non
319 2467 487 2549 subiicitur,
511 2488 605 2551 neque
624 2479 760 2553 tanquam
777 2490 884 2534 seruus
902 2491 937 2532 ae
955 2468 1071 2555 propria
1087 2477 1232 2554 potestate
1249 2487 1298 2528 ea·

141 2589 210 2633 rens
231 2569 326 2633 eidem
342 2569 513 2648 subiicitur,
537 2591 601 2633 eum
619 2571 659 2633 sit
677 2591 693 2634 a
711 2581 794 2655 patre
811 2573 945 2655 genitus,
971 2572 1131 2654 eademque
1151 2591 1216 2632 eum
1235 2569 1299 2652 ipso

139 2684 242 2738 natura
259 2693 295 2737 ao
313 2671 466 2736 divinitate
483 2672 642 2756 praeditus.
688 2669 796 2755 Neque
812 2682 879 2735 tune
898 2682 1017 2757 propter
1033 2671 1123 2736 ullum
1139 2671 1296 2748 delectum,

139 2785 190 2839 aot
215 2775 296 2838 velut
321 2773 552 2837 imminutionem
579 2773 699 2856 eapitis,
735 2794 769 2836 ao
795 2773 1021 2852 nenessitatem,
1053 2773 1117 2836 sive
1144 2771 1298 2856 potestatis

140 2876 362 2959 abrogationem
389 2876 461 2959 patri
487 2873 687 2938 subiiciendus
713 2886 775 2951 est,
806 2875 858 2938 sed
881 2873 1001 2960 perinde
1027 2895 1062 2938 ao
1087 2893 1247 2959 germanus
1270 2883 1300 2936 et

140 2978 244 3042 unione
263 2977 356 3053 iilius,
382 2977 430 3059 qui
449 2997 513 3039 cram
533 2986 615 3059 patre
635 2987 775 3060 perpetuo
791 2987 912 3058 regnet,
936 2977 1018 3040 etad
1035 2997 1123 3040 unam
1141 2975 1299 3060 singulari-

141 3091 229 3144 tatem
247 3090 334 3163 atque
352 3099 439 3140 unum
460 3079 549 3140 decus
568 3089 598 3140 et
615 3078 756 3141 honorem
779 3088 895 3140 oreatas
920 3098 969 3141 res
985 3099 1087 3142 omnes
1106 3086 1245 3154 renouat,
1269 3083 1300 3138 et

141 3181 297 3244 ecelesiam
320 3200 401 3242 snam
427 3178 570 3242 instituit:
606 3183 643 3242 Ut
664 3185 693 3240 εἰ
711 3183 780 3242 deus
802 3183 895 3240 omnio
919 3183 948 3240 in
965 3181 1102 3242 omnibus.
1151 3177 1298 3262 Quoniam
1313 3180 1402 3276 ¹35&ss

139 3303 198 3346 ona
220 3291 265 3344 est
289 3279 381 3366 patris
404 3293 434 3343 et
456 3280 506 3343 lilii
533 3291 563 3342 et
580 3279 699 3364 spiritus
718 3281 813 3344 saneti
831 3279 985 3358 diviuitas,
1019 3281 1186 3345 dominatus
1209 3300 1297 3358 unus,
1352 3265 1359 3286 ’

138 3383 355 3466 singularisque
371 3381 478 3465 gloria,
503 3403 518 3443 a
541 3382 599 3444 dlio
616 3401 717 3466 porro,
743 3392 879 3464 tanquam
896 3381 931 3445 ab
949 3402 1092 3466 germano
1113 3384 1184 3461 filio,
1210 3381 1297 3466 patri,

139 3493 243 3568 utpar
266 3494 328 3560 est,
361 3483 456 3546 horror
472 3483 627 3561 tribuitur,
660 3503 715 3546 neo
739 3503 797 3545 non
824 3493 854 3545 et
878 3485 1018 3568 aspirito
1042 3495 1162 3563 saneto,
1194 3503 1299 3546 cuma

140 3595 222 3670 patre
241 3594 270 3648 et
286 3583 345 3648 filio
364 3584 482 3650 minime
499 3585 539 3648 sit
557 3583 683 3648 alienus.
720 3581 883 3648 Faeessant
904 3585 1001 3670 itaque
1019 3586 1299 3650 contumeliosorum

138 3687 169 3751 in
189 3686 235 3750 dei
254 3685 343 3750 lilium
364 3707 399 3750 ae
421 3686 555 3771 spiritum
581 3697 713 3751 sanetum
741 3686 847 3772 impiae
863 3707 971 3767 voees,
995 3708 1029 3751 ao
1047 3687 1227 3771 sacrilegae,
1252 3707 1299 3750 ar-

136 3799 335 3871 gumentoque
358 3789 437 3852 omni
460 3788 490 3852 in
514 3791 632 3853 eosdem
653 3787 813 3853 hostilitate
831 3791 954 3854 reierta.
999 3787 1067 3853 Nos
1081 3801 1179 3854 autem
1199 3800 1299 3854 cetera

138 3889 213 3952 male
237 3889 272 3952 ab
295 3889 353 3954 illis
376 3890 566 3974 excogitata,
590 3901 621 3954 et
642 3891 697 3954 lrou
721 3891 786 3955 loeo
809 3894 973 3978 patefacta,
998 3889 1153 3954 diluemus.

223 3990 301 4056 Aliis
324 3992 412 4078 igitur
436 4013 476 4056 ex
498 3993 655 4076 evangelio
671 3993 790 4078 prolatis
816 3993 1040 4057 auetoritatibus
1064 3993 1104 4057 ita
1128 3994 1294 4078 disputante
1314 3985 1436 4106 Lsslgph

139 4093 217 4178 Quid
235 4107 283 4160 est
301 4095 378 4181 quod
397 4097 505 4157 nudata
522 4100 614 4177 serpso
634 4099 733 4178 lucere
746 4097 834 4174 filius
846 4107 954 4176 potest,
979 4101 1039 4157 nisi
1054 4107 1166 4177 putrem
1183 4100 1296 4179 sorren·
1313 4119 1391 4164 ranno.

173 4215 198 4264 o.
215 4216 281 4264 ttdrt
296 4216 367 4278 eulpa
384 4213 460 4268 lesen
770 4212 794 4266 7.
811 4211 882 4278 λῆξιν
899 4215 1054 4266 emendarunt
1072 4217 1202 4266 Comuntur
1219 4216 1299 4284 (vertit
1323 4172 1345 4227 δ’
1359 4169 1391 4216 ¹⁹⁶

172 4277 195 4330 6.
213 4278 242 4332 τὸ
259 4285 354 4342 reposui
375 4296 418 4344 pru
440 4281 491 4334 tuit
508 4286 571 4346 quod
593 4287 619 4334 itt
638 4285 703 4334 numa
736 4285 798 4333 enlm
808 4279 878 4331 iuxta
894 4281 1070 4350 certationem)
1086 4289 1108 4335 tl
1115 4285 1237 4337 Ptlttvt'ut.
1260 4282 1299 4337 λέ·

136 4349 296 4468 ppuqoeegqm.
322 4352 420 4400 Petouto
435 4353 499 4402 tenue
512 4353 636 4402 utdrdotm
649 4365 702 4401 mu·
736 4349 772 4416 ξιν
789 4352 814 4402 in
830 4351 897 4404 librlt
912 4355 951 4401 eet

1015 4503 1094 4578 46*
