3148 4938
355 233 493 286 rnunnu
511 233 619 286 mun.
636 234 719 286 rom.
731 235 763 285 ιι.
781 233 883 286 naen.
895 233 1000 287 uxvrn
1204 223 1267 286 55⁷
1297 263 1301 270 -

104 367 204 436 esset,
227 365 311 420 ntea
328 353 364 418 de
383 363 504 438 pectore
519 375 574 418 suo
591 353 673 420 reiut
688 365 894 441 expromeret,
918 374 954 419 ac
969 352 1178 418 commentaria
1194 352 1268 417 scri·

102 459 226 544 psisset‚
251 457 340 524 muita
356 455 393 520 de
410 477 465 520 suo
480 458 618 542 dogmata
631 457 791 522 vanissime
807 456 946 544 aspersit,
969 476 1004 520 ac
1021 455 1156 541 quicquid
1172 455 1267 521 risum

105 572 154 626 est
173 582 227 647 pro
250 559 370 625 libidine
391 581 446 623 sna
469 561 632 644 proposuit.

190 661 290 748 Negat
307 662 334 726 is
351 661 471 726 omnino
489 683 648 747 resurgere
664 681 801 743 carnem,
832 661 921 747 idque
943 661 1060 726 animae
1079 660 1135 724 soli
1153 658 1266 740 tribuit,

104 764 288 852 proindeque
302 764 464 850 spiritaiem
489 785 556 829 esse
572 764 822 829 resurrectionem
846 765 964 829 asserit.
1012 761 1172 828 Sacrorum
1194 783 1268 827 vero

104 868 258 932 literarum
284 867 451 932 testimonia
478 866 639 952 colligens,
671 867 761 930 etad
787 865 951 931 institutum
976 887 1061 930 snum
1086 887 1121 930 ac
1142 877 1268 930 mentem

104 969 349 1047 accommodans,
374 968 584 1033 absurdissima
608 969 751 1053 quaedam
772 969 937 1054 dogmatum
957 978 1122 1032 commenta
1140 968 1269 1033 curnula-

101 1072 167 1151 uit,
191 1082 223 1134 et
243 1073 280 1135 ad
300 1070 438 1136 haeresin
455 1093 536 1135 suam
560 1071 766 1136 stabiliendam
790 1093 879 1157 prava
904 1071 1047 1155 quaedam
1072 1071 1266 1155 excogitavit.

103 1169 247 1237 Ceterum
268 1173 347 1239 vitae
371 1173 421 1237 itta
444 1173 578 1238 instituto
597 1193 631 1238 ac
649 1195 759 1259 genere
779 1175 865 1260 piane
885 1173 1064 1238 admirabilis
1084 1173 1155 1252 init,
1180 1184 1210 1236 et
1232 1175 1267 1237 ad

102 1275 278 1340 adliciendos
301 1275 416 1340 animos
440 1275 573 1361 inprimis
605 1277 720 1340 efficax.
768 1271 870 1358 Quare
892 1275 1025 1362 plerique
1046 1295 1087 1339 ex
1111 1274 1268 1361 Aegyptiis

103 1377 259 1442 menophis
283 1377 312 1441 iu
333 1377 411 1442 iliius
435 1397 556 1442 errores
575 1377 692 1442 adducti
711 1387 792 1443 sunt.
836 1376 915 1442 Nam
932 1378 1009 1462 quod
1031 1378 1066 1440 ad
1086 1387 1268 1442 mortuorum

102 1479 356 1545 resurrectionem
376 1479 499 1558 attinet,
523 1481 601 1564 quod
618 1480 717 1546 caruis
735 1480 985 1546 resurrectionem
1004 1480 1163 1561 inficiatur,
1186 1481 1214 1544 id
1232 1480 1268 1544 ab

103 1578 240 1666 Origene
256 1591 405 1647 mutuatus
421 1582 555 1662 videtur,
580 1581 637 1646 nisi
658 1583 688 1647 id
711 1603 751 1646 ex
767 1601 836 1646 sese
856 1581 1024 1646 evomuisse
1046 1581 1186 1647 dicendus
1209 1594 1266 1648 est.

102 1681 186 1748 idem
204 1684 321 1770 nuptias
338 1685 490 1770 repudiat,
514 1705 588 1769 quas
602 1684 713 1750 veteris
728 1684 896 1749 testamenti
916 1685 1049 1770 proprias
1066 1684 1266 1749 inissedocct.
1344 1755 1349 1766 ,
1397 1736 1405 1750 .

102 1783 221 1872 Quippe
237 1786 438 1865 Abraamnm,
467 1785 601 1852 isaacum
625 1798 656 1852 et
679 1785 836 1867 iacobum,
859 1783 1015 1872 Moysen,
1040 1785 1210 1867 Aaronem,
1234 1809 1268 1852 ao

100 1897 224 1954 sanctos
240 1909 360 1969 omncs,
384 1889 465 1955 reiut
482 1887 588 1955 isaiam
606 1900 636 1954 et
654 1887 808 1954 ieremiam
826 1888 940 1973 pariter
956 1889 1146 1953 asciscendos
1163 1890 1268 1954 existi·

101 2000 184 2070 mat,
208 2002 238 2054 at
252 1992 410 2078 prophetas
426 1992 598 2072 arbitratur,
617 1993 792 2078 nuptiasque
810 1991 841 2054 in
861 1990 957 2056 veteri
976 2002 1153 2056 testamento
1171 1991 1268 2057 licitas

103 2093 216 2173 inisse,
240 2093 292 2158 sed
317 2103 385 2179 post
401 2095 560 2159 adventum
576 2089 690 2159 Christi
715 2095 832 2160 easdem
855 2091 1050 2173 reiiciendas;
1080 2104 1182 2180 utpote
1203 2095 1267 2179 qui-

101 2197 226 2260 buscum
244 2196 374 2260 eoeleste
389 2217 513 2281 regnum
530 2195 658 2262 obtineri
677 2206 814 2281 nequeat.
860 2194 938 2280 Quid
954 2197 1045 2275 enim,
1069 2197 1176 2282 inquit,
1199 2217 1267 2262 ver·

100 2298 172 2362 bum
189 2299 258 2363 novi
277 2309 306 2362 ut
325 2300 438 2363 iaceret
453 2297 592 2362 advenit?
614 2298 681 2383 quid
700 2297 818 2382 inquam
836 2299 907 2364 nori
922 2299 1104 2383 praedicare,
1124 2310 1174 2363 aot
1189 2301 1265 2384 quod

102 2399 255 2486 egregium
282 2401 394 2466 facinus
419 2401 515 2465 moliri
539 2401 652 2466 voluit?
696 2397 729 2464 Si
750 2402 796 2464 dei
821 2400 956 2466 timorem
976 2401 1105 2480 dixeris,
1130 2401 1186 2464 hnc
1207 2403 1265 2465 iam

100 2503 156 2566 lex
171 2502 235 2588 ipsa
250 2503 435 2568 continebat:
467 2503 493 2566 si
509 2503 642 2589 nuptias,
667 2503 753 2566 etiam
773 2503 802 2566 in
819 2503 914 2568 saeris
931 2503 1026 2567 literis
1039 2503 1264 2588 praedicautnre

100 2605 127 2670 si
151 2604 291 2670 invidiam
314 2604 468 2670 avaritiam
490 2605 663 2670 iniustitiam
685 2605 841 2670 damnasse
865 2606 965 2685 dicas,
996 2605 1070 2669 haec
1093 2606 1192 2671 omnia
1213 2627 1266 2672 ve·

99 2718 168 2772 tere
187 2716 362 2771 testamento
385 2707 598 2793 comprehensa
619 2717 699 2772 sunt.
746 2705 892 2793 Superest
907 2728 979 2792 ergo
999 2708 1027 2771 id
1045 2719 1078 2772 nt
1100 2730 1189 2776 unum
1208 2710 1268 2774 effi-

99 2829 173 2874 cere
197 2809 325 2875 roiucrit
352 2819 385 2873 nt
407 2810 619 2874 continentiam
646 2809 830 2895 praedicaret
856 2809 886 2873 in
914 2809 1040 2891 mundo,
1075 2832 1110 2875 ac
1132 2811 1188 2876 sibi
1211 2811 1267 2898 ipsi

99 2911 305 2976 castimoniam
328 2911 488 2996 dciigcrct3
510 2912 575 2976 sinc
598 2933 653 2998 qna
677 2911 804 2976 obtineri
827 2912 887 2977 vita
911 2933 969 2976 nnn
994 2913 1097 2998 possit.

187 3012 235 3077 Ad
251 3013 369 3078 itinero
388 3015 494 3099 dogma
516 3014 763 3102 comprobandum
780 3015 981 3100 undecumque
1004 3026 1177 3100 argumenta
1198 3035 1265 3080 cor·
1284 3021 1344 3090 cop.
1362 3025 1393 3074 tt.

98 3127 207 3200 rogat,
230 3116 313 3182 velut
335 3117 416 3181 ilium
440 3117 554 3180 locum:
588 3120 848 3199 Suoetrfeotr'onem
873 3129 1009 3192 metrone,
1034 3122 1096 3180 crire
1110 3139 1167 3199 quo
1183 3139 1418 3193 nemouemnau.

99 3221 210 3282 ardebit
229 3224 321 3281 deam.
370 3215 456 3301 Quod
474 3219 499 3282 si
525 3219 651 3304 apostoli
677 3220 785 3284 dictum
807 3220 877 3285 ittnt
903 3219 1042 3301 obiicias,
1076 3224 1417 3297 Honoroedueuetmae.

98 3333 173 3384 suot
193 3327 324 3402 nuptehe,
349 3333 380 3383 et
394 3334 474 3384 torua
497 3325 710 3384 immaculatus.-
734 3325 933 3406 fornicatores
956 3335 1049 3386 ouum
1072 3335 1102 3384 et
1120 3327 1266 3386 adulteros

99 3425 242 3486 rirdr'robr‘t
256 3427 342 3498 deur,
366 3423 411 3487 sic
429 3423 478 3488 ilie
496 3424 673 3508 respondete
705 3423 796 3508 nequi
821 3425 908 3510 pauio
929 3436 996 3510 post
1019 3425 1096 3488 idem
1113 3426 1265 3512 apostolus

99 3524 191 3605 dicit,
221 3531 345 3607 Innupta
361 3529 486 3588 solla'ea'tn
510 3537 555 3588 est
566 3530 601 3588 de
615 3529 661 3588 dir
676 3547 749 3606 pune
764 3531 814 3588 dei
825 3540 910 3602 sunt,
936 3533 1071 3609 quomodo
1081 3533 1198 3610 placeat
1216 3533 1266 3590 do-
1275 3541 1294 3586 1.
1301 3541 1417 3598 coetae

97 3632 189 3703 meite,
210 3641 238 3689 et
252 3633 351 3708 urigo:
374 3640 463 3709 nupto
478 3651 543 3691 uero
560 3631 685 3691 sollicito
701 3639 746 3690 eet
762 3633 898 3709 quomodo
907 3632 1024 3710 placent
1037 3635 1109 3703 nubo,
1131 3641 1161 3692 et
1174 3635 1265 3692 dubria

96 3743 156 3793 est.
202 3727 287 3794 Unde
305 3730 330 3794 si
348 3730 455 3795 divisio
474 3730 570 3810 inest,
595 3731 740 3816 quomodo
760 3730 946 3796 intercedere
964 3731 1131 3796 commuuio
1148 3735 1265 3817 potest?

97 3832 150 3897 Ae
173 3830 199 3894 si
217 3831 273 3896 deo
290 3853 349 3896 nou
367 3832 499 3918 placeat,
531 3833 584 3896 sed
607 3832 691 3913 viro,
721 3843 857 3919 potestne
874 3833 1066 3899 hereditatem
1083 3855 1099 3897 a
1116 3834 1172 3897 deo
1194 3853 1266 3897 eon·

96 3933 209 4018 sequit
241 3929 317 3998 Cum
335 3944 431 3998 autem
449 3934 492 3998 sie
511 3933 661 3999 hortatur:
685 3939 806 4016 Propter
815 3937 1027 4018 sorm'eotebnes
1041 3947 1152 4011 nutent,
1177 3958 1265 4000 anas-
1278 3949 1416 4009 numan

95 4041 221 4120 quasque
240 4059 321 4098 suom
344 4059 462 4098 acorem
480 4039 596 4112 dodeot,
631 4057 689 4100 non
707 4037 866 4102 laudandas
884 4048 950 4124 post
967 4039 1124 4105 adrentum
1142 4039 1263 4118 domini,

94 4139 154 4204 sed
176 4137 342 4202 toterandas
361 4138 476 4223 nuptias
492 4150 590 4223 putat,
615 4159 653 4204 ne
673 4139 768 4202 maius
785 4138 816 4202 in
831 4140 954 4204 exitium
971 4139 1148 4226 praecipites
1164 4151 1262 4205 ruant.

29 4309 46 4326 ⁸
93 4245 179 4304 Sunt
192 4244 263 4302 enzin
280 4244 418 4315 eunachi,
443 4245 495 4322 qua*
508 4246 615 4322 serpena
630 4252 829 4306 cremaverunt
837 4255 958 4323 propter
972 4264 1091 4322 regnunt
1106 4247 1257 4306 coelorum.
1278 4223 1366 4332 iffi*

154 4393 216 4445 co.
233 4395 264 4444 ιι.
282 4421 317 4432 -
352 4391 374 4445 t.
391 4387 468 4460 toan
484 4397 522 4446 an
539 4397 622 4448 amo.

149 4461 177 4516 2
194 4464 305 4515 Fortem
323 4458 460 4522 mendic.
