3168 4926
400 245 535 300 nautea
552 247 615 300 nte.
628 249 660 302 n.
676 249 758 302 nora.
772 251 791 301 t.
808 247 907 301 ansa.
920 249 962 302 nr.
1217 237 1258 302 sa

98 387 198 432 comes
213 367 323 446 luerat,
347 366 494 432 scrihendi
510 365 655 454 evangelii
672 369 824 454 provincia
841 370 1042 436 committitur.
1088 367 1174 454 Quod
1192 391 1259 434 cnm

98 471 231 549 lecisset,
264 470 327 534 ab.
344 465 434 533 Petro
449 470 477 532 in
492 470 660 556 Aegyptum
677 471 812 537 mittitur.
856 471 1084 538 Erethiounos
1103 469 1259 538 eLXXll

97 572 249 658 discipulis
269 573 318 657 qui
337 572 374 636 oh
395 593 561 636 sermonem
579 574 658 638 illum
677 574 800 659 dispcrsi
819 586 888 638 sont
905 597 989 660 quem
1008 576 1142 640 dominns
1160 576 1260 640 elocu-

98 688 143 740 tns
161 678 279 740 inerat:
297 679 367 738 Nhr'
378 681 441 758 pois
455 681 667 740 manducaverat
678 699 790 740 caraem
804 699 901 752 meam,
918 691 948 739 et
963 680 1068 741 iahad
1078 684 1256 760 sangumem,
1269 696 1411 758 tuaest.

97 801 151 841 noa
169 783 418 860 estmeda'gnes:
449 780 490 844 nti
510 779 606 844 sciunt
625 781 673 864 qni
692 780 877 863 evangelium
896 780 1032 864 legerim.
1079 780 1259 846 Verumille

98 879 178 944 Petri
199 901 294 967 opera
313 903 454 946 reversos
470 904 506 946 ac
521 883 623 968 spirito
643 895 746 947 sancto
765 882 893 966 repletus
910 883 1112 948 conscribendi
1130 896 1260 968 evange·

99 983 127 1046 lii
146 1004 255 1048 monas
272 983 397 1070 accepit.
444 982 516 1048 lnde
535 1005 624 1070 porro
641 983 709 1048 illud
728 1005 854 1050 exorsus
874 996 935 1063 est,
960 987 1036 1049 node
1054 985 1174 1072 spiritns
1192 1007 1259 1050 eom

99 1097 219 1150 sanctas
235 1086 364 1171 impulit,
382 1097 412 1150 et
427 1107 443 1148 a
459 1085 532 1151 XV.
546 1085 661 1151 Tiberii
679 1084 819 1152 Caesaris
835 1109 913 1152 anno
927 1090 1051 1174 sumpsit
1066 1089 1191 1167 initium,
1210 1089 1259 1174 qui

100 1199 144 1252 est
157 1185 271 1254 XXX.
288 1190 325 1252 ah
335 1209 376 1252 co
390 1189 466 1253 node
478 1186 646 1254 Matthaeus
660 1190 858 1256 narrationem
870 1191 1030 1256 inchoavit.
1059 1189 1260 1274 Quamobrem

101 1311 164 1354 cnm
182 1293 335 1356 secandus
357 1290 403 1356 hio
422 1292 566 1376 euangelii
583 1291 710 1377 scriptor
726 1293 894 1374 extitisset,
926 1314 981 1357 nec
1003 1295 1039 1357 de
1057 1294 1139 1358 verbi
1160 1295 1205 1358 dei
1229 1292 1259 1357 iu

101 1403 195 1458 terras
212 1395 331 1458 eooclo
347 1396 465 1480 delapso
481 1393 634 1481 perspicue
647 1395 854 1480 significasset,
882 1417 1055 1481 quamquam
1072 1417 1215 1483 expresse
1231 1395 1259 1462 id

102 1498 219 1560 omnino
237 1497 415 1575 declaravit,
438 1533 481 1546 -
510 1518 613 1562 rernm
635 1519 700 1562 cum
718 1499 815 1562 minos
835 1499 864 1562 id
884 1511 1021 1563 accurate
1038 1509 1259 1584 pertractasset,

103 1598 167 1662 hinc
190 1619 289 1662 novae
307 1600 449 1684 quaedam
474 1600 615 1665 tenchrae
635 1601 768 1680 illoram,
801 1623 874 1686 qnos
892 1603 977 1687 paulo
997 1612 1066 1666 ante
1084 1623 1262 1666 commemo-

103 1700 178 1780 rari,
201 1701 331 1785 ingeniis
347 1702 468 1767 obortae
485 1713 570 1783 sunt3
595 1724 632 1767 ne
648 1723 699 1767 eos
714 1703 904 1787 evangelicus
918 1703 967 1768 illc
982 1703 1121 1789 splendor
1134 1705 1262 1768 illustra-

103 1816 159 1868 ret.
204 1801 259 1868 Sic
278 1805 356 1866 enim
374 1804 415 1868 illi
433 1805 597 1869 iactabante
629 1803 709 1869 Ecce
728 1807 778 1869 tihi
796 1829 903 1870 novum
924 1807 960 1870 de
977 1803 1098 1871 Christn
1116 1808 1260 1890 proditum

103 1917 150 1970 est
165 1907 367 1990 evangelium,
391 1907 421 1971 in
437 1929 493 1991 quo
509 1908 588 1971 nulla
604 1909 639 1972 de
655 1909 776 1972 coelesti
791 1909 837 1973 illa
850 1910 1043 1993 generatione
1058 1911 1185 1974 mentio:
1210 1909 1261 1973 scel
1385 1935 1388 1943 ·

102 2009 158 2072 hoo
177 2029 266 2072 onam
286 2020 446 2074 memorata
480 2015 514 2072 Ia
530 2015 652 2074 Iordane
671 2015 814 2076 deseendit
828 2018 948 2094 apri-itus
963 2019 992 2076 ia
1010 2015 1107 2089 nilum,
1138 2025 1415 2088 atrocem....1,1a

101 2115 158 2173 Heia
177 2123 223 2173 est
233 2115 321 2194 fihiaa
342 2133 419 2174 meus
441 2115 574 2189 delectus,
599 2119 629 2176 e'n
651 2137 706 2196 quo
727 2117 798 2176 malti
816 2118 981 2195 complacui.

185 2210 263 2278 Cum
278 2213 368 2298 igitar
381 2215 418 2278 iis
432 2215 461 2278 in
476 2214 564 2279 rebus
579 2227 637 2280 tam
652 2215 832 2280 incredibilis
845 2216 959 2282 illoram
975 2229 1148 2282 versarctur
1160 2238 1261 2282 amen·
1279 2229 1405 2296 capvtt.

103 2315 161 2395 tia,
193 2317 315 2401 spiritns
333 2327 452 2382 sanctos
475 2319 504 2381 h.
524 2315 637 2382 Lucam
655 2319 777 2383 occultis
793 2320 963 2404 quibusdam
984 2319 1109 2384 stimolis
1132 2321 1211 2404 cogit
1233 2331 1264 2384 et

1312 2091 1399 2134 olll··

103 2418 227 2497 excitat,
248 2429 282 2482 nt
296 2439 337 2482 ex
351 2420 492 2484 altissima
507 2421 556 2486 illa
571 2422 714 2506 voragine
730 2441 884 2488 caecorum
900 2423 1046 2486 hominum
1063 2433 1177 2486 mentes
1192 2422 1263 2486 edo·

102 2531 196 2600 caret,
221 2533 342 2606 atquae
359 2525 476 2588 luerunt
490 2523 526 2588 ah
544 2523 609 2589 aliis
625 2524 831 2610 praetermissa
845 2525 963 2608 scriptis
976 2525 1206 2603 commendaret,
1224 2543 1262 2588 ne

102 2625 166 2708 qais
184 2645 202 2687 a
218 2625 344 2690 veritate
359 2625 476 2709 longius
493 2625 635 2690 oberrans
654 2628 790 2690 crederet
808 2624 918 2692 Christi
935 2626 1157 2710 generationem
1174 2627 1211 2690 ah
1225 2647 1262 2690 eo

103 2726 182 2790 relat
208 2727 304 2791 ictam
331 2728 455 2792 lahnlam
479 2730 571 2794 luisse
597 2729 786 2815 propositam.
833 2727 893 2794 Sed
920 2729 1084 2792 orationem
1108 2729 1158 2792 ille
1179 2751 1261 2792 suam

103 2829 241 2916 deinceps
265 2831 353 2894 ell'ert
374 2831 478 2910 altius,
508 2851 544 2896 ac
566 2853 631 2896 cnm
650 2831 784 2896 sabtilius
804 2842 933 2916 exponat
951 2831 1067 2910 omnia,
1099 2832 1142 2895 rei
1159 2844 1262 2916 gestae

102 2932 208 2995 seriem
235 2943 373 2996 ancorato
398 2935 600 3019 prosequitur,
632 2945 662 2997 ct
685 2936 720 2998 od
743 2933 860 2998 veritati
881 2933 1043 2996 taciendam
1063 2935 1147 2998 fidem
1170 2946 1262 3000 testes

103 3035 166 3098 illos
184 3035 324 3120 proponit
344 3035 374 3098 in
394 3035 537 3114 medinm,
572 3037 619 3120 qni
642 3035 732 3100 divini
752 3036 834 3100 aerlei
855 3037 970 3100 lucrant
988 3036 1163 3101 administri.
1210 3035 1263 3104 Sic

102 3138 178 3202 eninr
195 3136 344 3222 loquitor:
375 3142 510 3218 Quono'am
528 3143 637 3220 quidem
654 3142 928 3202 multicoaatr'ront
942 3143 990 3219 (ut
1006 3140 1179 3218 nonnullos,
1212 3140 1260 3223 qui
1273 3161 1329 3207 tae
1344 3163 1363 3207 t.

102 3239 130 3302 id
154 3241 251 3303 conati
278 3241 413 3319 lucrant,
445 3239 609 3320 indicaret,
642 3236 815 3306 Corinthum
839 3242 996 3319 videlicet,
1025 3239 1207 3306 Merinthum
1233 3255 1264 3306 ct

103 3342 211 3423 alios)a
237 3341 333 3428 pergit
350 3361 438 3406 veroa
473 3347 567 3406 Visum
584 3357 629 3406 ost
641 3348 713 3406 midi
725 3348 854 3427 desitoeps
866 3355 995 3408 assecuto
1008 3368 1027 3408 a
1038 3351 1181 3428 praecipio
1196 3349 1263 3408 mtt-

99 3457 203 3524 μιν
218 3467 266 3507 eos
280 3449 332 3527 qui
342 3451 400 3527 t'psi
410 3449 550 3521 oederent,
576 3459 606 3508 et
617 3453 744 3510 mimastri
753 3454 890 3512 emenonis
901 3451 1031 3530 firmana
1056 3451 1182 3512 scrihere
1197 3450 1259 3522 tr'de',

101 3552 203 3627 epate
222 3549 387 3628 Theophila:
412 3549 476 3612 sive
494 3550 530 3612 ad
546 3546 740 3634 Theophilum
758 3551 918 3636 qnempiam
935 3551 1068 3616 scribens
1084 3551 1124 3615 ita
1139 3550 1260 3630 dixerit,

103 3651 169 3712 sire
185 3659 331 3712 amantem
350 3651 395 3714 dei
411 3651 570 3734 quemlihet
584 3652 764 3736 alloquatur:
787 3657 912 3728 Eorum,
938 3653 1042 3738 inquit,
1066 3655 1212 3716 omdornm
1228 3657 1264 3716 de

100 3753 204 3833 mem
228 3755 357 3814 mudr'tm
379 3775 409 3815 es
432 3759 587 3817 uerr'totem.
633 3751 691 3819 Ubi
710 3757 877 3820 nonnullam
897 3755 1108 3822 institutionem
1125 3765 1263 3818 anteces-

100 3854 180 3918 sisse
199 3854 362 3937 significat,
394 3877 451 3940 qna
472 3854 509 3919 oh
532 3855 597 3921 aliis
615 3857 672 3921 inm
690 3870 756 3921 erat
770 3859 917 3938 imhotos,
947 3858 998 3923 sed
1017 3858 1053 3921 ah
1069 3858 1171 3920 iisdem
1188 3858 1263 3922 certi

101 3957 176 4020 nihil
188 3956 353 4041 accepisse.
398 3955 472 4022 Post
489 3957 562 4022 haec
576 3958 619 4022 rei
637 3960 790 4024 veritatem
806 3961 944 4046 exponit:
968 3961 1193 4024 thaeroneus
1207 3966 1264 4024 He-

99 4063 185 4121 redis
202 4063 283 4138 regis
303 4063 339 4122 de
359 4066 419 4122 aree
434 4063 512 4124 Atra
521 4063 668 4143 poahfieie
684 4067 817 4124 mmrdor
834 4067 945 4144 putidasn
963 4066 1073 4124 samaiae
1088 4065 1260 4140 Zacharias,

100 4174 129 4223 et
143 4183 221 4222 mr
238 4165 299 4223 eries
312 4166 479 4245 defihhdes
494 4171 613 4241 Aaron,
639 4169 749 4226 samaiae
764 4167 926 4226 Elisabeth.
973 4163 1072 4228 Altius
1089 4185 1159 4248 ergo
1177 4187 1263 4250 quam

100 4261 274 4328 Matthaeus
291 4285 420 4330 exorsus
442 4277 498 4329 est.
544 4265 715 4332 Matthaeus
738 4266 815 4330 enim
836 4265 1014 4330 tricesimum
1033 4267 1138 4332 aetatis
1155 4289 1263 4330 annum

100 4366 189 4430 initio
205 4365 379 4432 mercavit.
423 4365 546 4433 Morcus
562 4391 635 4434 vern
652 4389 726 4455 qnae
744 4379 811 4455 poet
825 4366 1005 4436 tricesimam
1023 4381 1109 4456 gesta
1125 4381 1195 4438 sunt
1209 4389 1265 4434 ex⁴

100 4505 212 4554 mm
227 4507 317 4557 eutem
334 4507 484 4574 mmmm
509 4508 602 4560 metro
617 4510 714 4562 eotomt.
