3148 4938
381 193 520 248 rantum
538 195 602 248 cta.
619 197 652 248 ιι.
669 195 751 248 rom.
765 197 797 248 11.
812 195 915 249 unua.
930 197 1023 252 exva.
1223 191 1284 254 tot

121 317 240 376 trudere
256 319 396 378 eimedi
406 327 525 378 cotom
537 320 568 378 r'n
583 320 727 378 roterr'tcrn
741 322 854 392 corrui,
879 329 915 380 ot
932 322 1052 398 meratus
1065 323 1162 383 calcor
1173 321 1237 402 fiat
1256 327 1286 384 a'rr

119 421 294 478 da'edorar‘na'.
342 415 404 482 lam
420 417 672 482 carniaiutcritua
690 418 761 482 nihil
783 419 860 482 aliud
881 429 928 484 est
942 440 1028 503 quam
1052 421 1186 486 absoluta
1207 423 1286 488 illius

119 518 278 582 extinctio.
324 516 480 602 Quomodo
508 520 598 605 igitur
621 541 686 584 cum
710 507 741 583 iu
766 520 872 584 diaboli
895 531 1042 606 potestate
1063 545 1134 588 caro
1156 526 1286 590 funditus

119 621 313 704 extinguatur
329 623 469 708 solusque
483 632 621 688 servetur
635 622 773 708 spiritus,
799 643 955 708 corporum
973 645 1040 687 esse
1056 636 1154 710 potest
1171 629 1284 692 carnia·

119 744 178 806 que
202 726 403 788 resurrectio?
446 725 532 790 Adeo
557 746 631 790 vero
656 735 703 788 cat
720 724 810 790 hebes
827 736 859 789 ut
877 725 948 790 illud
967 748 1025 790 non
1046 727 1161 807 videat,
1184 729 1283 796 carnia

118 847 209 910 opera
227 827 452 892 fornicationem
467 849 552 907 csse,
578 827 752 892 adulterium
770 849 806 892 ao
823 828 984 907 libidinem,
1009 838 1040 892 ct
1057 829 1084 892 id
1101 850 1196 914 genus
1211 831 1281 911 alia,

117 948 176 992 uec
192 928 227 991 de
245 949 334 992 carne
350 930 448 1009 illum,
480 931 531 994 sed
554 931 590 994 de
613 930 712 994 carnis
733 929 871 1016 operibus
897 929 988 1014 loqui.
1033 929 1113 996 Nam
1132 953 1198 996 cum
1221 943 1283 998 atu-

116 1051 201 1116 prum
217 1031 323 1115 aliquio
337 1032 507 1111 committit,
532 1052 603 1096 caro
621 1031 698 1096 istud
716 1033 892 1116 exequitur,
917 1054 982 1096 cum
1001 1042 1098 1096 autem
1117 1043 1282 1119 temperau-

116 1133 188 1194 tiam
214 1133 270 1196 aiii
289 1136 484 1220 compararit,
516 1135 572 1198 iam
590 1155 661 1198 οπο
679 1135 893 1219 quodammodo
916 1154 983 1198 esse
1000 1155 1071 1198 οπο
1087 1134 1213 1216 desinit,
1237 1146 1282 1199 at-

115 1235 224 1318 quein
246 1235 379 1320 spiritum
406 1237 606 1317 convertiturq
637 1237 879 1320 quemadmodum
906 1237 1057 1323 apostolus
1083 1237 1193 1302 referta
1228 1242 1286 1317 θοι·

114 1339 199 1398 metro
214 1343 364 1401 coniunxit
378 1341 484 1414 nendos,
502 1343 587 1414 dr'ace't,
611 1343 732 1420 Propter
745 1342 798 1401 doc
812 1341 955 1421 reicitquct
968 1344 1050 1402 deora
1062 1352 1173 1421 patrem
1185 1361 1278 1415 ruam,
1293 1363 1353 1422 rapu.
1366 1364 1387 1416 t.
1400 1365 1434 1410 tr.

113 1451 149 1501 et
162 1452 279 1502 matrem
296 1463 393 1516 auom,
426 1453 456 1503 et
470 1443 638 1504 uddcercdr‘t
661 1447 751 1504 umcm'
768 1463 854 1515 cuce,
885 1454 916 1504 ct
937 1455 1022 1504 erunt
1044 1446 1099 1504 duo
1118 1446 1149 1504 a'n
1168 1463 1282 1504 cornert

113 1563 217 1604 marn.-
248 1548 327 1606 sicut
344 1549 396 1625 qua*
408 1547 545 1606 adluderet
560 1548 703 1606 merr'trr'cr'
721 1565 806 1606 enom
826 1565 930 1624 eorpus
949 1556 1007 1618 ert,
1033 1557 1062 1606 et
1078 1549 1130 1626 qui
1143 1547 1283 1638 oddonft

114 1649 230 1708 doram
254 1667 327 1706 enas
348 1651 468 1726 ποίου
489 1659 541 1708 eat.
590 1643 693 1729 ltaque
712 1645 761 1730 qui
778 1653 912 1730 stuprum
933 1645 1105 1724 committit,
1128 1665 1198 1710 οπο
1221 1647 1281 1710 clli-

112 1745 210 1825 citur,
235 1767 293 1810 ncn
310 1767 418 1832 corpus
434 1749 596 1826 duntaxat,
629 1748 682 1811 aed
707 1756 737 1810 et
759 1759 860 1810 cetera
881 1747 996 1825 omnia,
1027 1747 1160 1832 adeoque
1183 1747 1280 1810 anima

111 1849 225 1934 ipsein
243 1869 361 1912 carnem
380 1850 592 1934 quodammodo
608 1859 746 1913 mutatur.
781 1846 859 1912 Dum
875 1848 951 1913 euim
971 1849 1007 1912 ad
1024 1848 1211 1913 meretricem
1228 1850 1280 1912 ad·

111 1951 283 2028 lracreaoit,
314 1972 383 2014 οπο
404 1952 452 2031 tit,
477 1971 601 2036 cumque
619 1951 748 2016 carnalis
764 1950 822 2030 sit,
847 1951 966 2014 omuino
984 1971 1055 2014 caro
1072 1951 1191 2014 dicitur.
1236 1949 1281 2014 At

108 2051 162 2136 qui
181 2051 298 2116 domino
313 2054 473 2132 adhaeret,
498 2067 556 2118 tam
575 2074 700 2138 corpore
716 2073 801 2138 quam
815 2053 914 2118 animo
930 2075 1007 2118 unus
1023 2074 1089 2116 cnm
1104 2074 1143 2118 co
1158 2054 1280 2140 spirituc

111 2164 182 2233 est,
206 2175 240 2218 ac
257 2155 393 2240 quicquid
416 2155 444 2220 in
465 2155 583 2220 homine
600 2156 696 2236 ineat,
730 2176 805 2219 unua
822 2156 852 2222 in
870 2156 987 2220 domiuo
1003 2156 1126 2240 spirituc
1143 2156 1278 2220 efficitur.

111 2253 185 2339 Qua
202 2257 237 2321 de
254 2277 287 2320 re
303 2267 438 2322 statuens
453 2256 529 2322 idem
548 2257 716 2343 apostolus,
747 2263 841 2332 derra,
867 2256 977 2342 inquit,
996 2263 1096 2338 poradt
1112 2264 1142 2320 ἑο
1159 2268 1433 2340 carpentum-tate.

109 2363 208 2422 ommia
224 2361 348 2421 membro
363 2363 479 2440 rrirgalo
492 2372 583 2440 prout
598 2363 697 2424 coluit.
746 2357 822 2424 Vide
841 2369 872 2422 ut
891 2360 1024 2444 rumoris
1041 2381 1157 2444 quoque
1177 2360 1279 2424 condi·

110 2471 210 2525 torem
232 2462 357 2525 affirmet
380 2462 465 2526 dcam
494 2483 530 2526 ac
548 2461 745 2526 membrorum
769 2470 939 2525 nostrorum
959 2462 1203 2548 compositorem,
1228 2463 1278 2546 qui

110 2561 262 2648 capientia
278 2584 313 2627 ac
332 2563 463 2628 bonitate
481 2585 535 2627 aua
561 2563 603 2627 uti
626 2563 719 2627 voluit
738 2562 876 2627 universa
900 2563 1062 2629 coustituit.
1108 2561 1182 2630 l'oat
1203 2563 1277 2628 hacc

107 2665 282 2751 exemplum
298 2667 431 2750 corporis
451 2667 545 2730 nostri
566 2666 603 2728 ad
620 2661 733 2730 Curiati
756 2685 865 2750 corpur
884 2667 1102 2730 accommodat:
1138 2670 1429 2746 emmae-reomao

105 2771 223 2832 modum
238 2779 269 2829 et
278 2790 329 2830 noa
345 2789 448 2848 corpur
464 2772 575 2830 Cdraatr‘
587 2789 700 2842 remur,
725 2780 754 2828 et
769 2769 892 2830 membro
907 2771 942 2828 de
957 2769 1089 2844 membro,
1115 2781 1144 2830 et
1156 2773 1276 2832 ecclecr'u

104 2875 175 2944 dea',
200 2891 272 2950 quoe
287 2881 331 2932 ert
345 2891 449 2950 eorpus
464 2873 583 2934 Cdo-rad.
631 2866 761 2933 Proinde
777 2870 803 2932 ai
820 2889 927 2954 corpus
945 2868 993 2932 dci
1012 2870 1137 2936 ecclesia
1159 2870 1274 2956 spiritui

106 2971 292 3052 adhaerens,
317 2971 372 3036 hoc
390 2983 437 3036 cst
453 2972 588 3050 domino,
614 2992 689 3036 uuus
706 2983 753 3036 eat
767 2971 900 3056 spiritua,
924 2972 1099 3057 quicumque
1117 2973 1276 3038 abeodem

107 3073 235 3151 excidit,
260 3073 381 3158 perinde
397 3095 413 3137 a
432 3073 535 3160 spiritu
553 3073 740 3153 desciscens,
764 3073 861 3137 anima
879 3073 1035 3159 peniteret
1053 3094 1178 3160 corpore
1195 3096 1275 3138 corn·

106 3185 241 3242 mutatur
260 3175 290 3238 iu
314 3197 453 3255 carnem,
484 3197 518 3240 ac
537 3176 647 3261 siquid
668 3174 746 3239 aliud
764 3174 793 3238 ia
815 3175 880 3260 ipsc
899 3176 1078 3240 continetur.
1124 3173 1201 3240 Nam
1225 3177 1274 3262 qui

106 3277 174 3342 fieri
192 3288 310 3362 posset,
335 3300 402 3364 parc
420 3290 526 3343 utana
542 3289 664 3342 satanae
688 3278 873 3355 traderetur,
898 3298 956 3341 nou
974 3279 1141 3342 traderetur
1160 3279 1275 3344 altera?

104 3377 218 3463 Neque
236 3400 309 3444 vero
325 3380 401 3444 dixit
417 3381 586 3466 apostolus,
622 3383 746 3441 wodere
763 3401 875 3442 curnem
893 3391 1027 3456 catanae,
1053 3382 1123 3461 scd,
1151 3385 1275 3444 Tradere

104 3485 255 3544 caecandi.
304 3483 346 3546 Aa
360 3484 409 3566 qui
429 3486 580 3545 Eraamode'
594 3481 682 3558 dicit,
706 3481 854 3564 integrum
879 3483 1012 3566 prolecto
1029 3482 1193 3561 hominem,
1218 3483 1274 3546 hoc

104 3595 160 3648 est
174 3595 233 3647 tam
251 3584 379 3648 animam
403 3605 487 3668 qnam
506 3604 613 3669 corpus
631 3581 785 3646 tradiderit
808 3603 934 3648 necesse
952 3594 1010 3648 cat.
1058 3581 1116 3666 Qui
1140 3605 1206 3647 cum
1229 3593 1273 3648 to·

105 3699 170 3751 tum
192 3686 363 3765 tradiderit,
394 3696 487 3750 totum
506 3686 644 3750 videlicet
662 3705 783 3750 carnem
806 3705 876 3758 esse¹
898 3684 1061 3769 significat,
1093 3694 1123 3747 at
1139 3685 1274 3770 spiritum

104 3791 137 3854 ia
158 3788 234 3850 diem
251 3787 362 3852 domini
378 3788 495 3853 cervari
514 3789 714 3866 demonstrat,
747 3799 779 3851 ut
804 3807 840 3852 ne
863 3787 989 3852 ecclesia
1003 3787 1199 3872 delinquentia
1221 3787 1274 3852 to-

105 3890 198 3955 miuis
218 3891 333 3956 scolere
349 3890 603 3975 obstringeretur,
627 3890 772 3974 uniusque
789 3889 896 3954 delicto
919 3899 979 3954 tota
1001 3891 1064 3976 ipra
1079 3889 1272 3976 pollueretur.

104 3992 211 4076 Quare
229 3993 269 4058 ita
288 3993 370 4058 iubet
384 3993 551 4079 apostolus:
579 3995 695 4056 Tradite
707 4013 769 4053 cuna
785 3996 837 4073 qui
852 3994 986 4074 deliquit,
1011 4004 1044 4055 ot
1059 3997 1189 4075 rprritua,
1214 3993 1269 4058 laco
1280 3999 1359 4048 2⁰⁰¹·
1369 3997 1423 4055 Μ

103 4105 155 4160 cat
177 4095 304 4160 ecclesia
326 4095 485 4176 universa,
509 4098 606 4158 nataae
627 4098 675 4156 ait.

100 4349 176 4419 potia
192 4351 313 4418 proponit
328 4367 418 4419 corpur
434 4351 542 4414 oldad,
560 4351 630 4422 quod
644 4361 671 4406 ot
740 4349 763 4404 Β.
781 4369 807 4405 τι
823 4351 977 4402 emendarunt
995 4351 1125 4406 Gornorlur
1144 4356 1166 4406 et
1186 4356 1269 4414 Peter.

101 4436 154 4474 oce
172 4435 263 4486 corpur
277 4419 369 4472 chricti
384 4437 467 4474 aarum
484 4426 535 4476 cert
621 4441 623 4446 ·
705 4435 744 4486 τις
760 4425 794 4472 ert
809 4422 835 4472 tn
852 4421 917 4470 tauro
934 4420 1049 4472 orandus.
