3176 4930
374 262 436 328 258
801 271 923 326 ειινοτι
942 269 1110 327 εεινιιιιιιι

375 397 485 476 μᾶλλον
500 387 571 458 οῦδδ
587 389 651 458 τότε
668 415 685 456 ο
714 387 800 458 αόεοδ
816 393 891 456 ποιεῦ
905 389 960 474 τήν
977 388 1070 474 αῦτήν
1084 393 1181 478 σόρικα
1199 388 1346 473 έσόμεθα,
1366 387 1441 457 du&
1454 387 1519 454 κεεό

373 492 408 559 τό
425 489 505 569 εἶδος
518 490 551 558 τό
568 495 620 558 καλ
638 499 693 557 νῦν
712 489 756 558 όεέ
778 489 994 576 δισταζόμενον
1008 494 1039 559 έν
1055 489 1127 576 ήμῐν
1142 493 1194 558 καὶ
1210 493 1305 574 μένον.
1340 490 1382 556 Ὃ
1397 489 1455 578 γόρ
1469 494 1521 558 έκεῖ

373 593 407 662 τό
424 597 533 680 δέρμα,
555 600 642 660 τοῦτο
657 593 692 661 τό
709 591 788 670 εἶδος
804 593 929 673 ἐνθάδε,
950 593 970 660 ό
987 595 1019 662 δέ
1034 597 1096 662 έκεῐ
1109 593 1143 660 τό
1158 592 1241 678 ῦδιορ
1258 596 1307 660 έπλ
1328 600 1383 677 τῆς
1403 594 1519 670 εἰκόνος,

374 703 463 764 τοῦτο
488 699 621 762 ἐνταῦθα
641 694 675 762 τό
694 695 923 782 προςγινόμενον
939 699 990 762 καὶ
1006 694 1230 783 όπογινόμενον.
1262 694 1377 780 Ὦςπερ
1399 689 1456 764 οῦν
1474 703 1520 763 νῦν

372 807 427 866 τοῦ
445 798 583 882 σώματος
599 795 655 864 οῦκ
674 797 760 875 όντος
782 806 836 865 τοῦ
856 797 950 865 αῦτοῦ
974 797 1058 881 όμοις
1073 795 1091 864 ό
1107 796 1255 883 χαρακτήρ
1274 795 1292 864 ό
1311 797 1387 864 κοινοὶ
1403 798 1461 880 τήν
1476 796 1520 864 τιν’-

373 900 428 984 τήν
445 899 567 987 μορφήν
583 897 602 966 6
619 897 709 976 αδτός
730 899 866 979 πιέζεται,
895 900 992 977 οῦτυς
1010 903 1038 967 εἰ
1056 902 1109 966 καλ
1130 898 1217 976 ὄντος
1240 907 1294 966 τοῦ
1318 899 1456 984 στόματος
1474 907 1520 966 τοῦ

374 999 482 1081 σῦτοῦ,
505 1007 547 1082 εἰς
568 1001 602 1068 τό
623 999 814 1088 ἐνδοξότερον
829 1001 862 1068 τό
881 999 959 1078 εἶδος
982 1000 1114 1085 αῦξηθέν
1136 999 1233 1068 οῦκέτι
1252 1004 1283 1068 έν
1301 1010 1449 1092 φθαρτῷ,
1470 1000 1519 1068 ἄλλ’

374 1108 406 1172 έν
426 1103 543 1172 α’ποιθεῑ
561 1107 612 1170 καὶ
633 1111 822 1194 πνευματικῷ
840 1103 1024 1188 δειχθήσεται
1047 1102 1175 1186 στόματι,
1202 1103 1301 1188 όςπερ
1320 1101 1386 1170 οέον
1409 1112 1453 1194 τῷ
1468 1102 1519 1187 Ἰη-

373 1214 429 1274 σοῦ
449 1206 524 1274 um&
539 1205 594 1290 τήν
612 1206 840 1290 μεταμόρροοσιν
855 1199 908 1289 ήν,
930 1205 979 1272 ότε
998 1210 1040 1281 εἰς
1061 1204 1095 1272 τό
1113 1203 1183 1292 όρος
1203 1203 1294 1289 όνέβη
1318 1204 1390 1289 μετῦ
1409 1210 1520 1292 Πέτρον

371 1312 423 1376 κοιλ
443 1317 498 1376 τοῦ
516 1311 675 1386 Μοιῦσέοις
694 1311 747 1374 καὶ
768 1315 822 1374 τοῦ
842 1307 943 1374 Ἠλίου
966 1316 1025 1374 τῶν
1046 1305 1206 1389 ὀφθέντων
1226 1305 1315 1397 αὐτῷ.

235 1513 306 1598 ¹⁸9⁴.
314 1512 357 1582 θ’·
461 1516 522 1580 Καὶ
543 1521 636 1579 ταῦτα
653 1515 707 1596 μέν
723 1514 805 1597 μέχρι
820 1511 957 1580 τοιοῦτον
979 1515 1158 1594 διεσκέφθαι.
1206 1511 1336 1589 1Οῦτιος
1354 1512 1410 1599 γόρ
1434 1541 1474 1591 οις
1493 1516 1519 1579 έν

255 1581 331 1653 (u.)
372 1621 523 1706 κεφαλαίῳ
546 1623 607 1681 τοῖν
624 1613 794 1700 Ώριγένους
814 1611 1055 1699 δογματισμῦν’
1038 1643 1053 1680 ο
1071 1621 1151 1690 νοῦς.
1193 1611 1263 1681 Ἐόν
1281 1616 1315 1680 δέ
1331 1641 1376 1692 εις
1391 1623 1454 1682 τοῖν
1473 1613 1518 1698 όμ-

236 1744 289 1791 μς
302 1734 346 1782 σεε
373 1717 600 1804 φιοβητοῦντοιν
620 1715 902 1804 προβαλλόμενος
870 1743 903 1782 το
920 1723 1004 1800 σῶμα
1021 1722 1074 1782 τοῦ
1093 1723 1241 1801 Χριστοῦ,
1263 1715 1359 1782 δοῦ
1326 1743 1361 1782 το
1378 1717 1518 1804 πρωτότο-

371 1845 427 1888 κον
441 1827 502 1886 νῦν
518 1827 628 1906 νεκρῶν
644 1823 696 1886 καὶ
712 1816 848 1905 όπαρχήν
862 1815 954 1886 αὐτόν
970 1821 1109 1901 εέρήσθαι
1122 1825 1182 1884 νῦν
1196 1820 1430 1902 κεκοιμημένων,
1451 1821 1518 1905 λέγοι

372 1923 419 1989 ότι
433 1921 573 2006 καθάπερ
591 1925 702 1998 ἐκεῖνος
719 1919 840 2002 όνέστη,
862 1923 913 1986 καὶ
928 1919 964 1986 τό
983 1919 1078 1986 πόντα
1097 1918 1235 1998 σι’ςαῦτσις
1251 1923 1344 1986 έκεῖνο
1360 1925 1425 1986 δεῖν
1440 1947 1518 2006 τερος-

372 2028 468 2092 δοκῦν
483 2021 709 2106 όνοιστήσεσθαι,
731 2027 781 2088 ἰ’να
798 2022 895 2104 όςιτερ
916 2021 1043 2107 Χριστός
1059 2022 1220 2110 έγήγερται,
1243 2021 1339 2099 οῦτιος
1351 2027 1404 2089 καὶ
1421 2020 1441 2090 6
1456 2023 1519 2097 θεός

370 2123 442 2202 τοῦς
457 2128 657 2209 κοιμηθέντας
672 2123 722 2190 διό
741 2133 794 2192 τοῦ
813 2123 915 2207 Ἰησοῦ
932 2123 994 2202 όξει
1011 2124 1067 2191 σῦν
1081 2122 1177 2213 αὐτῷ,
1199 2124 1350 2210 ἐγήγερται
1365 2126 1399 2190 δέ
1419 2125 1454 2192 τό
1473 2131 1519 2191 τοῦ

368 2225 466 2310 Ἰησοῦ
488 2230 540 2292 καλ
564 2226 617 2303 τός
639 2226 751 2310 σόρκας
773 2226 810 2302 ῦς
833 2224 905 2310 εἶχε,
932 2229 981 2292 καλ
999 2225 1035 2292 τό
1057 2224 1143 2307 όστᾶ,
1170 2226 1310 2311 καθάπερ
1329 2229 1456 2310 ἐπείσθη
1474 2227 1518 2291 καλ

373 2333 499 2413 θοιμῦς,
521 2367 563 2382 -
583 2331 723 2412 λέξωμεν,
744 2325 828 2394 'Am
843 2327 876 2395 τό
894 2336 948 2396 τοῦ
965 2335 1096 2414 Χριστοῦ
1112 2336 1196 2412 σῶμα
1213 2326 1270 2395 οῦκ
1287 2323 1325 2412 ἦν
1342 2333 1374 2395 έκ
1395 2326 1517 2412 θελήμα-

370 2457 422 2509 τος
435 2429 560 2519 α’νδρός,
588 2428 699 2515 ήδονῆς
718 2429 805 2518 ῦπνρι
829 2432 1048 2512 συνελθούσης,
1076 2433 1109 2496 έν
1126 2427 1262 2512 όνομέυις
1281 2433 1455 2514 συλληφθδν
1473 2432 1516 2496 uz
1562 2441 1563 2462 ¹

370 2536 514 2619 κισσηθέν
528 2537 559 2600 έν
569 2530 747 2618 “οἷμαρεέοιις,
770 2530 840 2597 όλλό
859 2535 893 2599 έκ
916 2531 1083 2614 πνεύματος
1101 2529 1187 2618 οἱγέου
1210 2536 1262 2598 κοιλ
1284 2533 1440 2615 δυνόμεοις
1455 2531 1518 2612 ῦηέ·

370 2658 442 2702 στου
456 2637 507 2702 καλ
522 2637 696 2722 παρθένου,
717 2633 750 2700 τό
767 2635 800 2699 δέ
814 2633 868 2700 σόν
883 2633 979 2710 όπνος
997 2636 1056 2700 έστλ
1072 2636 1125 2699 καὶ
1138 2631 1233 2717 ήδονή
1248 2637 1299 2702 καὶ
1315 2635 1421 2720 δόντος.
1465 2634 1517 2700 m

370 2736 421 2804 διό
442 2744 531 2805 τοῦτο
551 2739 601 2804 καὶ
623 2733 641 2802 6
657 2735 754 2817 σοφός
772 2734 895 2822 Σειρόχ,
923 2734 972 2802 Ἐν
991 2735 1046 2822 γῦρ
1066 2743 1107 2824 τῷ
1124 2733 1329 2820 ἀποθνήσκειν
1349 2735 1515 2824 ῦνθροικον,

371 2835 611 2924 όποφθέγγεται,
638 2838 851 2924 κληρονομήσει
871 2836 979 2922 έρπετό
1002 2840 1052 2904 καὶ
1073 2842 1168 2923 θηρέα
1190 2841 1240 2904 καὶ
1258 2838 1421 2923 σκόληκας.
1465 2839 1515 2904 Καὶ

371 2942 403 3006 έν
421 2937 609 3029 ὀγδοηκοστῷ
631 2947 743 3030 Ψαλμρῑ
766 2939 901 3029 ἑβδόμῳ,
925 2939 983 3023 Μή
999 2949 1061 3016 τοῖς
1077 2947 1194 3026 νεκροῖς
1208 2939 1343 3024 ποιήσεις
1357 2940 1514 3026 θαυμάσια,

370 3038 392 3125 ή
408 3044 504 3128 έστροδ
519 3041 731 3126 όνασιήσουσι,
753 3045 806 3108 καὶ
822 3042 1083 3128 έξομολογήσονταέ
1099 3064 1160 3120 σοι,-
1183 3041 1224 3124 μή
1242 3042 1412 3128 διηγήσεταί
1432 3069 1474 3120 τις
1489 3044 1515 3106 έν

369 3143 457 3233 τῦφηο
476 3143 510 3212 τό
530 3143 610 3221 έλεός
625 3167 695 3221 σου,
723 3147 775 3210 κοιλ
792 3143 847 3228 τήν
868 3143 1011 3228 όλήθειόν
1028 3167 1083 3211 σου
1107 3147 1138 3212 έν
1159 3151 1195 3232 τῇ
1215 3142 1359 3234 dalaq,-
1389 3145 1430 3229 μή
1450 3171 1514 3231 γνιε

371 3247 513 3329 σθήσεται
531 3249 564 3314 έν
579 3252 620 3336 τῷ
635 3245 732 3313 σκότει
749 3245 785 3312 τό
799 3245 956 3330 θαυμόσιό
972 3270 1043 3326 σου,
1064 3249 1116 3312 καλ
1137 3243 1158 3330 ή
1175 3245 1349 3330 δικαιοσύνης
1366 3269 1424 3314 σου
1439 3251 1470 3314 έν
1484 3251 1515 3334 γῇ

371 3351 594 3438 έπιλελησμένης
627 3351 688 3413 Καὶ
710 3351 792 3430 ἕτερον
814 3351 847 3416 δέ
868 3349 985 3433 βήματα
1004 3357 1126 3416 τοιαῦτα
1141 3355 1182 3438 τῷ
1198 3351 1369 3440 βουλομένην
1387 3351 1516 3435 συνόγειν

370 3452 403 3518 διο
417 3457 478 3516 σῦν
494 3457 619 3537 γραφοδν
638 3449 778 3536 πόρεστιν
792 3451 865 3529 ὅσα,
886 3455 938 3518 ἵνα
955 3450 997 3534 μή
1015 3450 1135 3518 πόντιον
1151 3448 1235 3534 ήμεῐς
1251 3453 1431 3536 εὶς-πλῆθος
1451 3475 1513 3534 μνη-

371 3551 548 3638 μονεῦοντες
569 3559 792 3621 πολυπλασίονα
809 3560 869 3620 νῦν
890 3555 1051 3640 εἰρημένων
1071 3551 1243 3638 αῦξήσιομεν
1262 3553 1359 3640 λόγον.

757 3743 921 3798 *ΛΟΙΠΟΝ
938 3742 1131 3798 ΜΕΘΟΔΙΟΥ.

233 3871 301 3944 Κεφ.
319 3875 361 3931 ιγ
452 3851 559 3936 Ὦς
521 3885 577 3924 ουν
594 3858 742 3926 έπαῦσοιτο
763 3858 872 3946 Ιμόγις
890 3887 941 3928 και
964 3887 981 3926 ο
973 3857 1153 3945 ’Πρόκλος
1175 3862 1224 3928 καὶ
1243 3859 1312 3946 σιγή
1330 3865 1391 3928 τῶν
1410 3833 1551 3975 παρόν·

269 3941 330 4011 (μ’)
368 3986 429 4027 τυν
448 3988 486 4044 ην
508 3962 558 4028 ἐπὶ
577 3958 672 4040 πολῦ,
693 3963 939 4045 καταβληθέντων
960 3965 1095 4038 ’έκανῦς
1114 3961 1191 4048 πρός
1214 3958 1369 4041 διοιστέον,
1391 3964 1442 4028 καὶ
1463 3923 1550 4046 έγό,1

367 4059 547 4189 ήσθόμην”
528 4091 575 4131 οτι
589 4071 630 4153 τῷ
648 4061 712 4130 όντι
727 4067 913 4148 πεπαυμένος
938 4068 1022 4149 8ειη,
1049 4061 1218 4149 *ήρέμα
1183 4091 1238 4146 την
1255 4063 1387 4148 κεφαλήν
1409 4061 1548 4146 ῦιδρσς

369 4163 455 4229 ταδ’
436 4165 636 4245 αναπνεόσοις,
659 4164 754 4251 όέςπερ
770 4171 803 4232 ολ
815 4169 949 4244 πλέοντες
962 4175 1015 4234 τοῦ
1030 4165 1162 4250 πόματος
1177 4163 1235 4250 ηδη
1249 4163 1465 4289 λαγιῦντος,
1445 4191 1510 4230 υκο·
1547 4115 1548 4207 6

368 4267 481 4351 τρέμων
496 4271 538 4334 έει
553 4271 602 4334 καὶ
620 4266 824 4350 σκοτιζόμενος
844 4268 1072 4354 (έβεβλήμην
1035 4297 1109 4356 γαρ,
1132 4266 1175 4347 σός
1188 4267 1265 4355 πρός
1280 4266 1359 4352 όμῦς
1377 4267 1510 4355 εἰρήσθω,

404 4420 464 4472 Cn
480 4423 626 4474 Xv111.-
662 4423 809 4476 tronum
824 4415 915 4486 Οὗτος,
960 4429 1103 4478 ελσετσλοτ
1094 4441 1120 4477 ιο
1136 4427 1300 4490 τοιθλεσὶς

403 4490 552 4553 'interimo
566 4492 623 4544 λκιο
638 4489 732 4554 Δοιτεὸν
745 4490 928 4548 Μεθοθλονσε
996 4495 1054 4548 θεν.
1072 4495 1197 4548 ΧΙΧ.-
1231 4497 1254 4546 1.
1272 4490 1347 4561 μόλις
1362 4494 1497 4546 mm
