3168 4942
1111 97 1127 131 ρ

358 221 496 274 rnnnnu
512 209 576 272 cru.
591 221 624 272 n.
642 219 1000 274 rou.1r.unun.nxrx.
1104 194 1110 214 ¹
1201 175 1272 269 641Ι

105 341 155 406 lux
173 341 244 404 deus
261 340 430 404 cominatur
453 344 522 403 Lare
541 363 609 404 ocra
626 361 684 406 uuo
703 340 820 404 dicitur.
867 337 981 424 Ecquid
1007 337 1097 423 igitur
1118 336 1153 400 de
1180 347 1263 422 patre

104 443 283 508 sentiemus?
325 441 382 508 Est
400 443 478 507 euim
495 444 595 529 utiquc
610 465 683 509 vera
700 443 753 508 lux
767 444 852 522 deus,
878 462 973 526 neque
993 461 1128 508 mancum
1146 457 1196 510 aut
1215 447 1264 509 de·

105 536 210 611 lectum
237 547 366 611 divinum
393 567 462 612 esse
490 568 599 612 numen
625 545 870 612 existimabimus.
917 543 956 608 Et
986 548 1119 628 quemvis
1145 548 1264 612 minime

102 648 239 734 scriptum
260 649 300 714 sit
321 671 422 714 veram
442 651 522 715 illum
542 671 610 714 esse
628 649 741 728 lucem,
774 671 832 712 non
854 659 952 712 tamen
975 651 1190 714 committemus
1213 671 1265 716 ve·

105 773 165 816 ran
180 763 212 816 ut
227 773 294 817 esse
308 752 403 818 lucem
419 753 599 834 iobciemurq
633 752 808 838 praesertim
835 773 900 816 curo
926 752 961 816 de
981 751 1039 815 lilio
1062 752 1202 837 scriptum
1227 753 1266 816 sit

106 854 191 918 titium
216 875 283 919 esse
308 855 412 920 deum:
444 860 484 918 Et
500 868 564 918 erut
580 859 649 918 deos
669 859 747 937 opud
762 859 928 917 moerentem
943 866 1073 936 punem:
1108 867 1171 917 erut
1193 861 1265 918 eninr

105 959 171 1020 deuo
195 959 319 1020 uerbum.
366 956 437 1022 Nou
453 959 547 1036 dixit,
581 955 665 1022 Deus
694 959 801 1022 iactum
827 967 873 1020 est
899 956 1040 1038 verbum,
1072 958 1144 1038 sed,
1182 955 1266 1022 Deus

107 1069 178 1124 erat.
224 1056 424 1142 Quamobrem
441 1081 481 1126 ex
499 1059 544 1126 bis
564 1061 677 1126 duobus
695 1061 799 1124 eadem
816 1072 903 1144 etque
921 1060 1055 1144 aequalia
1075 1060 1263 1143 colligentur,

105 1181 147 1226 ex
162 1181 209 1241 eo,
228 1161 359 1248 iuquam,
384 1164 460 1249 quod
477 1169 568 1226 Verus
580 1168 650 1226 deur
661 1163 824 1249 appellatur
840 1173 936 1246 pater,
961 1175 992 1226 et
1007 1167 1075 1225 Luc
1090 1183 1158 1224 uere
1175 1161 1265 1241 illius,

106 1263 234 1349 aequalis
251 1266 406 1350 utriusque
429 1266 556 1351 dignitas
580 1276 712 1351 apparet.
759 1262 891 1351 ltemque
917 1287 958 1329 ex
982 1287 1019 1329 eu
1038 1266 1113 1350 quod
1141 1275 1172 1328 et
1195 1265 1267 1328 dens

106 1367 181 1432 blius
196 1377 225 1432 et
245 1367 299 1432 lux
315 1389 384 1432 esse
399 1370 472 1433 deus
488 1368 596 1433 dicitur
609 1390 663 1455 par
679 1368 840 1453 eademque
857 1367 1008 1432 amborum
1025 1367 1120 1451 gloria
1137 1367 1268 1454 reperie-

104 1479 168 1552 lurq
197 1469 272 1534 adeo
293 1483 326 1534 ut
341 1471 412 1536 uibil
430 1471 548 1536 intersit
572 1471 709 1550 omniuo,
742 1491 797 1534 uec
814 1470 935 1536 veritati
959 1470 1104 1555 refregari
1122 1469 1266 1554 quispiam

104 1572 169 1638 iure
190 1573 301 1658 possit,
327 1573 452 1660 denique
474 1584 506 1638 ct
525 1594 617 1640 verus
640 1574 712 1638 deus
735 1584 834 1659 poter,
859 1594 950 1639 verus
969 1573 1091 1659 perinde
1107 1571 1183 1636 lilius
1203 1570 1269 1635 uni·

104 1675 221 1760 genitos
244 1685 408 1742 asseratur.
1001 1750 1003 1756 ¹

189 1775 236 1843 lle
252 1779 358 1864 spiritu
378 1799 451 1844 vero
470 1789 574 1844 sancto
600 1799 724 1844 necesse
749 1789 795 1843 est
816 1779 922 1863 aliquid
943 1779 998 1842 boc
1020 1779 1085 1842 locu
1104 1778 1265 1864 disputare,
1282 1776 1402 1895 KQ„

105 1902 161 1960 oe,
185 1881 292 1966 siquid
312 1881 559 1966 praetermisero,
584 1901 636 1946 soa
655 1881 788 1946 hostibus
806 1882 916 1946 nostris
933 1893 1107 1966 argumenta
1129 1903 1164 1946 ac
1181 1901 1267 1966 prae·
1405 1881 1412 1894 “

105 1984 179 2049 sidio
195 1984 311 2069 integra
329 1985 485 2070 reliquisse
501 1985 614 2050 videar.
648 1983 760 2050 lludem
777 1985 868 2068 igitur
885 1985 972 2048 modo
990 1984 1147 2069 despicite
1165 1996 1270 2048 santulo

105 2087 218 2154 sentire
241 2109 295 2152 ous
315 2098 433 2173 oportet
448 2088 688 2172 quemadmodum
707 2088 842 2152 dominus
859 2087 922 2172 ipse
943 2096 1085 2166 testetur,
1116 2111 1181 2152 curn
1201 2091 1267 2170 Spr'-
1292 2087 1376 2186 {2⁸³st

104 2197 193 2254 ra'tcrn
210 2195 356 2265 oenum,
380 2213 415 2252 ec
431 2193 570 2271 Spiritum
589 2196 684 2272 putris
701 2190 843 2277 eppollst,
868 2191 1018 2275 spostolus
1038 2211 1111 2255 veru
1128 2195 1267 2272 Spr'rr‘lum
1284 2173 1379 2263 nolus,
1391 2208 1411 2252 a.

106 2297 227 2358 Christi.
273 2290 331 2358 Est
353 2292 444 2377 igitur
465 2296 594 2374 Spiritus
610 2299 756 2368 ueritatis,
788 2297 995 2374 Spiritusne,
1029 2293 1069 2356 uti
1094 2299 1183 2356 Verus
1201 2297 1270 2355 deus

105 2417 174 2460 cere
190 2399 259 2470 lum,
290 2399 418 2477 Spr'ra‘tur
430 2401 526 2477 putrrb
546 2402 666 2478 spiritus
678 2399 753 2478 fibi.
800 2393 857 2458 Est
876 2394 953 2458 enirn
976 2417 1032 2458 uua
1052 2395 1184 2474 trinitas,
1211 2416 1269 2459 uua

103 2497 218 2583 gloria,
243 2497 380 2562 divinitas
397 2519 472 2579 une,
496 2520 554 2562 uua
571 2499 749 2578 deminutio,
774 2509 973 2583 paterpater,
999 2498 1078 2560 filius
1096 2498 1187 2577 itlius,
1211 2499 1271 2584 spi-

107 2601 186 2664 ritus
210 2612 332 2665 sauctus
363 2600 484 2686 spiritus
507 2612 647 2682 sauctus3
680 2601 758 2666 nulla
783 2602 814 2666 iu
839 2600 971 2664 trinitate
998 2600 1190 2680 commixtio,
1223 2600 1271 2665 vel

108 2703 264 2782 conlusio,
296 2723 351 2768 nec
376 2703 412 2768 ab
431 2703 543 2768 unitate
569 2726 621 2768 suo
642 2704 781 2782 dissidet,
815 2726 870 2768 nec
895 2705 932 2768 ad
953 2704 1165 2789 perlectionem
1188 2702 1273 2766 deest

105 2805 152 2872 illi
171 2807 335 2894 quippiam,
359 2827 414 2870 nec
434 2816 480 2871 est
500 2827 518 2870 u
536 2807 715 2897 prqprietote
731 2828 784 2872 suu
805 2807 941 2885 diversa,
973 2808 1025 2870 sed
1044 2807 1183 2870 universa
1207 2825 1273 2890 per·

105 2909 200 2974 lertio
225 2920 366 2996 occupat,
399 2920 431 2973 ut
455 2919 485 2973 et
503 2911 633 2995 perfecta
651 2911 708 2974 tria
731 2910 808 2988 sint,
839 2919 869 2972 et
894 2909 979 2972 trium
1005 2907 1193 2972 nibilominus
1215 2929 1273 2972 una

103 3009 261 3077 diuinitas.
307 3008 374 3094 Qua
391 3012 507 3075 ratione
524 3011 704 3078 adversariis
720 3012 829 3076 uostris
846 3012 961 3095 gladius
979 3033 995 3074 e
1013 3009 1148 3074 manibus
1164 3031 1274 3074 excus-

102 3135 161 3178 sus
178 3125 235 3178 cst.
281 3113 386 3200 quue
402 3114 567 3200 scripturae
590 3115 673 3179 locus
696 3115 747 3178 illc
765 3115 910 3200 pertinet,
941 3118 1074 3195 Sagittae
1083 3116 1270 3194 porvulorum
1284 3127 1321 3172 re
1333 3127 1402 3184 een

98 3219 204 3300 foretne
220 3229 297 3280 sunt.
343 3215 421 3281 Nam
438 3217 495 3280 tela
513 3218 580 3281 durn
600 3217 636 3281 ab
662 3217 821 3281 infantibus
845 3227 1008 3282 tractantur
1027 3216 1172 3280 imbecilla
1191 3227 1272 3295 sunt,

101 3339 165 3384 meo
183 3319 213 3384 in
230 3341 333 3385 eorum
350 3320 485 3384 manibus
505 3319 658 3405 quiequam
677 3321 793 3384 efficere
811 3331 945 3404 possunt.
993 3316 1079 3401 Quod
1098 3319 1123 3382 si
1141 3330 1276 3383 conster-

100 3420 172 3486 nati
190 3421 356 3507 turbatique
374 3422 499 3502 luerint,
523 3423 638 3508 scipsos
659 3422 809 3506 iugulant,
842 3434 893 3486 aut
911 3422 967 3485 sibi
986 3423 1121 3486 damnum
1145 3424 1276 3485 inierunt

99 3523 209 3610 potius
228 3545 313 3609 quam
332 3534 364 3589 ul
380 3525 456 3590 alius
480 3525 538 3588 illis
562 3525 683 3610 aggredi
711 3535 741 3588 et
764 3535 905 3608 appetere
931 3520 1050 3607 queunt.
1098 3521 1150 3588 Sic
1174 3534 1205 3586 et
1225 3523 1275 3586 isti

98 3647 243 3691 errorem
265 3647 352 3691 suum
381 3637 482 3692 contra
502 3628 679 3712 semetipsos
703 3636 898 3707 convertunt,
932 3645 1027 3709 neque
1048 3625 1200 3710 quicquam
1224 3624 1276 3688 ad·

98 3749 216 3796 versus
239 3729 374 3794 veritatis
398 3728 476 3792 illios
498 3729 645 3813 intlligunt.

195 3829 286 3896 Nuoo
307 3832 343 3895 od
369 3831 446 3896 alios
468 3831 584 3896 illorum
608 3851 763 3896 sermones
786 3831 950 3895 oraticnem
975 3829 1109 3893 confero.
1156 3825 1192 3893 ln
1213 3820 1402 3941 quoxgppv

94 3935 234 4021 primum
254 3935 322 4000 illud
344 3934 539 3999 admiratione
563 3934 681 4019 plenum
698 3945 761 4014 est,
786 3945 922 4017 quautam
942 3934 975 3996 ad
996 3931 1271 3997 circumveniendos
1403 3925 1409 3940 '

93 4037 201 4104 rudes
218 4047 248 4100 et
263 4038 412 4123 simplices
433 4035 620 4100 calliditatem
638 4059 673 4100 uc
688 4036 905 4100 simulationem
925 4035 1094 4099 adhibeant.
1139 4032 1218 4098 Nam
1242 4045 1274 4098 ut

91 4159 235 4224 serpens
251 4135 347 4202 Eram
368 4140 520 4203 mulierem
543 4139 704 4224 simplicem
729 4139 860 4222 decepit,
892 4139 933 4202 ita
952 4137 993 4202 illi
1014 4157 1087 4222 quos
1112 4139 1148 4201 ad
1173 4149 1272 4223 partes
1285 4145 1376 4191 uene.

89 4261 178 4308 suas
200 4241 339 4327 pellicere
359 4241 480 4322 volunt,
505 4241 630 4328 primum
647 4241 796 4305 blanditiis
816 4262 850 4306 ao
865 4241 1066 4304 munificentia
1083 4239 1275 4326 omnibusque

134 4465 205 4518 cnr.
218 4463 343 4518 xxxru.
362 4491 393 4504 -
424 4465 447 4516 l.
463 4465 528 4517 editt
545 4459 637 4518 adreio.
739 4465 764 4516 2
781 4459 962 4532 incuriosorum
978 4465 1031 4516 eod.
1046 4467 1144 4531 Rbcdq.

155 4547 254 4605 corpus
267 4545 404 4592 Haereaeol.
420 4543 450 4590 11.
463 4545 483 4590 Ἄ.
1030 4555 1069 4618 ⁴ss
1133 4565 1134 4569 ,
