3168 4926
395 249 530 302 rauauu
547 250 654 303 ιιιιι.
672 250 961 303 romaniacum.
1215 239 1258 304 57

96 371 171 456 gaiis
188 369 305 456 propria
318 371 461 456 quaedam
475 371 547 436 deus
562 371 706 449 attribuit,
724 381 756 436 ut
769 370 1109 456 evangelistaequatuor
1124 371 1159 436 ad
1172 393 1256 456 prae-

96 473 249 537 dicandum
269 475 454 557 evangelium
471 475 575 538 deiecti
590 496 673 538 suum
689 475 830 558 quoddam
848 475 1034 560 praecipuum
1047 494 1153 540 munus
1170 475 1259 540 habe·

97 578 183 640 renti
228 573 273 639 ita
292 577 425 660 quidem,
449 588 481 641 ut
496 578 634 640 ιιιιιιιιΙΙι
649 577 787 641 concordi
802 599 836 642 ac
853 587 1051 642 consentanea
1068 599 1142 641 voce
1158 599 1258 641 narra-

95 691 178 756 rent,
212 699 271 764 qno
290 701 323 742 se
340 701 380 744 ex
400 681 502 744 eodem
523 680 656 744 hausisse
677 681 756 743 ionte
776 691 990 759 monstrarent,
1023 683 1165 764 quaedam
1184 701 1256 744 vero

96 783 131 844 ab
147 781 278 866 singuiis
297 782 505 866 praetermissa
525 783 598 846 atius
618 793 800 868 exponeret,
832 783 877 848 oni
899 781 1034 867 privatim
1050 783 1119 846 ittae
1138 793 1218 848 esset
1239 802 1255 846 a

96 885 200 970 spiritu
223 895 327 948 sancto
349 905 402 968 pro
425 893 487 948 rata
509 887 642 970 portione
664 905 851 949 concessum.
898 884 975 968 Quid
995 885 1085 969 igitur
1104 885 1261 964 iaciemus,¹

96 1009 157 1050 cum
175 983 349 1050 Matthaeus
366 983 490 1050 Mariam
507 985 670 1052 bethleemi
689 988 839 1074 peperisse
855 987 981 1065 scribat,
1011 988 1172 1052 secundum
1191 1008 1259 1072 per·

95 1090 233 1174 scriptam
252 1089 289 1152 ab
306 1089 409 1152 eodem
426 1089 646 1174 genealogiam,
680 1112 737 1175 qua
754 1087 903 1156 Christum
922 1111 986 1154 cum
1003 1111 1092 1154 carue
1112 1089 1258 1153 venientis

95 1193 240 1275 originem
257 1191 294 1254 ab
309 1192 457 1256 Abreamo
475 1213 510 1256 ac
524 1190 638 1258 Doride
656 1194 816 1276 pertexuit,
840 1191 962 1256 Marone
979 1213 1052 1256 vero
1066 1193 1136 1256 nihii
1152 1192 1259 1257 habeat

95 1295 253 1373 eiusmodi,
269 1295 320 1358 sed
339 1295 426 1358 abeo
442 1297 517 1380 quod
535 1297 570 1359 ad
588 1293 742 1360 Iordanem
758 1305 871 1380 gestum
887 1307 944 1375 est,
962 1296 1146 1379 evangelium
1160 1295 1257 1359 ordia-

96 1409 158 1476 tur,
193 1399 236 1460 ita
253 1397 405 1460 scribens:
437 1403 551 1460 lna'tr'nm
569 1403 727 1480 euangelii.-
751 1403 827 1460 sabat
840 1404 976 1480 arreptam
995 1412 1040 1460 eat
1052 1404 1081 1462 in
1097 1404 1174 1462 Isua'u
1187 1421 1257 1479 pro-
1270 1413 1344 1458 Μιιι.
1358 1413 1377 1457 t.

90 1503 193 1581 pheta.-
232 1504 296 1561 Vom
315 1503 464 1562 elementis
487 1507 517 1564 a'n
539 1507 672 1564 deserto?
715 1497 767 1566 Sic
792 1503 879 1566 iniis
905 1523 981 1585 quae
1005 1502 1108 1566 beatos
1130 1499 1257 1565 ioannes

96 1602 246 1666 mandarit
269 1603 447 1682 memoriae,
480 1625 613 1688 quaeque
638 1604 742 1690 spiritu
767 1615 870 1668 sannoto
894 1605 1075 1689 gubernante
1099 1604 1154 1668 fido
1178 1603 1257 1668 omui

94 1727 130 1769 ao
146 1708 276 1769 raritate
295 1705 421 1768 stabilita
443 1717 529 1786 sunt,
562 1707 589 1770 id
606 1707 743 1772 videlieet
759 1718 855 1770 actum
874 1717 938 1786 est,
970 1717 1001 1769 ut
1018 1728 1077 1769 uon
1095 1707 1188 1770 sotum
1207 1725 1254 1785 aa,

93 1829 167 1892 quae
180 1809 301 1893 saepius
317 1810 448 1872 nuntiem
463 1811 591 1888 fuerant,
611 1819 856 1895 proponerentur,
875 1810 926 1872 sed
941 1821 972 1872 et
987 1809 1153 1872 necessaria
1169 1829 1257 1893 quae·
1333 1809 1336 1816 '

94 1914 161 1974 dam
179 1911 358 1976 adderentur
374 1912 526 1997 dogmata,
551 1933 625 1997 quae
641 1912 733 1976 ceteri
745 1923 816 1976 ante
829 1912 909 1976 ilium
926 1911 1044 1976 minime
1060 1911 1177 1996 scriptis
1190 1911 1257 1974 atti-

94 2013 221 2098 gisscnt.
268 2012 423 2078 Eiusmodi
445 2036 549 2101 nempe
572 2027 663 2080 toturn
687 2015 906 2100 evengeiiorum
929 2025 1132 2098 argumentum
1157 2015 1220 2078 iuit.

181 2112 258 2180 Cum
274 2113 446 2180 Matthaeus
463 2119 592 2202 genitum
611 2114 762 2182 Christum
779 2131 865 2203 atque
881 2139 896 2180 e
913 2128 1015 2182 sancto
1032 2118 1135 2203 spiritu
1151 2137 1258 2180 conoe·

94 2231 192 2305 ptum,
224 2241 260 2283 ao
280 2219 315 2282 de
333 2218 457 2286 Doridis
476 2232 505 2284 et
522 2222 680 2301 Abraami,
712 2222 788 2305 quod
806 2222 841 2284 ad
858 2241 976 2284 caruem
994 2222 1116 2298 attinet,
1147 2240 1257 2303 genere

94 2334 273 2408 prognatum
291 2343 344 2386 sua
360 2324 530 2387 narratione
545 2323 767 2410 descripsisset,
794 2323 940 2387 nonnuliis
957 2322 1159 2407 ignorantibus
1175 2343 1258 2386 erro·

95 2427 135 2488 ris
153 2427 231 2489 istud
252 2426 437 2489 occasionem
455 2427 545 2490 dedit.
591 2423 684 2492 Cuius
701 2427 815 2512 quidem
831 2447 937 2492 caussa
955 2447 1011 2488 uon
1030 2425 1185 2510 evaugelio
1201 2424 1259 2508 ipsi

96 2529 270 2606 tribuenda,
294 2529 345 2592 ssd
364 2529 437 2593 feisa
452 2529 567 2593 iiiorum
582 2529 748 2594 accusanda
765 2550 867 2608 mens,
892 2529 939 2612 qui
958 2529 1055 2607 adid,
1080 2528 1155 2612 quod
1175 2536 1257 2590 certo

96 2631 150 2694 sibi
173 2643 403 2716 persuaserant,
435 2653 587 2718 perperam
609 2643 744 2718 acceptas
766 2654 806 2695 ex
829 2627 985 2716 evaugelio
1001 2630 1191 2694 auctoritates
1207 2649 1257 2693 ao·

97 2732 332 2797 commodabant.
379 2733 456 2799 Hine
470 2737 546 2800 euim
563 2731 724 2799 Corinthus
739 2745 770 2799 et
787 2734 862 2800 Ebio
876 2736 984 2798 nudum
1002 2735 1147 2798 bominem
1164 2733 1256 2798 tuisse

98 2831 248 2900 Christum
267 2835 410 2916 assernit,
435 2849 466 2900 ut
483 2849 512 2901 et
527 2835 695 2902 Meriuthus
713 2848 743 2902 et
759 2835 919 2917 Cloatius,
944 2839 1007 2902 sire
1024 2835 1202 2917 Cleobulus,
1227 2845 1257 2898 ct

98 2934 240 3003 Claudius
258 2959 293 3000 ao
313 2936 420 3004 Ιὶιιιιιι
444 2951 475 3003 et
492 2939 713 3024 Hermogenes,
745 2946 797 3023 qni
811 2945 975 3004 da'lememmt
986 2944 1040 3002 hoo
1056 2945 1197 3015 seculum,
1227 2951 1410 3011 stemmate.

97 3045 165 3102 mena
191 3045 324 3102 nutam
348 3046 534 3124 reb'querunt.
582 3040 697 3128 Quippe
720 3043 830 3106 domini
849 3043 998 3128 discipulis
1021 3044 1122 3128 perid
1143 3055 1256 3129 tempus
1314 3073 1316 3078 ·

97 3144 335 3207 contradicentes
355 3143 395 3207 iiii
415 3165 455 3207 ex
472 3141 583 3209 Christi
600 3146 771 3229 genealogia
790 3146 826 3208 ab
846 3146 996 3210 Abraamo
1014 3156 1045 3209 et
1060 3143 1174 3209 Daride
1190 3167 1256 3231 per-

97 3247 178 3310 docta
201 3247 347 3311 insaniam
370 3267 453 3310 scam
476 3248 671 3311 corroborare
693 3247 878 3312 studuerunt.
925 3246 1011 3330 Quod
1029 3249 1084 3311 etsi
1104 3269 1256 3333 perperam

96 3351 124 3412 in
140 3350 270 3414 animum
287 3349 482 3428 induxerant,
506 3351 694 3416 nihilomiuus
709 3351 789 3415 iiiino
805 3351 990 3415 occasionem
1006 3350 1084 3414 neoti
1102 3361 1181 3414 suut.
1216 3349 1257 3414 Et

96 3447 223 3516 loannes
241 3452 356 3536 quidem
375 3453 496 3536 eiusque
513 3453 664 3538 discipuli,
690 3455 875 3539 maximeque
892 3453 1022 3532 Lucius,
1056 3454 1150 3517 etalii
1169 3452 1255 3538 pieri·

96 3577 151 3638 quc
171 3557 297 3618 istorum
321 3555 473 3618 conatibus
496 3557 613 3640 saepius
632 3557 818 3620 obstiterant.
866 3555 926 3622 Sed
943 3557 1081 3620 nimirum
1099 3555 1146 3618 ubi
1163 3555 1255 3620 asrael

95 3659 220 3722 frontem
243 3677 327 3722 snam
350 3657 528 3742 impudentia
555 3657 722 3744 perfricuit,
755 3660 830 3722 maia
854 3659 909 3722 sibi
934 3659 1024 3724 muita
1050 3659 1188 3742 deinceps
1205 3677 1254 3720 ac·

95 3762 245 3826 cumulare
267 3783 327 3824 uon
351 3760 473 3824 destitit.

177 3861 282 3948 ltaque
305 3874 372 3947 post
388 3859 571 3928 Matthaeum
592 3864 688 3928 statim
707 3861 831 3945 Marco,
863 3865 912 3950 qui
928 3864 1043 3930 Romae
1060 3863 1154 3926 suncti
1170 3861 1254 3927 Petri

125 4015 154 4068 9.
146 4013 299 4102 ,Hippothoe
314 4019 365 4067 cod.
377 4017 474 4080 uteetp.
496 4019 660 4080 Resortpsertm
694 4013 832 4085 ἀντέλεγον.
855 4021 1024 4070 Contemnendo
1034 4020 1255 4070 nertttnonrrcte

93 4090 187 4136 omnino
202 4085 287 4138 cuxei
302 4084 433 4170 abneptM
446 4082 606 4148 cathenaco,
623 4089 660 4136 vet
694 4087 793 4154 quidem
812 4097 941 4152 putantem
961 4101 1045 4135 aerum
1062 4084 1121 4135 hinc
1139 4087 1254 4138 occasiu-

86 4148 184 4206 'Eabm
207 4150 256 4222 γὰρ
278 4149 353 4216 ψιλόν
376 4150 420 4208 adr
434 4105 606 4236 britonem
584 4154 659 4206 κατέ·
692 4173 724 4206 nr
720 4173 750 4206 m
767 4166 792 4206 et
807 4165 965 4234 praetextum
982 4163 1109 4204 venantes.
1145 4155 1254 4208 Contra-

93 4237 154 4302 ιχσι
168 4217 409 4288 obcepbKn'pnbm,
423 4219 466 4274 eat
478 4215 599 4291 ’,Εβίωια
614 4221 659 4276 καὶ
692 4223 755 4273 dixit
772 4223 838 4272 enim
856 4219 916 4290 ipsis
933 4239 1007 4286 saepe
1025 4227 1067 4273 etc.

91 4287 221 4372 Κήρινθον
238 4295 287 4340 cett.
729 4291 765 4342 1¹2.
783 4287 1030 4352 admuntensem
1046 4294 1097 4342 eod.
1115 4294 1210 4374 Veneto,
1233 4297 1255 4341 et

130 4362 170 4410 tu.
187 4353 233 4440 adp
248 4353 332 4424 α’γιῶς
350 4358 403 4408 cod.
421 4361 496 4409 tenet.
690 4375 743 4412 cum
759 4363 863 4411 Patauio.
897 4361 963 4409 La'bn'
978 4362 1049 4422 vntpo
1062 4362 1146 4410 hubent
1163 4354 1253 4412 αὐτῶν.

128 4427 169 4476 at.
189 4419 287 4493 ιῖιτιλιγ
287 4443 345 4480 ιντο
362 4429 446 4488 serpat
461 4441 489 4476 ea
504 4429 554 4478 ced.
566 4431 656 4492 Veneto,
726 4427 765 4481 13.
782 4431 809 4480 in
827 4431 892 4479 tibris
908 4431 971 4479 estut
989 4425 1077 4496 bourn.

90 4500 113 4544 ei
126 4495 396 4548 caremtenam
407 4496 493 4558 cattum
505 4499 559 4547 iibri
573 4465 657 4548 heberti
