<?xml version="1.0" encoding="UTF-8"?>
<!DOCTYPE html PUBLIC "-//W3C//DTD XHTML 1.0 Transitional//EN"
    "http://www.w3.org/TR/xhtml1/DTD/xhtml1-transitional.dtd">
<html xmlns="http://www.w3.org/1999/xhtml" xml:lang="en" lang="en">
 <head>
  <title>
</title>
<meta http-equiv="Content-Type" content="text/html;charset=utf-8" />
  <meta name='ocr-system' content='tesseract 3.04.00' />
  <meta name='ocr-capabilities' content='ocr_page ocr_carea ocr_par ocr_line ocrx_word'/>
</head>
<body>
  <div class='ocr_page' id='page_1' title='image "./corporishaerese02oehlgoog_0268.png"; bbox 0 0 3176 4930; ppageno 0'>
   <div class='ocr_carea' id='block_1_1' title="bbox 361 225 1252 294">
    <p class='ocr_par' dir='ltr' id='par_1_1' title="bbox 361 225 1252 294">
     <span class='ocr_line' id='line_1_1' title="bbox 361 225 1252 294; baseline 0.001 -1"><span class='ocrx_word' id='word_1_1' title='bbox 361 238 497 294; x_wconf 76' lang='lat' dir='ltr'>euentu</span> <span class='ocrx_word' id='word_1_2' title='bbox 513 239 576 294; x_wconf 83' lang='lat' dir='ltr'>ure.</span> <span class='ocrx_word' id='word_1_3' title='bbox 590 241 623 293; x_wconf 91' lang='grc' dir='ltr'>ιι.</span> <span class='ocrx_word' id='word_1_4' title='bbox 640 239 722 294; x_wconf 80' lang='lat' dir='ltr'>ron</span> <span class='ocrx_word' id='word_1_5' title='bbox 738 241 758 292; x_wconf 93' lang='grc' dir='ltr'>ι.</span> <span class='ocrx_word' id='word_1_6' title='bbox 774 239 873 292; x_wconf 80' lang='lat' dir='ltr'>neue.</span> <span class='ocrx_word' id='word_1_7' title='bbox 885 239 980 293; x_wconf 77' lang='lat' dir='ltr'>extr.</span> <span class='ocrx_word' id='word_1_8' title='bbox 1189 225 1252 294; x_wconf 78' lang='lat'>247</span> 
     </span>
    </p>
   </div>
   <div class='ocr_carea' id='block_1_2' title="bbox 85 359 1316 1674">
    <p class='ocr_par' dir='ltr' id='par_1_2' title="bbox 85 359 1316 1674">
     <span class='ocr_line' id='line_1_2' title="bbox 89 359 1252 450; baseline -0.002 -24"><span class='ocrx_word' id='word_1_9' title='bbox 89 363 288 450; x_wconf 70' lang='lat' dir='ltr'>depromens,</span> <span class='ocrx_word' id='word_1_10' title='bbox 319 369 352 423; x_wconf 90' lang='lat' dir='ltr'>et</span> <span class='ocrx_word' id='word_1_11' title='bbox 376 360 535 446; x_wconf 78' lang='lat' dir='ltr'>sophistico</span> <span class='ocrx_word' id='word_1_12' title='bbox 561 359 686 446; x_wconf 83' lang='lat' dir='ltr'>quedem</span> <span class='ocrx_word' id='word_1_13' title='bbox 713 359 900 426; x_wconf 78' lang='lat' dir='ltr'>euviiietione</span> <span class='ocrx_word' id='word_1_14' title='bbox 930 361 1125 445; x_wconf 77' lang='lat' dir='ltr'>aggrediens,</span> <span class='ocrx_word' id='word_1_15' title='bbox 1156 379 1252 446; x_wconf 84' lang='lat' dir='ltr'>neque</span> 
     </span>
     <span class='ocr_line' id='line_1_3' title="bbox 89 459 1251 550; baseline -0.001 -23"><span class='ocrx_word' id='word_1_16' title='bbox 89 465 247 550; x_wconf 74' lang='lat' dir='ltr'>quicquum</span> <span class='ocrx_word' id='word_1_17' title='bbox 264 483 306 528; x_wconf 81' lang='lat' dir='ltr'>ex</span> <span class='ocrx_word' id='word_1_18' title='bbox 321 459 492 528; x_wconf 79' lang='lat' dir='ltr'>Christiane</span> <span class='ocrx_word' id='word_1_19' title='bbox 508 463 563 528; x_wconf 84' lang='lat' dir='ltr'>lide</span> <span class='ocrx_word' id='word_1_20' title='bbox 581 463 714 548; x_wconf 81' lang='lat' dir='ltr'>petitum,</span> <span class='ocrx_word' id='word_1_21' title='bbox 738 465 790 526; x_wconf 89' lang='lat' dir='ltr'>sed</span> <span class='ocrx_word' id='word_1_22' title='bbox 809 462 1082 528; x_wconf 83' lang='lat' dir='ltr'>retieeinetionibus</span> <span class='ocrx_word' id='word_1_23' title='bbox 1096 463 1251 528; x_wconf 83' lang='lat' dir='ltr'>eolieeturn</span> 
     </span>
     <span class='ocr_line' id='line_1_4' title="bbox 89 565 1252 651; baseline -0.002 -21"><span class='ocrx_word' id='word_1_24' title='bbox 89 567 161 630; x_wconf 84' lang='lat' dir='ltr'>nihil</span> <span class='ocrx_word' id='word_1_25' title='bbox 180 588 242 630; x_wconf 90' lang='lat' dir='ltr'>uon</span> <span class='ocrx_word' id='word_1_26' title='bbox 259 567 296 630; x_wconf 83' lang='lat' dir='ltr'>sd</span> <span class='ocrx_word' id='word_1_27' title='bbox 312 586 365 630; x_wconf 87' lang='lat' dir='ltr'>eos</span> <span class='ocrx_word' id='word_1_28' title='bbox 381 565 485 650; x_wconf 84' lang='lat' dir='ltr'>quibos</span> <span class='ocrx_word' id='word_1_29' title='bbox 502 566 681 651; x_wconf 74' lang='lat' dir='ltr'>persuadere</span> <span class='ocrx_word' id='word_1_30' title='bbox 701 565 830 651; x_wconf 84' lang='lat' dir='ltr'>potuerit</span> <span class='ocrx_word' id='word_1_31' title='bbox 846 566 1024 630; x_wconf 84' lang='lat' dir='ltr'>evertendos</span> <span class='ocrx_word' id='word_1_32' title='bbox 1042 565 1188 644; x_wconf 77' lang='lat' dir='ltr'>efferens,</span> <span class='ocrx_word' id='word_1_33' title='bbox 1211 586 1252 629; x_wconf 88' lang='lat' dir='ltr'>ex</span> 
     </span>
     <span class='ocr_line' id='line_1_5' title="bbox 89 667 1253 754; baseline -0.001 -22"><span class='ocrx_word' id='word_1_34' title='bbox 89 671 122 734; x_wconf 85' lang='lat' dir='ltr'>iis</span> <span class='ocrx_word' id='word_1_35' title='bbox 140 668 218 754; x_wconf 80' lang='lat' dir='ltr'>ipsis</span> <span class='ocrx_word' id='word_1_36' title='bbox 241 689 315 754; x_wconf 78' lang='lat' dir='ltr'>quse</span> <span class='ocrx_word' id='word_1_37' title='bbox 339 667 513 733; x_wconf 73' lang='lat' dir='ltr'>naturaliter</span> <span class='ocrx_word' id='word_1_38' title='bbox 536 668 621 732; x_wconf 83' lang='lat' dir='ltr'>nobis</span> <span class='ocrx_word' id='word_1_39' title='bbox 639 667 780 733; x_wconf 88' lang='lat' dir='ltr'>eveniunt</span> <span class='ocrx_word' id='word_1_40' title='bbox 800 668 828 731; x_wconf 92' lang='lat' dir='ltr'>id</span> <span class='ocrx_word' id='word_1_41' title='bbox 846 668 963 752; x_wconf 77' lang='lat' dir='ltr'>assequi</span> <span class='ocrx_word' id='word_1_42' title='bbox 986 678 1110 732; x_wconf 83' lang='lat' dir='ltr'>eenntus</span> <span class='ocrx_word' id='word_1_43' title='bbox 1133 677 1195 746; x_wconf 87' lang='lat' dir='ltr'>est,</span> <span class='ocrx_word' id='word_1_44' title='bbox 1219 678 1253 731; x_wconf 92' lang='lat' dir='ltr'>ut</span> 
     </span>
     <span class='ocr_line' id='line_1_6' title="bbox 87 769 1252 856; baseline -0.002 -21"><span class='ocrx_word' id='word_1_45' title='bbox 87 769 322 836; x_wconf 86' lang='lat' dir='ltr'>resurreetiouis</span> <span class='ocrx_word' id='word_1_46' title='bbox 342 781 547 835; x_wconf 78' lang='lat' dir='ltr'>destruerunt</span> <span class='ocrx_word' id='word_1_47' title='bbox 570 791 622 856; x_wconf 82' lang='lat' dir='ltr'>spe</span> <span class='ocrx_word' id='word_1_48' title='bbox 641 783 723 834; x_wconf 79' lang='lat' dir='ltr'>certe</span> <span class='ocrx_word' id='word_1_49' title='bbox 738 770 925 836; x_wconf 83' lang='lat' dir='ltr'>oouiunetsm</span> <span class='ocrx_word' id='word_1_50' title='bbox 949 769 1163 856; x_wconf 76' lang='lat' dir='ltr'>professionem</span> <span class='ocrx_word' id='word_1_51' title='bbox 1187 770 1252 833; x_wconf 88' lang='lat' dir='ltr'>lun·</span> 
     </span>
     <span class='ocr_line' id='line_1_7' title="bbox 88 869 1251 958; baseline 0 -21"><span class='ocrx_word' id='word_1_52' title='bbox 88 876 166 938; x_wconf 85' lang='lat' dir='ltr'>ditus</span> <span class='ocrx_word' id='word_1_53' title='bbox 183 874 314 938; x_wconf 87' lang='lat' dir='ltr'>tolieret.</span> <span class='ocrx_word' id='word_1_54' title='bbox 359 869 426 954; x_wconf 77' lang='lat' dir='ltr'>Ego</span> <span class='ocrx_word' id='word_1_55' title='bbox 443 893 515 938; x_wconf 84' lang='lat' dir='ltr'>vern</span> <span class='ocrx_word' id='word_1_56' title='bbox 532 873 569 936; x_wconf 82' lang='lat' dir='ltr'>iis</span> <span class='ocrx_word' id='word_1_57' title='bbox 585 873 658 958; x_wconf 80' lang='lat' dir='ltr'>ipsis</span> <span class='ocrx_word' id='word_1_58' title='bbox 673 874 722 958; x_wconf 86' lang='lat' dir='ltr'>qui</span> <span class='ocrx_word' id='word_1_59' title='bbox 739 883 808 936; x_wconf 77' lang='lat' dir='ltr'>erute</span> <span class='ocrx_word' id='word_1_60' title='bbox 826 893 872 936; x_wconf 79' lang='lat' dir='ltr'>ene</span> <span class='ocrx_word' id='word_1_61' title='bbox 890 872 920 938; x_wconf 89' lang='lat' dir='ltr'>in</span> <span class='ocrx_word' id='word_1_62' title='bbox 940 893 1005 936; x_wconf 82' lang='lat' dir='ltr'>euru</span> <span class='ocrx_word' id='word_1_63' title='bbox 1019 872 1151 937; x_wconf 84' lang='lat' dir='ltr'>ieiorern</span> <span class='ocrx_word' id='word_1_64' title='bbox 1169 873 1251 937; x_wconf 86' lang='lat' dir='ltr'>ineu·</span> 
     </span>
     <span class='ocr_line' id='line_1_8' title="bbox 88 973 1316 1059; baseline -0.002 -19"><span class='ocrx_word' id='word_1_65' title='bbox 88 977 235 1054; x_wconf 84' lang='lat' dir='ltr'>luerunt,</span> <span class='ocrx_word' id='word_1_66' title='bbox 260 986 291 1040; x_wconf 88' lang='lat' dir='ltr'>et</span> <span class='ocrx_word' id='word_1_67' title='bbox 309 975 449 1040; x_wconf 68' lang='lat' dir='ltr'>nistoriis</span> <span class='ocrx_word' id='word_1_68' title='bbox 470 975 628 1039; x_wconf 78' lang='lat' dir='ltr'>lenociniis</span> <span class='ocrx_word' id='word_1_69' title='bbox 648 977 772 1038; x_wconf 81' lang='lat' dir='ltr'>luentem</span> <span class='ocrx_word' id='word_1_70' title='bbox 799 975 924 1040; x_wconf 83' lang='lat' dir='ltr'>hominis</span> <span class='ocrx_word' id='word_1_71' title='bbox 946 973 1105 1059; x_wconf 85' lang='lat' dir='ltr'>nequitiem</span> <span class='ocrx_word' id='word_1_72' title='bbox 1122 973 1250 1038; x_wconf 82' lang='lat' dir='ltr'>iustissi·</span> <span class='ocrx_word' id='word_1_73' title='bbox 1313 1045 1316 1053; x_wconf 53' lang='grc'><em>,</em></span> 
     </span>
     <span class='ocr_line' id='line_1_9' title="bbox 88 1076 1248 1163; baseline -0.003 -21"><span class='ocrx_word' id='word_1_74' title='bbox 88 1081 142 1143; x_wconf 85' lang='lat' dir='ltr'>mis</span> <span class='ocrx_word' id='word_1_75' title='bbox 167 1077 335 1142; x_wconf 78' lang='lat' dir='ltr'>rationibus</span> <span class='ocrx_word' id='word_1_76' title='bbox 357 1076 521 1156; x_wconf 87' lang='lat' dir='ltr'>diluerunt,</span> <span class='ocrx_word' id='word_1_77' title='bbox 552 1077 751 1163; x_wconf 68' lang='lat' dir='ltr'>praestantior</span> <span class='ocrx_word' id='word_1_78' title='bbox 772 1077 865 1141; x_wconf 88' lang='lat' dir='ltr'>videri</span> <span class='ocrx_word' id='word_1_79' title='bbox 890 1097 1071 1162; x_wconf 76' lang='lat' dir='ltr'>nequaquem</span> <span class='ocrx_word' id='word_1_80' title='bbox 1094 1077 1248 1158; x_wconf 72' lang='lat' dir='ltr'>edentulus,</span> 
     </span>
     <span class='ocr_line' id='line_1_10' title="bbox 87 1177 1249 1267; baseline 0 -23"><span class='ocrx_word' id='word_1_81' title='bbox 87 1191 189 1267; x_wconf 80' lang='lat' dir='ltr'>utpote</span> <span class='ocrx_word' id='word_1_82' title='bbox 210 1181 258 1265; x_wconf 83' lang='lat' dir='ltr'>qui</span> <span class='ocrx_word' id='word_1_83' title='bbox 283 1177 424 1244; x_wconf 85' lang='lat' dir='ltr'>medioeri</span> <span class='ocrx_word' id='word_1_84' title='bbox 446 1178 502 1242; x_wconf 84' lang='lat' dir='ltr'>sim</span> <span class='ocrx_word' id='word_1_85' title='bbox 523 1181 643 1263; x_wconf 84' lang='lat' dir='ltr'>ingenie</span> <span class='ocrx_word' id='word_1_86' title='bbox 666 1179 832 1265; x_wconf 82' lang='lat' dir='ltr'>praeditus,</span> <span class='ocrx_word' id='word_1_87' title='bbox 861 1189 1030 1243; x_wconf 83' lang='lat' dir='ltr'>uenientum</span> <span class='ocrx_word' id='word_1_88' title='bbox 1053 1197 1099 1242; x_wconf 83' lang='lat' dir='ltr'>une</span> <span class='ocrx_word' id='word_1_89' title='bbox 1121 1179 1158 1243; x_wconf 88' lang='lat' dir='ltr'>iis</span> <span class='ocrx_word' id='word_1_90' title='bbox 1180 1199 1249 1245; x_wconf 84' lang='lat' dir='ltr'>esse</span> 
     </span>
     <span class='ocr_line' id='line_1_11' title="bbox 87 1279 1249 1369; baseline -0.002 -23"><span class='ocrx_word' id='word_1_91' title='bbox 87 1296 229 1368; x_wconf 73' lang='lat' dir='ltr'>oportere</span> <span class='ocrx_word' id='word_1_92' title='bbox 247 1281 363 1367; x_wconf 79' lang='lat' dir='ltr'>putori,</span> <span class='ocrx_word' id='word_1_93' title='bbox 388 1302 463 1366; x_wconf 82' lang='lat' dir='ltr'>queo</span> <span class='ocrx_word' id='word_1_94' title='bbox 482 1282 585 1346; x_wconf 84' lang='lat' dir='ltr'>beetur</span> <span class='ocrx_word' id='word_1_95' title='bbox 598 1279 770 1347; x_wconf 84' lang='lat' dir='ltr'>Methodius</span> <span class='ocrx_word' id='word_1_96' title='bbox 787 1281 816 1345; x_wconf 90' lang='lat' dir='ltr'>in</span> <span class='ocrx_word' id='word_1_97' title='bbox 834 1282 967 1348; x_wconf 76' lang='lat' dir='ltr'>oratione</span> <span class='ocrx_word' id='word_1_98' title='bbox 984 1303 1070 1369; x_wconf 86' lang='lat' dir='ltr'>quem</span> <span class='ocrx_word' id='word_1_99' title='bbox 1084 1281 1120 1344; x_wconf 88' lang='lat' dir='ltr'>de</span> <span class='ocrx_word' id='word_1_100' title='bbox 1134 1279 1249 1346; x_wconf 80' lang='lat' dir='ltr'>Resur-</span> 
     </span>
     <span class='ocr_line' id='line_1_12' title="bbox 86 1380 1250 1470; baseline -0.003 -20"><span class='ocrx_word' id='word_1_101' title='bbox 86 1385 224 1450; x_wconf 86' lang='lat' dir='ltr'>reetione</span> <span class='ocrx_word' id='word_1_102' title='bbox 243 1384 379 1469; x_wconf 81' lang='lat' dir='ltr'>scripsit,</span> <span class='ocrx_word' id='word_1_103' title='bbox 403 1385 547 1448; x_wconf 79' lang='lat' dir='ltr'>adversus</span> <span class='ocrx_word' id='word_1_104' title='bbox 563 1385 688 1448; x_wconf 84' lang='lat' dir='ltr'>enodem</span> <span class='ocrx_word' id='word_1_105' title='bbox 705 1380 867 1470; x_wconf 79' lang='lat' dir='ltr'>dirigerem</span> <span class='ocrx_word' id='word_1_106' title='bbox 887 1384 1042 1448; x_wconf 58' lang='lat' dir='ltr'>disseruit„</span> <span class='ocrx_word' id='word_1_107' title='bbox 1083 1381 1170 1470; x_wconf 74' lang='lat' dir='ltr'>Quae</span> <span class='ocrx_word' id='word_1_108' title='bbox 1186 1383 1250 1470; x_wconf 84' lang='lat' dir='ltr'>qui·</span> 
     </span>
     <span class='ocr_line' id='line_1_13' title="bbox 85 1483 1251 1572; baseline -0.003 -21"><span class='ocrx_word' id='word_1_109' title='bbox 85 1491 151 1551; x_wconf 86' lang='lat' dir='ltr'>dem</span> <span class='ocrx_word' id='word_1_110' title='bbox 178 1485 228 1550; x_wconf 87' lang='lat' dir='ltr'>hie</span> <span class='ocrx_word' id='word_1_111' title='bbox 246 1485 282 1549; x_wconf 85' lang='lat' dir='ltr'>nd</span> <span class='ocrx_word' id='word_1_112' title='bbox 304 1486 427 1551; x_wconf 82' lang='lat' dir='ltr'>verbum</span> <span class='ocrx_word' id='word_1_113' title='bbox 452 1487 551 1551; x_wconf 79' lang='lat' dir='ltr'>omnia</span> <span class='ocrx_word' id='word_1_114' title='bbox 575 1487 780 1552; x_wconf 73' lang='lat' dir='ltr'>transeriitem.</span> <span class='ocrx_word' id='word_1_115' title='bbox 826 1483 879 1551; x_wconf 91' lang='lat' dir='ltr'>Sie</span> <span class='ocrx_word' id='word_1_116' title='bbox 901 1487 991 1572; x_wconf 78' lang='lat' dir='ltr'>igitur</span> <span class='ocrx_word' id='word_1_117' title='bbox 1005 1483 1194 1566; x_wconf 77' lang='lat' dir='ltr'>Methodius,</span> <span class='ocrx_word' id='word_1_118' title='bbox 1218 1495 1251 1550; x_wconf 90' lang='lat' dir='ltr'>nt</span> 
     </span>
     <span class='ocr_line' id='line_1_14' title="bbox 86 1587 579 1674; baseline -0.004 -20"><span class='ocrx_word' id='word_1_119' title='bbox 86 1589 328 1674; x_wconf 77' lang='lat' dir='ltr'>infrascriptum</span> <span class='ocrx_word' id='word_1_120' title='bbox 352 1599 415 1668; x_wconf 88' lang='lat' dir='ltr'>est,</span> <span class='ocrx_word' id='word_1_121' title='bbox 440 1587 579 1673; x_wconf 84' lang='lat' dir='ltr'>loquitur.</span> 
     </span>
    </p>
   </div>
   <div class='ocr_carea' id='block_1_3' title="bbox 265 1775 1215 1830">
    <p class='ocr_par' dir='ltr' id='par_1_3' title="bbox 265 1775 1215 1830">
     <span class='ocr_line' id='line_1_15' title="bbox 265 1775 1215 1830; baseline -0.003 -2"><span class='ocrx_word' id='word_1_122' title='bbox 265 1776 413 1830; x_wconf 70' lang='lat' dir='ltr'>retrone</span> <span class='ocrx_word' id='word_1_123' title='bbox 432 1775 630 1830; x_wconf 75' lang='lat' dir='ltr'><strong>DOGMATUM</strong></span> <span class='ocrx_word' id='word_1_124' title='bbox 648 1776 805 1828; x_wconf 74' lang='lat' dir='ltr'>ottteettts</span> <span class='ocrx_word' id='word_1_125' title='bbox 824 1777 872 1828; x_wconf 78' lang='lat' dir='ltr'>EX</span> <span class='ocrx_word' id='word_1_126' title='bbox 889 1776 1077 1830; x_wconf 67' lang='lat' dir='ltr'>merneolo,</span> <span class='ocrx_word' id='word_1_127' title='bbox 1214 1804 1215 1815; x_wconf 42' lang='lat' dir='ltr'>e</span> 
     </span>
    </p>
   </div>
   <div class='ocr_carea' id='block_1_4' title="bbox 82 1893 1401 2494">
    <p class='ocr_par' dir='ltr' id='par_1_4' title="bbox 82 1893 1401 2494">
     <span class='ocr_line' id='line_1_16' title="bbox 170 1893 1401 1981; baseline -0.008 -19"><span class='ocrx_word' id='word_1_128' title='bbox 170 1895 241 1962; x_wconf 85' lang='lat' dir='ltr'>lion</span> <span class='ocrx_word' id='word_1_129' title='bbox 258 1895 347 1980; x_wconf 73' lang='lat' dir='ltr'>igiter</span> <span class='ocrx_word' id='word_1_130' title='bbox 362 1895 427 1960; x_wconf 89' lang='lat' dir='ltr'>loeo</span> <span class='ocrx_word' id='word_1_131' title='bbox 444 1895 494 1981; x_wconf 89' lang='lat' dir='ltr'>qui</span> <span class='ocrx_word' id='word_1_132' title='bbox 512 1913 552 1960; x_wconf 87' lang='lat' dir='ltr'>ex</span> <span class='ocrx_word' id='word_1_133' title='bbox 567 1895 701 1960; x_wconf 78' lang='lat' dir='ltr'>fidelibus</span> <span class='ocrx_word' id='word_1_134' title='bbox 718 1893 913 1981; x_wconf 83' lang='lat' dir='ltr'>simplioiores</span> <span class='ocrx_word' id='word_1_135' title='bbox 928 1905 998 1961; x_wconf 88' lang='lat' dir='ltr'>sunt</span> <span class='ocrx_word' id='word_1_136' title='bbox 1015 1894 1145 1960; x_wconf 79' lang='lat' dir='ltr'>maxime</span> <span class='ocrx_word' id='word_1_137' title='bbox 1165 1893 1244 1974; x_wconf 88' lang='lat' dir='ltr'>ireti,</span> <span class='ocrx_word' id='word_1_138' title='bbox 1264 1899 1325 1970; x_wconf 65' lang='lat' dir='ltr'>cip.</span> <span class='ocrx_word' id='word_1_139' title='bbox 1342 1898 1401 1952; x_wconf 83' lang='lat' dir='ltr'>xit.</span> 
     </span>
     <span class='ocr_line' id='line_1_17' title="bbox 83 1997 1247 2087; baseline -0.003 -22"><span class='ocrx_word' id='word_1_140' title='bbox 83 2002 190 2087; x_wconf 80' lang='lat' dir='ltr'>inpios</span> <span class='ocrx_word' id='word_1_141' title='bbox 213 2008 324 2082; x_wconf 81' lang='lat' dir='ltr'>negent</span> <span class='ocrx_word' id='word_1_142' title='bbox 338 1997 567 2062; x_wconf 84' lang='lat' dir='ltr'>resurreetionis</span> <span class='ocrx_word' id='word_1_143' title='bbox 589 2009 740 2084; x_wconf 81' lang='lat' dir='ltr'>compotes</span> <span class='ocrx_word' id='word_1_144' title='bbox 762 1999 894 2078; x_wconf 84' lang='lat' dir='ltr'>luteres,</span> <span class='ocrx_word' id='word_1_145' title='bbox 920 2019 1016 2085; x_wconf 87' lang='lat' dir='ltr'>neque</span> <span class='ocrx_word' id='word_1_146' title='bbox 1033 1997 1102 2084; x_wconf 86' lang='lat' dir='ltr'>quid</span> <span class='ocrx_word' id='word_1_147' title='bbox 1125 2017 1178 2084; x_wconf 83' lang='lat' dir='ltr'>per</span> <span class='ocrx_word' id='word_1_148' title='bbox 1199 2017 1247 2062; x_wconf 83' lang='lat' dir='ltr'>re·</span> 
     </span>
     <span class='ocr_line' id='line_1_18' title="bbox 82 2099 1249 2187; baseline -0.003 -21"><span class='ocrx_word' id='word_1_149' title='bbox 82 2102 302 2168; x_wconf 81' lang='lat' dir='ltr'>surrectionem</span> <span class='ocrx_word' id='word_1_150' title='bbox 319 2099 484 2184; x_wconf 81' lang='lat' dir='ltr'>intelligent</span> <span class='ocrx_word' id='word_1_151' title='bbox 498 2101 570 2164; x_wconf 83' lang='lat' dir='ltr'>sutis</span> <span class='ocrx_word' id='word_1_152' title='bbox 588 2101 750 2187; x_wconf 78' lang='lat' dir='ltr'>esplieent.</span> <span class='ocrx_word' id='word_1_153' title='bbox 793 2099 873 2166; x_wconf 83' lang='lat' dir='ltr'>Nero</span> <span class='ocrx_word' id='word_1_154' title='bbox 891 2101 947 2166; x_wconf 85' lang='lat' dir='ltr'>etsi</span> <span class='ocrx_word' id='word_1_155' title='bbox 966 2121 1049 2166; x_wconf 79' lang='lat' dir='ltr'>ruem</span> <span class='ocrx_word' id='word_1_156' title='bbox 1066 2102 1102 2165; x_wconf 93' lang='lat' dir='ltr'>de</span> <span class='ocrx_word' id='word_1_157' title='bbox 1117 2099 1162 2164; x_wconf 83' lang='lat' dir='ltr'>iuis</span> <span class='ocrx_word' id='word_1_158' title='bbox 1179 2119 1249 2163; x_wconf 85' lang='lat' dir='ltr'>sen·</span> 
     </span>
     <span class='ocr_line' id='line_1_19' title="bbox 82 2201 1248 2290; baseline -0.002 -22"><span class='ocrx_word' id='word_1_159' title='bbox 82 2205 208 2270; x_wconf 71' lang='lat' dir='ltr'>lentim</span> <span class='ocrx_word' id='word_1_160' title='bbox 233 2203 423 2288; x_wconf 80' lang='lat' dir='ltr'>pronuntiare</span> <span class='ocrx_word' id='word_1_161' title='bbox 439 2202 614 2283; x_wconf 76' lang='lat' dir='ltr'>videantur,</span> <span class='ocrx_word' id='word_1_162' title='bbox 637 2225 679 2270; x_wconf 88' lang='lat' dir='ltr'>ex</span> <span class='ocrx_word' id='word_1_163' title='bbox 696 2204 760 2290; x_wconf 84' lang='lat' dir='ltr'>ipse</span> <span class='ocrx_word' id='word_1_164' title='bbox 777 2214 874 2270; x_wconf 82' lang='lat' dir='ltr'>tumen</span> <span class='ocrx_word' id='word_1_165' title='bbox 892 2203 1083 2288; x_wconf 85' lang='lat' dir='ltr'>inquisitione</span> <span class='ocrx_word' id='word_1_166' title='bbox 1100 2201 1248 2266; x_wconf 86' lang='lat' dir='ltr'>eoustebit</span> 
     </span>
     <span class='ocr_line' id='line_1_20' title="bbox 82 2302 1246 2392; baseline -0.003 -20"><span class='ocrx_word' id='word_1_167' title='bbox 82 2307 205 2372; x_wconf 85' lang='lat' dir='ltr'>minime</span> <span class='ocrx_word' id='word_1_168' title='bbox 225 2306 293 2371; x_wconf 83' lang='lat' dir='ltr'>iilos</span> <span class='ocrx_word' id='word_1_169' title='bbox 314 2326 389 2391; x_wconf 80' lang='lat' dir='ltr'>quae</span> <span class='ocrx_word' id='word_1_170' title='bbox 408 2307 619 2390; x_wconf 76' lang='lat' dir='ltr'>consequentia</span> <span class='ocrx_word' id='word_1_171' title='bbox 642 2317 711 2372; x_wconf 82' lang='lat' dir='ltr'>eunt</span> <span class='ocrx_word' id='word_1_172' title='bbox 732 2327 820 2392; x_wconf 87' lang='lat' dir='ltr'>pesse</span> <span class='ocrx_word' id='word_1_173' title='bbox 841 2325 975 2370; x_wconf 78' lang='lat' dir='ltr'>seruere.</span> <span class='ocrx_word' id='word_1_174' title='bbox 1020 2302 1122 2388; x_wconf 83' lang='lat' dir='ltr'>Quere</span> <span class='ocrx_word' id='word_1_175' title='bbox 1143 2304 1170 2369; x_wconf 87' lang='lat' dir='ltr'>si</span> <span class='ocrx_word' id='word_1_176' title='bbox 1192 2323 1246 2368; x_wconf 83' lang='lat' dir='ltr'>eos</span> 
     </span>
     <span class='ocr_line' id='line_1_21' title="bbox 82 2407 1245 2494; baseline -0.003 -20"><span class='ocrx_word' id='word_1_177' title='bbox 82 2409 323 2492; x_wconf 79' lang='lat' dir='ltr'>interrogemus,</span> <span class='ocrx_word' id='word_1_178' title='bbox 347 2407 498 2474; x_wconf 81' lang='lat' dir='ltr'>euinsuuur</span> <span class='ocrx_word' id='word_1_179' title='bbox 516 2410 697 2474; x_wconf 85' lang='lat' dir='ltr'>resurreetio</span> <span class='ocrx_word' id='word_1_180' title='bbox 712 2411 809 2475; x_wconf 80' lang='lat' dir='ltr'>lutura</span> <span class='ocrx_word' id='word_1_181' title='bbox 824 2408 880 2488; x_wconf 85' lang='lat' dir='ltr'>sit,</span> <span class='ocrx_word' id='word_1_182' title='bbox 904 2428 1060 2494; x_wconf 76' lang='lat' dir='ltr'>corporum</span> <span class='ocrx_word' id='word_1_183' title='bbox 1078 2407 1178 2492; x_wconf 84' lang='lat' dir='ltr'>utique</span> <span class='ocrx_word' id='word_1_184' title='bbox 1197 2426 1245 2470; x_wconf 90' lang='lat' dir='ltr'>re·</span> 
     </span>
    </p>
   </div>
   <div class='ocr_carea' id='block_1_5' title="bbox 82 2507 1323 2600">
    <p class='ocr_par' dir='ltr' id='par_1_5' title="bbox 82 2507 1323 2600">
     <span class='ocr_line' id='line_1_22' title="bbox 82 2507 1323 2600; baseline -0.004 -24"><span class='ocrx_word' id='word_1_185' title='bbox 82 2513 249 2598; x_wconf 78' lang='lat' dir='ltr'>spondent,</span> <span class='ocrx_word' id='word_1_186' title='bbox 281 2511 385 2596; x_wconf 83' lang='lat' dir='ltr'>quibus</span> <span class='ocrx_word' id='word_1_187' title='bbox 409 2512 495 2575; x_wconf 78' lang='lat' dir='ltr'>ruodo</span> <span class='ocrx_word' id='word_1_188' title='bbox 521 2512 692 2576; x_wconf 81' lang='lat' dir='ltr'>eiroumdrti</span> <span class='ocrx_word' id='word_1_189' title='bbox 719 2532 831 2576; x_wconf 84' lang='lat' dir='ltr'>sumus.</span> <span class='ocrx_word' id='word_1_190' title='bbox 877 2507 937 2575; x_wconf 89' lang='lat' dir='ltr'>Sed</span> <span class='ocrx_word' id='word_1_191' title='bbox 960 2509 1138 2574; x_wconf 73' lang='lat' dir='ltr'>instantibus</span> <span class='ocrx_word' id='word_1_192' title='bbox 1160 2507 1244 2572; x_wconf 79' lang='lat' dir='ltr'>uoltis</span> <span class='ocrx_word' id='word_1_193' title='bbox 1321 2597 1323 2600; x_wconf 16' lang='grc' dir='ltr'>Ι</span> 
     </span>
    </p>
   </div>
   <div class='ocr_carea' id='block_1_6' title="bbox 77 2611 1245 4238">
    <p class='ocr_par' dir='ltr' id='par_1_6' title="bbox 77 2611 1245 4238">
     <span class='ocr_line' id='line_1_23' title="bbox 83 2611 1245 2700; baseline -0.002 -22"><span class='ocrx_word' id='word_1_194' title='bbox 83 2615 235 2700; x_wconf 77' lang='lat' dir='ltr'>totiusque</span> <span class='ocrx_word' id='word_1_195' title='bbox 252 2611 433 2678; x_wconf 81' lang='lat' dir='ltr'>substeutiuo</span> <span class='ocrx_word' id='word_1_196' title='bbox 450 2631 545 2678; x_wconf 88' lang='lat' dir='ltr'>neone</span> <span class='ocrx_word' id='word_1_197' title='bbox 560 2634 628 2678; x_wconf 84' lang='lat' dir='ltr'>esso</span> <span class='ocrx_word' id='word_1_198' title='bbox 643 2614 760 2692; x_wconf 81' lang='lat' dir='ltr'>debent,</span> <span class='ocrx_word' id='word_1_199' title='bbox 783 2625 939 2699; x_wconf 71' lang='lat' dir='ltr'>antequem</span> <span class='ocrx_word' id='word_1_200' title='bbox 961 2613 1117 2696; x_wconf 80' lang='lat' dir='ltr'>diiigenter</span> <span class='ocrx_word' id='word_1_201' title='bbox 1132 2630 1245 2698; x_wconf 77' lang='lat' dir='ltr'>expen-</span> 
     </span>
     <span class='ocr_line' id='line_1_24' title="bbox 83 2713 1243 2800; baseline -0.003 -21"><span class='ocrx_word' id='word_1_202' title='bbox 83 2719 170 2794; x_wconf 84' lang='lat' dir='ltr'>dent,</span> <span class='ocrx_word' id='word_1_203' title='bbox 197 2716 289 2780; x_wconf 85' lang='lat' dir='ltr'>totius</span> <span class='ocrx_word' id='word_1_204' title='bbox 311 2735 381 2780; x_wconf 82' lang='lat' dir='ltr'>esse</span> <span class='ocrx_word' id='word_1_205' title='bbox 405 2715 557 2780; x_wconf 87' lang='lat' dir='ltr'>deliniunt.</span> <span class='ocrx_word' id='word_1_206' title='bbox 603 2713 689 2799; x_wconf 81' lang='lat' dir='ltr'>Quod</span> <span class='ocrx_word' id='word_1_207' title='bbox 712 2717 737 2780; x_wconf 89' lang='lat' dir='ltr'>si</span> <span class='ocrx_word' id='word_1_208' title='bbox 760 2737 815 2781; x_wconf 84' lang='lat' dir='ltr'>uos</span> <span class='ocrx_word' id='word_1_209' title='bbox 832 2717 868 2780; x_wconf 85' lang='lat' dir='ltr'>ed</span> <span class='ocrx_word' id='word_1_210' title='bbox 890 2715 1005 2780; x_wconf 82' lang='lat' dir='ltr'>illorum</span> <span class='ocrx_word' id='word_1_211' title='bbox 1028 2713 1243 2800; x_wconf 75' lang='lat' dir='ltr'>simplieitatem</span> 
     </span>
     <span class='ocr_line' id='line_1_25' title="bbox 81 2814 1244 2904; baseline -0.003 -21"><span class='ocrx_word' id='word_1_212' title='bbox 81 2819 343 2884; x_wconf 77' lang='lat' dir='ltr'>oeeomneodnotes</span> <span class='ocrx_word' id='word_1_213' title='bbox 359 2817 465 2882; x_wconf 83' lang='lat' dir='ltr'>iterun</span> <span class='ocrx_word' id='word_1_214' title='bbox 483 2818 642 2882; x_wconf 78' lang='lat' dir='ltr'>dubitande</span> <span class='ocrx_word' id='word_1_215' title='bbox 658 2830 876 2904; x_wconf 84' lang='lat' dir='ltr'>pereuntemur,</span> <span class='ocrx_word' id='word_1_216' title='bbox 901 2841 968 2882; x_wconf 88' lang='lat' dir='ltr'>num</span> <span class='ocrx_word' id='word_1_217' title='bbox 986 2838 1042 2882; x_wconf 86' lang='lat' dir='ltr'>unu</span> <span class='ocrx_word' id='word_1_218' title='bbox 1056 2817 1178 2902; x_wconf 77' lang='lat' dir='ltr'>sanguis</span> <span class='ocrx_word' id='word_1_219' title='bbox 1195 2814 1244 2880; x_wconf 88' lang='lat' dir='ltr'>ilie</span> 
     </span>
     <span class='ocr_line' id='line_1_26' title="bbox 83 2919 1244 3004; baseline -0.002 -20"><span class='ocrx_word' id='word_1_220' title='bbox 83 2922 278 2999; x_wconf 81' lang='lat' dir='ltr'>restituetur,</span> <span class='ocrx_word' id='word_1_221' title='bbox 303 2919 351 3004; x_wconf 88' lang='lat' dir='ltr'>qui</span> <span class='ocrx_word' id='word_1_222' title='bbox 367 2931 449 2984; x_wconf 85' lang='lat' dir='ltr'>seete</span> <span class='ocrx_word' id='word_1_223' title='bbox 465 2920 624 2986; x_wconf 82' lang='lat' dir='ltr'>identidem</span> <span class='ocrx_word' id='word_1_224' title='bbox 645 2942 720 2986; x_wconf 81' lang='lat' dir='ltr'>reus</span> <span class='ocrx_word' id='word_1_225' title='bbox 738 2923 857 2986; x_wconf 75' lang='lat' dir='ltr'>defensus</span> <span class='ocrx_word' id='word_1_226' title='bbox 875 2933 938 2998; x_wconf 85' lang='lat' dir='ltr'>est,</span> <span class='ocrx_word' id='word_1_227' title='bbox 963 2943 1018 2985; x_wconf 91' lang='lat' dir='ltr'>nee</span> <span class='ocrx_word' id='word_1_228' title='bbox 1040 2941 1098 2984; x_wconf 91' lang='lat' dir='ltr'>non</span> <span class='ocrx_word' id='word_1_229' title='bbox 1121 2931 1152 2983; x_wconf 87' lang='lat' dir='ltr'>et</span> <span class='ocrx_word' id='word_1_230' title='bbox 1173 2939 1244 2983; x_wconf 74' lang='lat' dir='ltr'>earo</span> 
     </span>
     <span class='ocr_line' id='line_1_27' title="bbox 81 3019 1244 3109; baseline -0.003 -21"><span class='ocrx_word' id='word_1_231' title='bbox 81 3024 200 3102; x_wconf 86' lang='lat' dir='ltr'>omnis,</span> <span class='ocrx_word' id='word_1_232' title='bbox 226 3043 261 3086; x_wconf 91' lang='lat' dir='ltr'>ee</span> <span class='ocrx_word' id='word_1_233' title='bbox 279 3022 347 3108; x_wconf 84' lang='lat' dir='ltr'>pili,</span> <span class='ocrx_word' id='word_1_234' title='bbox 372 3023 420 3107; x_wconf 85' lang='lat' dir='ltr'>qui</span> <span class='ocrx_word' id='word_1_235' title='bbox 438 3045 564 3109; x_wconf 75' lang='lat' dir='ltr'>unquam</span> <span class='ocrx_word' id='word_1_236' title='bbox 582 3023 662 3088; x_wconf 87' lang='lat' dir='ltr'>eneti</span> <span class='ocrx_word' id='word_1_237' title='bbox 678 3034 764 3102; x_wconf 90' lang='lat' dir='ltr'>sunt,</span> <span class='ocrx_word' id='word_1_238' title='bbox 789 3045 826 3088; x_wconf 85' lang='lat' dir='ltr'>en</span> <span class='ocrx_word' id='word_1_239' title='bbox 841 3023 863 3088; x_wconf 90' lang='lat' dir='ltr'>ii</span> <span class='ocrx_word' id='word_1_240' title='bbox 877 3024 1022 3090; x_wconf 83' lang='lat' dir='ltr'>duutexet</span> <span class='ocrx_word' id='word_1_241' title='bbox 1036 3023 1085 3109; x_wconf 84' lang='lat' dir='ltr'>qui</span> <span class='ocrx_word' id='word_1_242' title='bbox 1106 3021 1161 3087; x_wconf 87' lang='lat' dir='ltr'>sub</span> <span class='ocrx_word' id='word_1_243' title='bbox 1179 3019 1244 3086; x_wconf 78' lang='lat' dir='ltr'>exi·</span> 
     </span>
     <span class='ocr_line' id='line_1_28' title="bbox 82 3126 1244 3212; baseline 0.001 -23"><span class='ocrx_word' id='word_1_244' title='bbox 82 3138 141 3190; x_wconf 88' lang='lat' dir='ltr'>turn</span> <span class='ocrx_word' id='word_1_245' title='bbox 163 3136 298 3190; x_wconf 85' lang='lat' dir='ltr'>uestrum</span> <span class='ocrx_word' id='word_1_246' title='bbox 317 3126 513 3204; x_wconf 81' lang='lat' dir='ltr'>eiiioruerint,</span> <span class='ocrx_word' id='word_1_247' title='bbox 544 3147 582 3190; x_wconf 92' lang='lat' dir='ltr'>eo</span> <span class='ocrx_word' id='word_1_248' title='bbox 604 3127 776 3210; x_wconf 74' lang='lat' dir='ltr'>eouiugiunt</span> <span class='ocrx_word' id='word_1_249' title='bbox 798 3137 829 3190; x_wconf 91' lang='lat' dir='ltr'>ut</span> <span class='ocrx_word' id='word_1_250' title='bbox 852 3127 907 3191; x_wconf 88' lang='lat' dir='ltr'>deo</span> <span class='ocrx_word' id='word_1_251' title='bbox 929 3126 1153 3212; x_wconf 82' lang='lat' dir='ltr'>permittendum</span> <span class='ocrx_word' id='word_1_252' title='bbox 1176 3145 1244 3190; x_wconf 84' lang='lat' dir='ltr'>esse</span> 
     </span>
     <span class='ocr_line' id='line_1_29' title="bbox 81 3227 1242 3314; baseline -0.002 -22"><span class='ocrx_word' id='word_1_253' title='bbox 81 3229 185 3292; x_wconf 79' lang='lat' dir='ltr'>dieunt</span> <span class='ocrx_word' id='word_1_254' title='bbox 208 3239 241 3292; x_wconf 85' lang='lat' dir='ltr'>ut</span> <span class='ocrx_word' id='word_1_255' title='bbox 263 3247 340 3311; x_wconf 78' lang='lat' dir='ltr'>quae</span> <span class='ocrx_word' id='word_1_256' title='bbox 362 3227 433 3292; x_wconf 81' lang='lat' dir='ltr'>velit</span> <span class='ocrx_word' id='word_1_257' title='bbox 456 3228 572 3293; x_wconf 79' lang='lat' dir='ltr'>effieirt.</span> <span class='ocrx_word' id='word_1_258' title='bbox 617 3229 660 3294; x_wconf 76' lang='lat' dir='ltr'>At</span> <span class='ocrx_word' id='word_1_259' title='bbox 676 3229 724 3314; x_wconf 87' lang='lat' dir='ltr'>qui</span> <span class='ocrx_word' id='word_1_260' title='bbox 742 3229 834 3314; x_wconf 75' lang='lat' dir='ltr'>megin</span> <span class='ocrx_word' id='word_1_261' title='bbox 853 3229 1010 3293; x_wconf 85' lang='lat' dir='ltr'>interillos</span> <span class='ocrx_word' id='word_1_262' title='bbox 1025 3228 1138 3292; x_wconf 83' lang='lat' dir='ltr'>strenui</span> <span class='ocrx_word' id='word_1_263' title='bbox 1161 3237 1242 3306; x_wconf 85' lang='lat' dir='ltr'>sunt,</span> 
     </span>
     <span class='ocr_line' id='line_1_30' title="bbox 80 3330 1243 3416; baseline 0.001 -22"><span class='ocrx_word' id='word_1_264' title='bbox 80 3352 117 3394; x_wconf 92' lang='lat' dir='ltr'>ne</span> <span class='ocrx_word' id='word_1_265' title='bbox 140 3330 299 3414; x_wconf 73' lang='lat' dir='ltr'>sanguinis</span> <span class='ocrx_word' id='word_1_266' title='bbox 320 3331 434 3416; x_wconf 81' lang='lat' dir='ltr'>eopiem</span> <span class='ocrx_word' id='word_1_267' title='bbox 458 3351 593 3410; x_wconf 84' lang='lat' dir='ltr'>ennom,</span> <span class='ocrx_word' id='word_1_268' title='bbox 617 3331 724 3415; x_wconf 87' lang='lat' dir='ltr'>quiex</span> <span class='ocrx_word' id='word_1_269' title='bbox 744 3331 918 3416; x_wconf 76' lang='lat' dir='ltr'>cerporibus</span> <span class='ocrx_word' id='word_1_270' title='bbox 942 3332 1051 3394; x_wconf 83' lang='lat' dir='ltr'>nostris</span> <span class='ocrx_word' id='word_1_271' title='bbox 1072 3330 1243 3416; x_wconf 83' lang='lat' dir='ltr'>pierumque</span> 
     </span>
     <span class='ocr_line' id='line_1_31' title="bbox 79 3431 1244 3518; baseline 0 -22"><span class='ocrx_word' id='word_1_272' title='bbox 79 3442 217 3496; x_wconf 85' lang='lat' dir='ltr'>seeretus</span> <span class='ocrx_word' id='word_1_273' title='bbox 236 3443 301 3510; x_wconf 83' lang='lat' dir='ltr'>est,</span> <span class='ocrx_word' id='word_1_274' title='bbox 324 3431 354 3496; x_wconf 90' lang='lat' dir='ltr'>iu</span> <span class='ocrx_word' id='word_1_275' title='bbox 372 3453 460 3496; x_wconf 85' lang='lat' dir='ltr'>unum</span> <span class='ocrx_word' id='word_1_276' title='bbox 478 3434 616 3498; x_wconf 87' lang='lat' dir='ltr'>eoulerre</span> <span class='ocrx_word' id='word_1_277' title='bbox 631 3433 768 3498; x_wconf 82' lang='lat' dir='ltr'>erutione</span> <span class='ocrx_word' id='word_1_278' title='bbox 787 3456 840 3500; x_wconf 84' lang='lat' dir='ltr'>sue</span> <span class='ocrx_word' id='word_1_279' title='bbox 857 3445 1010 3518; x_wconf 78' lang='lat' dir='ltr'>eoguntur,</span> <span class='ocrx_word' id='word_1_280' title='bbox 1034 3434 1177 3498; x_wconf 86' lang='lat' dir='ltr'>eiusmodi</span> <span class='ocrx_word' id='word_1_281' title='bbox 1196 3453 1244 3496; x_wconf 80' lang='lat' dir='ltr'>re-</span> 
     </span>
     <span class='ocr_line' id='line_1_32' title="bbox 79 3536 1240 3622; baseline 0.005 -26"><span class='ocrx_word' id='word_1_282' title='bbox 79 3555 209 3620; x_wconf 74' lang='lat' dir='ltr'>surgere</span> <span class='ocrx_word' id='word_1_283' title='bbox 239 3553 363 3619; x_wconf 77' lang='lat' dir='ltr'>eernere</span> <span class='ocrx_word' id='word_1_284' title='bbox 391 3536 579 3620; x_wconf 75' lang='lat' dir='ltr'>praedicunt,</span> <span class='ocrx_word' id='word_1_285' title='bbox 614 3538 711 3622; x_wconf 85' lang='lat' dir='ltr'>quelle</span> <span class='ocrx_word' id='word_1_286' title='bbox 738 3537 931 3602; x_wconf 85' lang='lat' dir='ltr'>morientibus</span> <span class='ocrx_word' id='word_1_287' title='bbox 961 3537 1046 3600; x_wconf 84' lang='lat' dir='ltr'>uobis</span> <span class='ocrx_word' id='word_1_288' title='bbox 1074 3536 1240 3602; x_wconf 81' lang='lat' dir='ltr'>extiterint.</span> 
     </span>
     <span class='ocr_line' id='line_1_33' title="bbox 82 3633 1243 3726; baseline -0.002 -24"><span class='ocrx_word' id='word_1_289' title='bbox 82 3633 196 3702; x_wconf 76' lang='lat' dir='ltr'>Contra</span> <span class='ocrx_word' id='word_1_290' title='bbox 220 3657 295 3720; x_wconf 87' lang='lat' dir='ltr'>quos</span> <span class='ocrx_word' id='word_1_291' title='bbox 319 3637 388 3702; x_wconf 88' lang='lat' dir='ltr'>iliud</span> <span class='ocrx_word' id='word_1_292' title='bbox 407 3638 529 3723; x_wconf 73' lang='lat' dir='ltr'>iusuper</span> <span class='ocrx_word' id='word_1_293' title='bbox 545 3638 716 3716; x_wconf 80' lang='lat' dir='ltr'>oblinimus,</span> <span class='ocrx_word' id='word_1_294' title='bbox 741 3660 807 3702; x_wconf 77' lang='lat' dir='ltr'>eunt</span> <span class='ocrx_word' id='word_1_295' title='bbox 828 3640 868 3704; x_wconf 88' lang='lat' dir='ltr'>sit</span> <span class='ocrx_word' id='word_1_296' title='bbox 885 3660 1039 3726; x_wconf 80' lang='lat' dir='ltr'>corporum</span> <span class='ocrx_word' id='word_1_297' title='bbox 1059 3648 1162 3704; x_wconf 76' lang='lat' dir='ltr'>nutura</span> <span class='ocrx_word' id='word_1_298' title='bbox 1180 3659 1243 3701; x_wconf 88' lang='lat' dir='ltr'>mu·</span> 
     </span>
     <span class='ocr_line' id='line_1_34' title="bbox 80 3740 1241 3827; baseline 0 -24"><span class='ocrx_word' id='word_1_299' title='bbox 80 3741 200 3817; x_wconf 81' lang='lat' dir='ltr'>tebiiis‚</span> <span class='ocrx_word' id='word_1_300' title='bbox 223 3740 468 3824; x_wconf 80' lang='lat' dir='ltr'>qrueenedmodurn</span> <span class='ocrx_word' id='word_1_301' title='bbox 486 3741 515 3804; x_wconf 90' lang='lat' dir='ltr'>iu</span> <span class='ocrx_word' id='word_1_302' title='bbox 535 3763 643 3826; x_wconf 80' lang='lat' dir='ltr'>eorpus</span> <span class='ocrx_word' id='word_1_303' title='bbox 659 3752 791 3806; x_wconf 85' lang='lat' dir='ltr'>nostrum</span> <span class='ocrx_word' id='word_1_304' title='bbox 814 3741 952 3807; x_wconf 80' lang='lat' dir='ltr'>elimenta</span> <span class='ocrx_word' id='word_1_305' title='bbox 975 3742 1147 3827; x_wconf 81' lang='lat' dir='ltr'>digeruntur</span> <span class='ocrx_word' id='word_1_306' title='bbox 1160 3740 1241 3804; x_wconf 83' lang='lat' dir='ltr'>sinui·</span> 
     </span>
     <span class='ocr_line' id='line_1_35' title="bbox 79 3843 1241 3932; baseline 0 -26"><span class='ocrx_word' id='word_1_307' title='bbox 79 3843 279 3926; x_wconf 83' lang='lat' dir='ltr'>titudineoque</span> <span class='ocrx_word' id='word_1_308' title='bbox 298 3852 508 3923; x_wconf 75' lang='lat' dir='ltr'>transmutent,</span> <span class='ocrx_word' id='word_1_309' title='bbox 533 3844 574 3908; x_wconf 87' lang='lat' dir='ltr'>ite</span> <span class='ocrx_word' id='word_1_310' title='bbox 592 3854 621 3932; x_wconf 82' lang='lat' dir='ltr'>et</span> <span class='ocrx_word' id='word_1_311' title='bbox 641 3865 766 3931; x_wconf 79' lang='lat' dir='ltr'>serpere</span> <span class='ocrx_word' id='word_1_312' title='bbox 792 3855 895 3910; x_wconf 81' lang='lat' dir='ltr'>nostre</span> <span class='ocrx_word' id='word_1_313' title='bbox 916 3844 1068 3924; x_wconf 78' lang='lat' dir='ltr'>converti,</span> <span class='ocrx_word' id='word_1_314' title='bbox 1092 3854 1121 3906; x_wconf 87' lang='lat' dir='ltr'>et</span> <span class='ocrx_word' id='word_1_315' title='bbox 1140 3865 1157 3907; x_wconf 92' lang='grc' dir='ltr'>ιι</span> <span class='ocrx_word' id='word_1_316' title='bbox 1175 3863 1241 3908; x_wconf 80' lang='lat' dir='ltr'>eor·</span> 
     </span>
     <span class='ocr_line' id='line_1_36' title="bbox 79 3941 1241 4033; baseline 0.002 -25"><span class='ocrx_word' id='word_1_317' title='bbox 79 3945 197 4010; x_wconf 80' lang='lat' dir='ltr'>nivosis</span> <span class='ocrx_word' id='word_1_318' title='bbox 211 3944 317 4008; x_wconf 79' lang='lat' dir='ltr'>ovibus</span> <span class='ocrx_word' id='word_1_319' title='bbox 336 3946 464 4031; x_wconf 77' lang='lat' dir='ltr'>serisque</span> <span class='ocrx_word' id='word_1_320' title='bbox 480 3948 602 4033; x_wconf 79' lang='lat' dir='ltr'>depasto</span> <span class='ocrx_word' id='word_1_321' title='bbox 618 3968 773 4032; x_wconf 80' lang='lat' dir='ltr'>eorporuun</span> <span class='ocrx_word' id='word_1_322' title='bbox 791 3948 906 4012; x_wconf 87' lang='lat' dir='ltr'>illorum</span> <span class='ocrx_word' id='word_1_323' title='bbox 924 3957 1023 4033; x_wconf 78' lang='lat' dir='ltr'>partes</span> <span class='ocrx_word' id='word_1_324' title='bbox 1040 3945 1125 4011; x_wconf 79' lang='lat' dir='ltr'>effici.</span> <span class='ocrx_word' id='word_1_325' title='bbox 1154 3941 1241 4028; x_wconf 80' lang='lat' dir='ltr'>Qene</span> 
     </span>
     <span class='ocr_line' id='line_1_37' title="bbox 79 4047 1241 4132; baseline 0.005 -23"><span class='ocrx_word' id='word_1_326' title='bbox 79 4048 199 4132; x_wconf 85' lang='lat' dir='ltr'>quidem</span> <span class='ocrx_word' id='word_1_327' title='bbox 218 4067 336 4110; x_wconf 86' lang='lat' dir='ltr'>rursum</span> <span class='ocrx_word' id='word_1_328' title='bbox 355 4048 392 4111; x_wconf 84' lang='lat' dir='ltr'>eb</span> <span class='ocrx_word' id='word_1_329' title='bbox 415 4048 580 4114; x_wconf 85' lang='lat' dir='ltr'>hominibus</span> <span class='ocrx_word' id='word_1_330' title='bbox 599 4060 650 4114; x_wconf 85' lang='lat' dir='ltr'>eut</span> <span class='ocrx_word' id='word_1_331' title='bbox 667 4049 732 4114; x_wconf 83' lang='lat' dir='ltr'>eliis</span> <span class='ocrx_word' id='word_1_332' title='bbox 754 4047 927 4113; x_wconf 80' lang='lat' dir='ltr'>animalibus</span> <span class='ocrx_word' id='word_1_333' title='bbox 949 4051 1090 4113; x_wconf 80' lang='lat' dir='ltr'>devorate</span> <span class='ocrx_word' id='word_1_334' title='bbox 1110 4048 1241 4114; x_wconf 77' lang='lat' dir='ltr'>vicissim</span> 
     </span>
     <span class='ocr_line' id='line_1_38' title="bbox 77 4149 1241 4238; baseline 0.005 -26"><span class='ocrx_word' id='word_1_335' title='bbox 77 4158 251 4229; x_wconf 80' lang='lat' dir='ltr'>mutentur,</span> <span class='ocrx_word' id='word_1_336' title='bbox 275 4160 306 4214; x_wconf 86' lang='lat' dir='ltr'>et</span> <span class='ocrx_word' id='word_1_337' title='bbox 322 4149 469 4214; x_wconf 85' lang='lat' dir='ltr'>hominum</span> <span class='ocrx_word' id='word_1_338' title='bbox 488 4152 536 4216; x_wconf 83' lang='lat' dir='ltr'>vel</span> <span class='ocrx_word' id='word_1_339' title='bbox 552 4151 674 4216; x_wconf 85' lang='lat' dir='ltr'>eliorum</span> <span class='ocrx_word' id='word_1_340' title='bbox 699 4150 864 4214; x_wconf 78' lang='lat' dir='ltr'>animalium</span> <span class='ocrx_word' id='word_1_341' title='bbox 879 4171 1005 4237; x_wconf 80' lang='lat' dir='ltr'>corpore</span> <span class='ocrx_word' id='word_1_342' title='bbox 1021 4151 1110 4234; x_wconf 88' lang='lat' dir='ltr'>liunt,</span> <span class='ocrx_word' id='word_1_343' title='bbox 1134 4173 1190 4238; x_wconf 85' lang='lat' dir='ltr'>que</span> <span class='ocrx_word' id='word_1_344' title='bbox 1208 4173 1241 4219; x_wconf 85' lang='lat' dir='ltr'>re</span> 
     </span>
    </p>
   </div>
   <div class='ocr_carea' id='block_1_7' title="bbox 75 4283 1241 4562">
    <p class='ocr_par' dir='ltr' id='par_1_7' title="bbox 75 4283 1241 4426">
     <span class='ocr_line' id='line_1_39' title="bbox 75 4283 1241 4360; baseline 0.004 -22"><span class='ocrx_word' id='word_1_345' title='bbox 75 4303 128 4338; x_wconf 76' lang='lat' dir='ltr'>sor..</span> <span class='ocrx_word' id='word_1_346' title='bbox 163 4287 223 4336; x_wconf 80' lang='lat' dir='ltr'>illiti</span> <span class='ocrx_word' id='word_1_347' title='bbox 237 4289 418 4349; x_wconf 66' lang='lat' dir='ltr'>eliminent,</span> <span class='ocrx_word' id='word_1_348' title='bbox 441 4290 503 4352; x_wconf 75' lang='lat' dir='ltr'>quod</span> <span class='ocrx_word' id='word_1_349' title='bbox 518 4293 591 4340; x_wconf 83' lang='lat' dir='ltr'>mutto</span> <span class='ocrx_word' id='word_1_350' title='bbox 607 4289 645 4350; x_wconf 77' lang='lat' dir='ltr'>so·</span> <span class='ocrx_word' id='word_1_351' title='bbox 713 4283 738 4339; x_wconf 79' lang='lat' dir='ltr'>i.</span> <span class='ocrx_word' id='word_1_352' title='bbox 761 4287 937 4360; x_wconf 73' lang='grc' dir='ltr'>προτρέχουσιν</span> <span class='ocrx_word' id='word_1_353' title='bbox 970 4289 1022 4340; x_wconf 82' lang='lat' dir='ltr'>eod.</span> <span class='ocrx_word' id='word_1_354' title='bbox 1048 4291 1125 4342; x_wconf 77' lang='lat' dir='ltr'>Venet.</span> <span class='ocrx_word' id='word_1_355' title='bbox 1167 4291 1241 4356; x_wconf 65' lang='lat' dir='ltr'>ruine</span> 
     </span>
     <span class='ocr_line' id='line_1_40' title="bbox 76 4351 875 4426; baseline 0.006 -23"><span class='ocrx_word' id='word_1_356' title='bbox 76 4359 149 4404; x_wconf 76' lang='lat' dir='ltr'>odius</span> <span class='ocrx_word' id='word_1_357' title='bbox 173 4359 222 4415; x_wconf 83' lang='lat' dir='ltr'>eet,</span> <span class='ocrx_word' id='word_1_358' title='bbox 247 4355 283 4423; x_wconf 79' lang='grc' dir='ltr'>τῷ</span> <span class='ocrx_word' id='word_1_359' title='bbox 300 4355 354 4423; x_wconf 65' lang='lat' dir='ltr'>brui</span> <span class='ocrx_word' id='word_1_360' title='bbox 374 4361 454 4409; x_wconf 79' lang='grc' dir='ltr'>ποιεῖν</span> <span class='ocrx_word' id='word_1_361' title='bbox 476 4351 570 4410; x_wconf 71' lang='lat' dir='ltr'>eluendi</span> <span class='ocrx_word' id='word_1_362' title='bbox 587 4353 645 4426; x_wconf 74' lang='grc' dir='ltr'><strong>βού-</strong></span> <span class='ocrx_word' id='word_1_363' title='bbox 679 4357 875 4426; x_wconf 64' lang='grc' dir='ltr'>προετρίχουσιν.</span> 
     </span>
    </p>

    <p class='ocr_par' dir='ltr' id='par_1_8' title="bbox 77 4421 1191 4562">
     <span class='ocr_line' id='line_1_41' title="bbox 77 4421 1191 4496; baseline 0.008 -23"><span class='ocrx_word' id='word_1_364' title='bbox 77 4425 157 4474; x_wconf 71' lang='lat' dir='ltr'>irrue</span> <span class='ocrx_word' id='word_1_365' title='bbox 193 4424 230 4484; x_wconf 76' lang='lat' dir='ltr'>cd.</span> <span class='ocrx_word' id='word_1_366' title='bbox 248 4437 302 4484; x_wconf 81' lang='lat' dir='ltr'>een.</span> <span class='ocrx_word' id='word_1_367' title='bbox 322 4425 366 4475; x_wconf 69' lang='lat' dir='ltr'>to:</span> <span class='ocrx_word' id='word_1_368' title='bbox 384 4422 446 4488; x_wconf 79' lang='lat' dir='ltr'>„dri</span> <span class='ocrx_word' id='word_1_369' title='bbox 458 4421 488 4479; x_wconf 76' lang='lat' dir='ltr'>ed</span> <span class='ocrx_word' id='word_1_370' title='bbox 503 4421 585 4478; x_wconf 72' lang='grc' dir='ltr'>πάντα</span> <span class='ocrx_word' id='word_1_371' title='bbox 601 4429 645 4480; x_wconf 69' lang='lat' dir='ltr'>eu</span> <span class='ocrx_word' id='word_1_372' title='bbox 715 4427 738 4478; x_wconf 78' lang='grc'>5.</span> <span class='ocrx_word' id='word_1_373' title='bbox 756 4429 820 4478; x_wconf 73' lang='lat' dir='ltr'>eene</span> <span class='ocrx_word' id='word_1_374' title='bbox 835 4429 890 4477; x_wconf 79' lang='lat' dir='ltr'>ittet</span> <span class='ocrx_word' id='word_1_375' title='bbox 905 4429 985 4478; x_wconf 71' lang='lat' dir='ltr'>uttiooe</span> <span class='ocrx_word' id='word_1_376' title='bbox 1002 4421 1191 4496; x_wconf 68' lang='grc' dir='ltr'>ἀναγκάζονται</span> 
     </span>
     <span class='ocr_line' id='line_1_42' title="bbox 77 4485 601 4562; baseline 0.008 -18"><span class='ocrx_word' id='word_1_377' title='bbox 77 4487 143 4544; x_wconf 75' lang='lat' dir='ltr'>nerei</span> <span class='ocrx_word' id='word_1_378' title='bbox 160 4485 225 4544; x_wconf 73' lang='grc' dir='ltr'>ιῖιαι</span> <span class='ocrx_word' id='word_1_379' title='bbox 241 4491 280 4562; x_wconf 74' lang='grc' dir='ltr'>τῷ</span> <span class='ocrx_word' id='word_1_380' title='bbox 299 4491 353 4562; x_wconf 65' lang='grc' dir='ltr'>θεῷ</span> <span class='ocrx_word' id='word_1_381' title='bbox 369 4490 601 4561; x_wconf 75' lang='grc' dir='ltr'>καταφιῦγοιισιι.“</span> 
     </span>
    </p>
   </div>
   <div class='ocr_carea' id='block_1_8' title="bbox 0 0 1592 4930">
    <p class='ocr_par' dir='ltr' id='par_1_9' title="bbox 0 0 1592 4930">
     <span class='ocr_line' id='line_1_43' title="bbox 0 0 1592 4930; baseline 0 3"><span class='ocrx_word' id='word_1_382' title='bbox 0 0 1592 4930; x_wconf 95' lang='lat' dir='ltr'> </span> 
     </span>
    </p>
   </div>
  </div>
 </body>
</html>
