3186 4928
360 268 497 322 runnau
513 269 577 321 urs.
592 271 624 322 n.
641 267 756 322 nour.
772 267 872 320 uuna.
887 267 979 319 nxrv.
1188 255 1250 320 349

93 409 152 473 qne
176 389 266 469 deus,
291 389 382 454 misso
401 390 438 454 de
458 391 542 456 coelo
566 389 642 470 blio,
666 389 714 474 qni
733 389 857 454 similem
878 399 997 452 nostrae
1014 407 1131 452 carnem
1148 388 1250 452 indue·

92 503 153 556 rat.
198 491 281 556 Vere
299 493 396 572 enim,
422 513 479 557 non
503 493 604 576 specie
629 502 732 571 tenus,
757 503 821 556 erat
842 493 871 554 id
892 491 967 575 quod
993 510 1060 554 esse
1083 490 1248 556 videbatur.

92 593 135 660 Ut
151 595 285 658 nimirum
302 595 465 660 adiudicato
482 595 547 659 neci
562 607 694 681 peccato,
720 615 757 658 ne
774 595 849 658 ullos
866 593 972 656 iterum
988 593 1016 656 in
1033 613 1121 655 carne
1139 595 1250 659 tructus

93 699 209 778 ederet,
234 699 376 762 naturalis
393 697 559 762 laetificatio
573 698 647 782 legis
664 697 846 782 impleretur,
870 717 944 780 qnae
961 697 990 758 in
1005 695 1049 759 bis
1065 694 1249 759 obedientiae

92 800 238 866 benelicio
262 801 440 865 redundaret
461 799 510 884 qni
532 823 590 864 non
618 821 656 863 ex
678 800 776 864 carnis
800 797 1038 885 concupiscentia
1060 799 1250 882 progrediun-

92 915 161 984 tur,
192 904 243 967 sed
270 904 305 968 ad
329 902 450 989 spiritus
475 901 652 966 desiderium
670 921 703 966 se
722 923 757 965 ac
780 901 989 987 praescriptum
1017 900 1249 965 accommodant.

92 1003 164 1070 Lex
185 1007 261 1072 enim
283 1007 403 1094 spiritus
423 1005 519 1082 vitae,
543 1005 599 1068 boc
614 1016 661 1070 est
679 1004 880 1089 evangelium,
905 1004 940 1066 ab
957 1003 1157 1089 superioribus
1180 1003 1252 1088 legi-

92 1109 149 1173 bus
170 1109 359 1195 discrepans,
384 1108 420 1172 ad
443 1107 638 1172 obedientiam
660 1117 904 1192 peccatorumque
923 1106 1139 1171 relaxationem
1162 1127 1252 1171 evan-

92 1211 163 1295 gelii
181 1212 339 1296 praeconio
361 1210 538 1288 tenuitate,
563 1211 680 1295 ablega
698 1231 753 1274 nos
770 1209 933 1296 peccatine
951 1211 1053 1273 mortis
1068 1210 1193 1294 eripuit,
1217 1231 1251 1272 ac

92 1324 247 1398 peccatum
266 1313 379 1400 ipsum,
404 1314 480 1397 quod
498 1315 527 1377 in
545 1333 634 1378 carne
651 1313 811 1398 regnabat,
836 1313 965 1379 funditus
982 1309 1150 1378 debellavit.

181 1516 277 1604 lgitnr
299 1541 499 1605 quaecumque
523 1541 561 1584 ex
585 1521 710 1606 apostoli
735 1520 835 1584 verbis
856 1519 978 1606 proponi
1000 1521 1037 1584 ab
1061 1520 1119 1584 illis
1141 1518 1250 1594 solent,

92 1621 147 1686 sed
161 1623 311 1687 intellecta
327 1643 493 1710 perperam,
519 1623 582 1702 tibi,
607 1622 815 1708 o'l'beopbile,
840 1623 979 1687 hacteuus
994 1623 1130 1708 exposui.
1162 1619 1252 1685 Nunc

79 1724 129 1807 ad
149 1725 209 1788 alia
229 1745 276 1790 me
293 1735 482 1804 convertam,
507 1735 661 1812 postquam
680 1726 766 1789 buius
789 1726 952 1810 explicandi
972 1727 1117 1789 cannonis
1138 1725 1252 1788 adiuto-

92 1847 156 1892 rem
175 1839 280 1892 naotus
298 1830 393 1892 luero.
440 1825 575 1892 Difficilis
592 1828 697 1914 quippe
713 1838 799 1906 sunt,
824 1849 919 1912 neque
939 1829 974 1892 ad
990 1827 1181 1892 refellendum
1198 1848 1252 1891 ex·

93 1930 211 2014 pedite,
236 1951 312 2014 quae
327 1941 501 2015 sequuntur.
547 1928 616 2013 Quo
636 1932 760 2016 spissius
784 1952 818 1995 ac
839 1929 967 1994 timidius
987 1931 1059 1994 baec
1082 1930 1250 2014 aggredior,

94 2015 220 2118 quornm
237 2034 353 2117 longam
372 2054 407 2096 ac
427 2034 570 2098 difficilem
588 2035 651 2096 lore
669 2033 868 2117 probationem
887 2034 991 2112 video,
1017 2032 1072 2097 nisi
1090 2032 1252 2118 sapientiae

94 2136 240 2219 quaedam
260 2156 331 2199 aura
350 2147 474 2221 repente
494 2137 618 2200 coelitus
636 2136 805 2222 adspirans,
830 2137 890 2216 sic,
915 2146 1052 2220 tanquam
1071 2136 1100 2198 in
1118 2136 1178 2200 alto
1200 2156 1252 2199 na-

94 2237 253 2321 vigantes,
277 2239 463 2323 tranquillum
481 2239 518 2302 ad
536 2249 649 2324 portum
668 2261 704 2302 ac
720 2239 876 2304 firmiorem
899 2236 1178 2303 demonstrationem
1201 2259 1252 2322 ap-

112 2340 195 2404 ellat.

93 2362 110 2425 Ρ
452 2442 633 2496 HACTENUS
652 2443 698 2494 EX
719 2445 904 2496 uunflonto.
938 2458 939 2466 ¹

182 2543 281 2629 Atque
304 2544 376 2609 baec
397 2555 466 2608 sunt
483 2565 500 2609 e
518 2544 774 2632 beatillletbodii,
798 2547 846 2631 qui
864 2557 894 2611 et
910 2545 1054 2610 Eubulins
1077 2546 1170 2610 dictus
1193 2555 1250 2623 est,
1288 2555 1348 2622 cap.

95 2647 216 2732 scriptis
232 2647 335 2711 ordine
349 2647 498 2733 decerpta,
523 2669 599 2733 quac
614 2650 648 2712 de
661 2646 794 2733 Origene
811 2650 1027 2736 depravataque
1042 2645 1182 2733 Origenis
1197 2647 1251 2710 lida
1271 2623 1362 2674 ΜΗ·

95 2749 269 2833 sophisticis
291 2750 525 2816 cavillationibus
542 2751 688 2837 implicata
706 2751 736 2815 in
755 2751 858 2817 eodem
882 2753 917 2816 de
938 2751 1155 2816 resurrectione
1178 2749 1252 2813 libro

96 2853 249 2917 disseruit.
295 2850 380 2935 Quae
398 2855 536 2918 hocloco
554 2856 702 2940 proposita
721 2857 853 2919 sufficere
870 2865 973 2920 contra
993 2854 1069 2919 illins
1087 2873 1179 2938 nugas
1202 2874 1252 2936 pu·

8 3021 9 3024 ,
95 2955 238 3036 lavimus,
262 2955 438 3042 impiamque
456 2957 636 3039 doctrinam,
662 2979 718 3042 qua
735 2957 851 3022 bumani
867 2958 986 3042 generis
1000 2957 1091 3021 vitam
1108 2954 1254 3020 adscititia

95 3057 147 3122 illa
162 3057 314 3142 gentilium
330 3059 539 3144 superstitione
556 3073 643 3145 atque
658 3060 843 3146 improbitate
858 3061 998 3144 corrupit.
1027 3057 1067 3122 Et
1080 3079 1251 3143 quamquam

96 3160 155 3224 alia
175 3160 316 3245 pleraque
340 3161 417 3226 idem
442 3173 645 3247 argumentum
664 3161 834 3228 Methodius
858 3163 906 3226 ille
930 3162 977 3224 vir
999 3161 1128 3247 apprime
1150 3163 1252 3226 doctos

95 3262 319 3347 acerrimusque
338 3265 472 3328 veritatis
490 3275 630 3351 patronus
654 3267 684 3330 in
708 3266 811 3330 eodem
834 3264 908 3329 libro
931 3263 1104 3349 disputarit,
1133 3265 1252 3328 totidem

96 3365 179 3442 iere,
206 3376 278 3450 quot
294 3387 312 3430 a
327 3366 411 3430 nobis
429 3368 561 3454 excerpti
577 3378 662 3446 sont,
686 3367 839 3447 versibus,
863 3367 1051 3432 nibilominus
1067 3387 1131 3430 cnm
1150 3365 1180 3429 id
1197 3364 1253 3430 ini·

95 3469 139 3532 tio
156 3469 375 3554 receperimus,
398 3470 428 3533 iu
450 3491 623 3555 unaquaque
640 3471 789 3534 tractanda
809 3471 923 3535 baeresi
947 3489 1110 3556 peucenos
1132 3468 1167 3532 ad
1189 3468 1253 3531 eius

96 3571 330 3636 conlntntionem
347 3592 415 3636 esse
431 3571 561 3636 dicturos
575 3573 656 3657 (sunt
671 3573 748 3638 enirn
768 3595 890 3638 numero
905 3573 1081 3656 complures)
1097 3571 1170 3635 satis
1186 3589 1254 3632 esse

97 3675 239 3738 duximus
262 3676 317 3738 huc
335 3693 427 3759 nsque
445 3695 484 3738 ex
503 3675 582 3739 illius
603 3697 693 3762 opere
712 3677 912 3742 transtulisse.
957 3672 1059 3758 Quare
1079 3673 1127 3738 ubi
1149 3673 1254 3735 adver·

86 3775 149 3841 bns
168 3775 294 3840 bominis
309 3777 485 3840 inconditam
504 3779 707 3865 loquacitatem
724 3780 863 3844 nonnulla
878 3779 970 3842 adbuc
986 3799 1026 3840 ex
1041 3775 1139 3861 inopia
1154 3785 1253 3838 nostra

97 3881 386 3966 deprompserimus,
414 3883 562 3966 pugnandi
581 3884 724 3948 adversus
745 3883 825 3948 illum
851 3883 965 3947 modum
989 3881 1145 3958 iaciemus,
1176 3887 1255 3963 post·

97 4003 185 4068 quam
202 3981 314 4046 auctori
331 3983 472 4049 victoriae
489 3985 544 4050 deo
558 3986 700 4050 victoriae
717 3986 877 4071 praemium
894 4006 928 4049 ac
946 3987 1035 4048 decus
1050 3980 1253 4057 obtulerimus,

96 4187 166 4238 bodie
193 4187 388 4251 dmrebrndttum
422 4185 574 4244 turnicio-ron
601 4196 662 4244 enlm
692 4199 744 4242 tem
759 4190 908 4242 subvertit.“

94 4260 196 4319 eminet
209 4257 243 4305 cd
256 4253 419 4322 κακοηθείας.
455 4261 583 4311 Gomorrae
596 4264 664 4312 oerttt
729 4263 753 4311 b.
769 4260 881 4312 τοσαῦτα
905 4257 985 4325 ἔτερα.
1019 4261 1057 4310 Ee
1072 4261 1165 4320 reliquo
1180 4259 1257 4320 opens

96 4326 160 4375 banc
181 4327 319 4374 sententiam
339 4329 390 4374 tto:
423 4353 476 4384 ,‚-
491 4355 526 4366 —-
547 4327 580 4378 ad
596 4327 661 4378 illins
694 4329 804 4379 Matbodta‘
820 4334 888 4391 porte
904 4333 1013 4389 retemta
1029 4333 1068 4376 eut
1083 4328 1165 4389 amplo
1186 4326 1257 4376 tobes

96 4409 194 4459 ungu,
220 4401 247 4440 et
262 4391 295 4441 ad
308 4391 390 4459 iprum
405 4391 599 4456 destruendum,
620 4398 662 4464 qui
694 4398 887 4458 opudPlrottam,
902 4397 957 4447 dade
971 4410 988 4445 o
999 4393 1173 4460 papatuum
1189 4395 1256 4462 (adit.

97 4460 233 4510 humanam
242 4458 318 4510 vitam
329 4477 375 4528 per
385 4461 517 4514 confictam
527 4480 558 4514 ex
566 4465 662 4516 Graeca
693 4464 844 4532 lloffiotnuq.)

98 4527 217 4580 doenum
239 4527 444 4594 superstitionem
465 4548 495 4581 ac
517 4531 662 4600 malignita-
