3168 4926
333 246 373 312 ³4
757 253 879 306 εινατι
897 251 1066 304 εειιιιιιιιι

333 373 391 461 γάρ
408 369 712 458 παρακολουθοῦντός
729 373 787 438 ἐστι
805 368 838 436 τό
857 367 1016 448 διδάσκειν,
1039 369 1090 432 καί
1106 366 1212 435 ἔαυτόν
1226 365 1409 453 άνατρίττειν,
1449 372 1495 434 El

335 476 390 564 γάρ
409 476 485 552 ῦλως
500 476 590 561 λέγει,
613 473 671 556 Μή
690 471 813 540 άκοῦετέ
828 499 902 556 μου,
925 481 1013 541 ποῖον
1027 462 1066 553 ήν
1086 468 1119 535 τό
1137 477 1252 553 πνεῦμα
1274 469 1307 536 τό
1330 479 1438 538 λαλοῦν
1460 475 1494 538 ἐν

335 577 425 670 αῦτῇς
456 580 499 644 Et
515 574 589 660 αότή
606 579 698 663 ἔλεγεν
721 574 769 658 Ἃἢ
784 574 963 660 ἄνθρωπος,
993 570 1052 657 άρα
1067 569 1124 638 οῦκ
1139 564 1178 655 ήν
1196 575 1228 638 ἐν
1244 571 1389 657 πνεῦματι
1406 571 1492 664 άγίρι.

333 681 380 750 Ἦ
399 681 455 769 γάρ
476 683 618 766 λέγουσα,
642 677 700 760 Μή
724 675 847 744 άκοῦετέ
873 703 947 760 μου,
980 680 1108 758 8δῆλον,
1135 673 1168 742 τά
1189 673 1381 762 άνθριάπινον
1402 679 1492 762 ἐλεγε,

334 786 385 853 καὶ
403 782 459 850 οιίκ
480 775 517 866 ἦν
534 785 564 850 ἐν
582 779 726 863 πνεῦματι
745 777 833 869 άγίρν·
863 775 931 862 ήδὲ
947 777 988 860 μή
1008 771 1083 844 οὖσα
1106 781 1138 846 ἐν
1156 778 1299 860 πνεύματι
1322 777 1494 868 άγίμάνω-

333 899 404 967 θεν,
428 881 504 953 οῦσα
517 886 551 952 δέ
569 891 623 952 τοῦ
645 882 840 968 ἀνθρωπίνου
858 879 1065 968 φρονήματος,
1089 878 1177 946 οῦδὲν
1192 884 1347 966 ἐγίνωσκε,
1368 885 1419 948 καλ
1435 880 1494 948 οῦκ

332 985 371 1074 ήν
387 989 445 1077 άρα
462 993 579 1070 πνεῦμα
598 986 698 1072 δ’γιον,
722 982 794 1049 άλλά
813 981 995 1073 άνθρωιτίνςο
1013 982 1180 1068 φρονήματι
1203 982 1292 1050 ἐλάλει
1313 986 1362 1050 καί
1381 987 1492 1071 ἐφθίγ·

334 1119 407 1180 γετο.
453 1093 495 1155 Et
509 1093 541 1162 δὲ
558 1087 704 1172 πνεόματι
721 1084 794 1175 άγίρι
812 1086 905 1152 ἐλάλει
926 1089 977 1152 καὶ
998 1085 1195 1170 ἐπροφήτευε,
1218 1085 1381 1173 ποῖονάρα
1397 1081 1435 1172 ἦν
1457 1087 1492 1154 τό

333 1203 450 1279 πνεῦμα
466 1192 500 1260 τό
516 1187 676 1278 δι’γιον,τά
693 1191 795 1276 λέγον,
816 1187 914 1274 Ἐμοῦ
937 1188 978 1272 μή
995 1187 1130 1266 άκοόετες
1163 1191 1224 1252 Καὶ
1242 1189 1334 1272 πολλή
1356 1193 1418 1256 ἐστι
1439 1199 1494 1274 τῆς

334 1296 450 1381 άπάτης
467 1290 663 1379 ήτάρλωσις,
686 1293 737 1356 καὶ
754 1293 844 1378 μέγας
859 1294 937 1358 ἐστίν
955 1289 973 1358 ό
991 1299 1044 1357 τοῦ
1061 1298 1138 1356 θεοῦ
1151 1291 1248 1378 λόγος,
1271 1289 1289 1359 ό
1304 1291 1379 1358 κατά
1394 1293 1494 1360 πάντα

333 1400 446 1486 τρόπον
462 1397 542 1482 ήμάς
562 1399 717 1474 συνετίζων
739 1397 781 1469 είς
797 1392 831 1460 τά
849 1396 958 1460 είδέναι
978 1403 1051 1460 ποῖα
1067 1391 1103 1457 τά
1122 1397 1157 1460 ἐκ
1175 1403 1230 1460 τοῦ
1249 1394 1415 1478 πνεύματος
1437 1403 1494 1462 τοῦ

334 1501 422 1590 άγίου
436 1501 631 1582 λελαλημένα,
653 1495 695 1580 πή
715 1497 768 1580 μέν
784 1499 817 1562 ἐκ
839 1495 1002 1581 προςιόπου
1020 1495 1147 1582 πατρός,
1170 1495 1212 1580 πή
1228 1497 1261 1562 δὲ
1278 1500 1311 1564 ἐκ
1327 1497 1493 1583 πρσςοόπαν

333 1609 419 1684 υἱοῦ,
441 1603 485 1687 πή
505 1605 537 1668 δέ
556 1605 588 1668 ἐκ
608 1598 771 1685 προςοόπου
786 1605 840 1664 τοῦ
857 1595 943 1684 άγίαυ
956 1599 1132 1682 πνεύματος.
1176 1601 1238 1664 Καὶ
1255 1603 1283 1664 εί
1297 1599 1330 1666 τό
1347 1603 1377 1664 ἐν
1392 1604 1469 1678 Μαξ
1481 1642 1493 1656 ·

334 1713 418 1798 μίλλιγ
431 1714 547 1790 πνεῦμα
563 1704 648 1790 άγιον
663 1695 718 1786 ήν,
742 1699 797 1767 οῦκ
815 1699 981 1788 άπηγόρευε
997 1700 1032 1766 τά
1047 1705 1108 1766 ίδια
1125 1700 1249 1786 βήματα.
1285 1703 1343 1770 Ἓν
1356 1701 1413 1788 γάρ
1432 1705 1494 1770 ἐστι

334 1808 368 1878 τό
386 1810 470 1896 άγιον
486 1816 613 1889 πνεῦμα,
636 1803 668 1872 τό
685 1809 820 1889 διαιροῦν
836 1803 948 1893 ἑκάστῳ
966 1801 1007 1880 ιός
1023 1803 1164 1887 βούλεται.
1191 1806 1318 1890 Λέγεται
1331 1806 1362 1870 δέ
1375 1813 1494 1888 πνεῦμα

334 1911 498 1996 εὐσεβείας,
519 1911 571 1976 καλ
587 1911 695 1994 λέγεται
716 1904 790 1972 εἶναι
810 1914 927 1989 πνεῦμα
949 1913 1095 1992 Χριστοῦ,
1118 1908 1169 1972 καί
1192 1914 1308 1989 πνεῦμα
1331 1907 1413 1992 παρά
1435 1935 1492 1974 πα-

333 2013 402 2100 τρός
425 2011 677 2097 ἐκπορευόμενον,
706 2011 757 2074 καί
778 2016 833 2074 τοῦ
851 2012 920 2074 υἱοῦ
937 2007 1105 2093 λαμβάνον,
1135 2006 1191 2075 οῦκ
1207 2007 1360 2095 άλλότριαν
1380 2011 1495 2097 πατρός

333 2119 385 2184 καὶ
401 2119 471 2182 υίοῦ
487 2113 531 2182 όν.
566 2112 645 2198 ’Ἆρα
663 2109 719 2180 οῦκ
736 2115 828 2197 ἐλεγε,
849 2110 907 2195 Μή
925 2109 1046 2177 άκοόετέ
1060 2137 1126 2193 μου.
1175 2109 1217 2178 Τά
1234 2109 1290 2197 γάρ
1311 2117 1442 2199 Χριστοῦ
1458 2114 1492 2180 τό

334 2227 451 2303 πνεῦμα
469 2216 575 2296 ἐλάλει,
597 2219 648 2281 καί
665 2212 682 2280 ά
701 2212 829 2299 Χριστός
844 2212 878 2278 τό
894 2222 1010 2296 πνεῦμα
1028 2211 1210 2294 άποστέλλει,
1232 2217 1283 2280 καὶ
1300 2217 1332 2280 ἐν
1346 2214 1494 2298 πνεῦματι

333 2319 407 2412 άγίςα
428 2319 559 2404 ἐκβάλλει
581 2317 617 2382 τά
641 2315 795 2400 δαιμόνια,
824 2317 874 2380 καλ
893 2313 911 2382 ό
931 2315 1034 2401 κάρτος
1056 2315 1092 2382 τά
1109 2323 1163 2382 τοῦ
1187 2315 1300 2402 πατρός
1319 2319 1412 2403 λέγει,
1440 2321 1494 2384 καλ

212 2453 264 2500 μς.
274 2440 321 2488 ιιι.
335 2421 353 2491 ό
369 2421 468 2508 πατήρ
486 2421 538 2490 τόν
554 2419 620 2486 υίάν
636 2418 738 2506 ήγίασι
754 2420 805 2484 καὶ
823 2416 989 2484 άπέστειλεν
1005 2421 1047 2495 είς
1062 2418 1114 2484 τόν
1126 2417 1253 2501 κόσμον,
1275 2423 1326 2484 ἵνα
1341 2419 1491 2505 γινόσκω·

334 2549 380 2592 σιν
399 2523 491 2592 αὐτόν
507 2527 557 2590 καὶ
574 2522 734 2601 δοξάσωσι,
757 2519 861 2597 καθιάς
884 2519 1041 2599 δοξάζουσι
1063 2518 1115 2586 τόν
1133 2524 1255 2607 πατέρα.
1299 2526 1360 2586 Καὶ
1377 2524 1493 2588 διίπεσε

333 2627 409 2709 κατά
425 2626 522 2693 πάντα
539 2624 651 2710 τρόπον
668 2621 688 2707 ή
709 2632 766 2690 τοῖν
783 2622 1056 2710 άπαλλοτριοόντων
1077 2623 1202 2701 ἓαυτσῦς
1219 2622 1337 2690 διάνοια
1357 2621 1419 2692 άπδ
1438 2633 1494 2707 τῆς

333 2737 387 2798 τοῦ
408 2736 539 2817 Χριστοῦ
561 2725 751 2803 άκολονθίας.

197 2953 267 3022 Κςφ.
287 2951 327 3021 ιγ.
425 2931 539 3000 Φάσκει
561 2933 593 2998 δὲ
618 2930 706 2998 πάλιν
728 2928 749 3014 ή
767 2928 842 3014 αιίτή
859 2935 1045 3015 Μαξιμίλλα,
1067 2928 1159 3015 ήτῆς
1173 2936 1419 3018 παρακολουθίας
1439 2935 1492 2998 καλ

335 3039 524 3114 διδασκαλίας
540 3041 662 3123 γνῶσις,
685 3037 735 3099 ’ίνα
757 3041 951 3117 χλευαστικιδς
966 3037 1056 3114 είπω,
1079 3033 1139 3113 ότι,
1161 3032 1323 3100 Ἀπίστειλέ
1337 3059 1371 3117 με
1387 3034 1493 3120 κύριος

333 3137 442 3206 τοῦτον
464 3145 519 3203 τοῦ
543 3137 640 3204 πόνου
662 3138 714 3202 καλ
732 3143 785 3220 τῆς
803 3139 974 3222 ἐπαγγελίας
995 3138 1044 3202 καλ
1067 3144 1121 3220 τῆς
1136 3135 1293 3220 συνθήκης
1314 3136 1491 3222 αἱρετιοτήν,

333 3238 484 3326 μηνυτήν,
506 3237 701 3326 ἐρμηνεντήν,
723 3238 961 3324 ἠναγκασμένον,
983 3241 1110 3306 θέλοντα
1133 3243 1186 3307 καί
1206 3239 1249 3323 μή
1271 3241 1412 3319 θέλοντα,
1433 3269 1491 3323 μα-

332 3353 403 3409 θεῖν
417 3349 527 3430 γνοῦσιν
542 3349 628 3408 θεοῦ.
672 3339 878 3426 Σκοπήσωμεν
892 3333 947 3408 οῦν
962 3348 1015 3424 τῆς
1028 3339 1115 3426 ήμῶν
1129 3350 1205 3427 ζωῆς
1219 3341 1272 3427 τήν
1289 3339 1419 3426 εόσταθῆ
1434 3344 1493 3426 βά·

335 3467 382 3512 σιν
398 3447 450 3522 καλ
464 3443 518 3528 τήν
536 3442 609 3511 όδόν
623 3453 678 3513 τοῦ
693 3443 812 3526 φωτός,
835 3437 860 3510 ά
876 3443 1041 3532 άγαπητολ,
1064 3447 1115 3511 καὶ
1130 3443 1170 3528 μή
1187 3453 1344 3529 σφαλῶμεν
1358 3443 1408 3510 διά
1428 3455 1492 3514 τῶν

334 3547 432 3636 λόγων
449 3553 508 3612 τιδν
520 3555 576 3613 τοῦ
592 3544 628 3612 δι’
646 3551 779 3625 ἐναντίας
794 3549 845 3614 καλ
862 3555 916 3613 τοῦ
936 3546 1127 3631 βοσκήματος
1149 3555 1201 3615 τοῦ
1225 3545 1378 3633 άλλοιρίου
1399 3549 1491 3618 πνεῦ-

332 3677 432 3735 ματος.
466 3648 546 3735 Ὅρα
567 3648 620 3735 γάρ
639 3652 771 3716 ἐνταῦθα
791 3649 844 3716 τόν
863 3649 959 3727 σῦτως
979 3649 1160 3734 λαλήσαντα,
1183 3649 1404 3737 ήναγιιασμένον
1419 3653 1488 3720 ἐαυ-

314 3751 383 3826 ,τόν
400 3750 614 3835 άποφήναντα,
636 3749 690 3835 οῦγ
711 3754 832 3842 ἑκουσία
851 3753 963 3843 γνιόμῃ.
1004 3749 1038 3818 Ὁ
1053 3753 1085 3820 δὲ
1105 3753 1209 3838 κόριος
1230 3751 1314 3837 ήμῶν
1330 3753 1384 3822 οῦκ
1404 3755 1490 3822 ῦκων

331 3847 423 3936 ἦλθεν
437 3859 479 3932 είς
494 3852 547 3920 τόν
562 3853 685 3937 κόσμον,
708 3853 777 3920 οιίδέ
794 3855 866 3938 μετά
882 3853 1015 3941 άνάγκης
1032 3853 1090 3922 άπδ
1106 3853 1218 3941 πατρός
1237 3854 1393 3940 άπεστιίλρ,
1415 3856 1489 3924 άλλά

332 3955 394 4040 άμα
413 3955 468 4023 σόν
487 3959 579 4044 πατρί
598 3958 672 4039 ἔχων
689 3956 722 4022 τά
745 3960 858 4038 θέλειν,
880 3956 1002 4024 καλοῦν
1025 3954 1098 4048 άγίιγι
1119 3958 1263 4042 πνεύματι
1283 3958 1317 4025 τό
1339 3963 1489 4044 παρέχειν,

330 4059 380 4124 καί
405 4055 544 4137 οόςαιίτως
568 4058 630 4142 άμα
652 4057 707 4126 σῦν
732 4068 773 4150 τῷ
797 4062 887 4147 πατρί
911 4058 943 4126 τό
967 4060 1067 4126 θέλειν
1091 4063 1163 4144 ἔχει,
1193 4063 1243 4128 καλ
1266 4059 1299 4126 τό
1326 4059 1390 4144 αῦγλ
1415 4063 1489 4145 μεταλ

233 4152 239 4163 ’
332 4157 461 4246 άνάγιιης
483 4162 593 4247 ταύτην
613 4161 667 4246 τήν
686 4162 771 4250 χάριν
794 4171 868 4230 πάσι
888 4162 1022 4245 δαδόναι,
1044 4160 1116 4232 άλλά
1136 4160 1174 4230 δι’
1194 4160 1362 4250 ῦπερβσλήν
1383 4173 1489 4248 φιλαν-

331 4409 486 4554 1,ωθίιοήῆρτοιο
500 4415 530 4484 ἦ,
540 4418 614 4483 'quod
628 4425 683 4473 σοιν·
699 4423 796 4484 hubent,
814 4423 924 4474 Ρτλαοίιιι
939 4424 1086 4512 mendum
1100 4425 1222 4487 proposuit
1227 4439 1237 4488 ,·
1252 4415 1271 4491 ἦ
1288 4427 1414 4487 umam
1427 4441 1488 4490 ριιο·
