3148 4938
351 243 489 296 rausum
506 244 569 297 nra.
581 247 613 296 ιι.
631 245 713 299 rosa.
727 247 759 298 rr.
778 245 878 300 uasa.
890 247 1010 302 uxrru.
1220 241 1279 308 581
1361 295 1368 319 ,

113 363 259 451 quendam
285 361 478 428 substituant.
534 361 603 448 Quo
627 365 743 450 quidem
773 377 840 452 poet
863 367 981 431 tertium
1005 389 1135 435 mensem
1164 377 1282 438 mortuo

112 467 201 552 paulo
219 475 287 551 pust
304 463 488 530 Athanasius
508 467 639 530 advenit.
678 465 756 532 Tum
776 469 903 554 undique
922 482 1025 534 coacto
1047 473 1280 541 orthodoxorum

112 567 241 634 concilio
260 567 292 630 iu
306 566 511 634 Alexandrina
528 571 600 633 sede
616 570 822 650 constituitur,
846 571 933 652 eique
951 572 1130 658 postliminio
1153 575 1280 661 dignitas

111 671 143 735 iu
166 669 217 734 illu
243 667 393 750 redditur,
426 671 475 754 qui
505 681 536 737 et
557 671 662 756 dignus
691 683 771 752 erat,
804 684 834 737 et
862 683 920 738 tam
944 674 991 738 dci
1020 675 1172 742 voluntate
1194 701 1279 764 quam

13 859 14 864 ἵ
112 771 192 838 beati
215 771 381 837 Alexandri
404 773 547 858 suffragio
571 784 600 838 et
623 775 760 838 mandato
777 775 960 861 designatus.

13 1045 14 1072 ἶ
199 976 273 1044 Post
288 978 361 1042 haec
375 976 560 1044 Athanasius
582 979 620 1044 ob
635 979 704 1045 illud
719 977 948 1047 Melctiaunrum
972 982 1010 1048 ab
1035 984 1162 1048 ecclesia
1179 985 1280 1050 catho-

110 1082 168 1148 lica
193 1081 350 1146 divortium
376 1081 513 1144 exerceri
536 1081 724 1168 afflictariquc
750 1083 859 1171 coepit.
914 1083 1009 1169 igitur
1031 1085 1143 1151 hortari
1166 1086 1216 1151 ille
1244 1107 1280 1154 ao

110 1183 296 1270 supplicare,
321 1184 520 1248 detrectantes
539 1204 646 1268 urgere
669 1206 704 1250 ac
730 1206 851 1272 cogere.
899 1184 1022 1253 Solebat
1043 1199 1142 1253 autem
1165 1189 1279 1255 vicinas

110 1287 273 1368 ecclesias,
305 1307 414 1371 easque
440 1287 613 1372 praesertim
633 1309 708 1372 quae
734 1289 770 1352 ad
791 1285 959 1354 Marcotem
979 1289 1074 1356 lacum
1099 1292 1174 1362 sitae
1196 1301 1277 1372 suut,

13 1461 14 1468 q
110 1390 255 1455 inrisere.
302 1383 394 1454 Forte
418 1389 509 1473 igitur
533 1389 722 1475 congregatis
739 1387 912 1456 Melctianis
938 1393 1082 1458 diaconae
1099 1393 1215 1478 quidam
1239 1413 1279 1458 ex

110 1491 269 1558 Athanasii
288 1491 429 1556 comitatu
451 1511 517 1556 eam
541 1492 713 1578 quibusdam
734 1494 770 1557 de
791 1494 915 1580 populo,
940 1505 973 1558 ut
990 1497 1064 1558 lama
1083 1505 1148 1576 est,
1172 1496 1279 1560 irrum-

110 1616 186 1682 pens
205 1594 354 1659 caudelam
379 1597 447 1676 (vas
465 1594 533 1660 illud
551 1596 712 1680 quoddam)
737 1597 902 1681 confregit,
935 1597 1011 1662 unde
1029 1598 1155 1682 iurgium
1173 1617 1208 1662 ac
1226 1619 1280 1685 pu·

109 1718 169 1783 gna
187 1696 324 1761 condeta.
371 1694 450 1761 Hinc
470 1697 613 1762 adversus
631 1698 827 1764 Athanasium
844 1698 978 1763 occultae
1004 1700 1173 1764 molitiones
1197 1702 1279 1766 irau-

109 1802 223 1885 desque
248 1799 430 1880 concitatae,
462 1799 669 1865 accusantibus
695 1797 866 1866 Meletianis
893 1812 923 1867 et
947 1800 1210 1883 calumniantibus,
1241 1823 1277 1868 ac

13 1885 14 1906 ¹
108 1903 236 1968 condeta
251 1902 392 1987 quaedam
410 1901 634 1983 obiicientibus,
658 1902 781 1968 Arianis
796 1923 870 1968 vero
888 1904 1132 1985 allaborantibus,
1156 1915 1187 1968 et
1206 1925 1277 1969 coa·

13 2083 14 2088 γ
109 2005 177 2070 silia
198 2004 498 2084 communicantibus,
530 2016 651 2092 propter
676 2005 794 2070 insitam
820 2005 850 2070 in
871 2007 1068 2071 orthodoxam
1093 2007 1177 2070 lidum
1201 2005 1278 2070 iuvi·

13 2105 14 2114 ’
109 2107 202 2172 diam.
247 2103 522 2192 Ergnilliremad
541 2107 749 2194 imperatorem
763 2104 992 2174 Constantinum
1012 2109 1168 2192 deierant3
1192 2109 1278 2174 euius

109 2209 203 2276 totius
231 2209 368 2274 lectionis
391 2209 565 2275 administer
590 2230 624 2274 ao
646 2211 767 2276 satelles
781 2207 1021 2276 Nicomediensis
1035 2209 1185 2276 Eusebius
1209 2211 1275 2292 luit,

107 2333 146 2376 ac
164 2333 262 2378 noxae
279 2311 358 2376 illius
375 2312 471 2376 omnis
488 2311 600 2377 artilex
619 2333 694 2397 quae
712 2312 858 2377 ecclesiae
875 2314 987 2400 pariter
1004 2325 1034 2378 et
1042 2312 1210 2379 Athanasio
1225 2337 1277 2401 pa·

107 2436 164 2504 pae
181 2416 217 2480 ab
234 2413 291 2480 illis
308 2424 355 2482 est
369 2415 514 2479 conscita.
560 2416 763 2479 Accusatores
782 2415 881 2500 itaque
906 2415 1113 2502 imperatorem
1133 2418 1275 2482 adeuntes

108 2539 164 2583 vas
186 2517 329 2604 quoddam
353 2527 385 2581 ut
406 2537 490 2581 usum
510 2517 677 2582 divinorum
697 2517 907 2604 mysteriorum
933 2517 1057 2582 fractum
1084 2517 1273 2599 obiicicbant,

107 2620 187 2706 quod
203 2620 373 2699 candelam,
398 2630 431 2684 ut
444 2617 590 2698 diximus,
615 2618 802 2706 appellavere
818 2617 963 2683 nonnulli.
1009 2616 1090 2702 Quin
1108 2619 1191 2684 etde
1209 2619 1275 2686 aliis

13 2707 14 2710 ¹
107 2743 226 2809 quoque
249 2721 420 2786 criminibus
436 2732 630 2800 accusarunt,
663 2732 694 2785 et
711 2719 1020 2808 inprimisArsenium
1043 2722 1188 2806 quendam
1206 2718 1274 2787 Ma·

106 2824 232 2889 rentidis
255 2823 460 2910 presbyterum
489 2823 526 2888 ab
549 2844 585 2887 eo
609 2824 771 2912 pulsatum,
802 2823 885 2886 cuius
912 2841 1027 2885 manum
1055 2822 1092 2886 ab
1115 2822 1274 2890 Athanasii

107 2928 224 2990 fautore
247 2925 371 3012 populo,
404 2927 468 2992 sive
490 2926 617 3013 ipsomet
638 2926 735 3013 potius
757 2923 939 3002 Athanasio,
972 2925 1153 3010 praecisam,
1184 2945 1272 3011 quam

107 3029 197 3094 etiam
221 3031 256 3092 ad
279 3028 448 3092 comitatum
471 3030 549 3094 iutra
571 3029 700 3092 arculam
723 3025 848 3090 delatam
871 3026 1072 3091 ostentabant.

196 3129 252 3196 llis
270 3129 377 3195 auditis
399 3131 560 3218 imperatur
576 3130 768 3194 vehementer
784 3128 961 3207 excanduit,
992 3149 1058 3192 cum
1076 3129 1176 3193 divino
1199 3149 1272 3214 quo·
1290 3141 1425 3215 caputia

106 3237 173 3299 dam
192 3234 259 3300 uelo
280 3225 420 3300 maiorem
435 3236 464 3297 in
487 3235 603 3297 modum
623 3233 781 3316 flagrarem
806 3250 861 3294 nec
876 3229 944 3294 illos
960 3230 1189 3296 calumniatores
1204 3251 1273 3297 esse

106 3347 228 3417 nosset,
259 3347 310 3402 aut
327 3358 363 3401 eo
383 3337 478 3400 livore
498 3335 568 3400 terri
590 3354 675 3418 quem
691 3336 823 3398 Arianos
846 3333 990 3398 adversus
1015 3331 1161 3399 sinceram
1185 3334 1270 3398 fidem

104 3440 276 3525 suscepisse
301 3439 441 3503 diximus.
489 3433 583 3520 lgitar
607 3432 681 3521 Tyri
706 3435 736 3499 iu
764 3432 915 3500 Phoenice
941 3436 1100 3500 convocari
1125 3437 1270 3524 synodum

103 3542 206 3619 iubet,
239 3542 325 3626 eique
350 3539 458 3604 iudicio
476 3558 615 3624 pracesse
631 3559 696 3601 cum
713 3537 778 3600 aliis
796 3535 945 3601 nonnullis
963 3533 1192 3603 Caesariensem
1208 3537 1270 3602 Eu·

102 3641 237 3724 sebium,
262 3643 310 3727 qui
330 3661 432 3706 omues
450 3642 479 3704 in
499 3639 679 3704 Asianorum
706 3638 909 3703 inanissimum
932 3639 1039 3723 dogma
1059 3639 1270 3727 propensiores

103 3754 204 3810 eraut.
251 3739 325 3809 Cum
346 3743 392 3808 his
415 3763 455 3807 ex
478 3741 622 3806 catholica
642 3741 772 3828 Aegypti
798 3741 943 3820 ecclesia,
973 3751 1004 3804 et
1017 3740 1182 3806 Athanasio
1200 3742 1269 3807 sub·

101 3847 200 3925 iectu,
226 3843 355 3932 episcopi
370 3844 486 3930 quidam
501 3844 637 3910 advocati
654 3855 740 3922 sunt,
765 3843 896 3930 primarii
915 3843 1032 3929 quidem
1055 3863 1090 3908 ac
1114 3855 1268 3931 praestan-

103 3959 152 4013 tes
174 3948 248 4028 riri,
280 3959 367 4033 atque
387 3947 507 4032 egregia
529 3945 606 4011 vitae
629 3948 785 4012 sanctitate
808 3957 839 4011 et
860 3947 1005 4032 religione
1024 3946 1166 4032 praediti,
1190 3947 1269 4012 inter

102 4071 180 4136 quos
201 4050 295 4116 felicis
319 4048 479 4114 memoriae
504 4069 627 4133 magnus
645 4051 694 4114 ille
709 4047 834 4113 Potamo
856 4050 911 4113 luit
926 4047 1090 4112 Heracleae
1113 4049 1268 4136 episeopus

99 4210 155 4255 mm
165 4209 205 4254 est.
232 4207 277 4256 lm.
290 4205 397 4268 Seettper
410 4205 543 4256 comesos
553 4199 596 4258 τὸν
606 4199 669 4270 πρὸς
702 4199 904 4268 προςκικλιμέιιιι
919 4203 1074 4254 emendarunt
1088 4204 1217 4256 comeam
1230 4209 1267 4255 ct-

98 4273 155 4326 τῶιι
173 4265 259 4338 alpius.
703 4285 747 4334 que
765 4271 884 4323 mmmm.

140 4339 178 4389 ll.
197 4343 238 4391 Slo
256 4354 335 4390 osam
352 4341 413 4390 ttbrt.
736 4337 760 4388 2.
778 4331 930 4391 'Abeamuluu
947 4339 999 4390 cod.
1014 4339 1113 4404 atsere.

138 4407 199 4456 Car.
215 4409 281 4460 Vttt.
300 4435 333 4446 -
353 4409 374 4458 l.
392 4405 604 4474 προςκυιλημέιοι
617 4408 667 4458 cod
737 4403 761 4458 3.
780 4399 815 4460 dx
848 4404 930 4473 ίμοιις
946 4409 1031 4458 babent
1046 4411 1100 4459 tibet
1112 4421 1198 4460 omnes.
1226 4405 1266 4463 (ll.

97 4479 148 4534 lm·
167 4479 271 4542 ardut,
289 4473 488 4546 rpexmtqptme
505 4477 555 4526 sort
571 4477 668 4539 ithaetp.
703 4489 809 4546 sapsas
845 4490 898 4549 cap.
916 4475 939 4528 5.
