3168 4926
316 203 358 268 3⁰
741 213 1048 270 ιιααειτειτιιιαιι

189 361 240 406 μς.
253 349 299 394 ιιι
319 331 446 416 Λάριηιει
464 329 550 416 όμιδν
566 329 603 398 τά
618 330 764 419 πρόςαπα
781 329 822 409 τίς
836 331 854 399 ό
870 333 959 417 ἥλιος.
1003 335 1045 397 Et
1065 335 1165 400 τοίνυν
1182 327 1200 398 ό
1220 334 1293 416 ίηαν
1314 329 1368 417 τήν
1389 335 1472 412 ἐξου-

316 440 383 500 σίαν
398 437 451 501 καλ
467 435 589 519 άληθῶς
605 433 747 522 όπάρχων
763 435 908 519 δεσπότης
923 437 972 502 καί
990 434 1094 522 κύριος
1110 433 1197 518 ήμῶν
1211 433 1326 518 Ἰησοῦς
1344 435 1474 522 Χριστός

316 534 358 614 τίς
374 535 392 602 ό
407 539 491 619 ήλιος
506 540 580 624 λέγει
603 537 639 602 τά
656 537 802 622 πρόςαπα
825 547 884 604 τεόν
902 543 1026 604 δικαίαν
1048 536 1193 622 λάμψειν,
1224 545 1288 614 πῶς
1311 536 1474 614 Μοντανός

316 643 518 726 ἐπαγγέλλεται
532 639 736 726 περιττότερον
750 643 1051 720 ἓιιατονταπλασίονας
1072 644 1100 706 τί
1113 639 1154 723 μή
1168 641 1227 725 άρα
1241 641 1343 725 ὅμοιος
1360 639 1389 706 εί
1401 643 1474 707 ἐκεί-

315 769 358 832 νφ
382 751 423 832 τῷ
445 745 678 832 ἐπαγγειλαμένη)
701 752 764 819 τοῖς
787 745 856 829 περὶ
875 742 928 810 τόν
945 741 1039 825 Ἀδάμ
1061 743 1122 823 ὅτι,
1154 742 1308 810 δ”Εσεσθε
1329 739 1370 819 οός
1391 745 1472 822 θεολ,

316 844 454 927 φήσαντι,
476 848 528 912 καὶ
545 844 604 911 άπδ
619 851 673 928 τῆς
687 842 879 930 ὑπαρχούσης
894 841 996 922 αάτοῖς
1012 849 1127 929 4δόξης
1141 848 1192 912 καί
1208 851 1390 932 παραδείσου
1404 873 1474 931 τρυ-

316 955 378 1031 φής
399 947 654 1035 παρασκευάσαντι
679 945 781 1025 αὐτοῖς
805 946 861 1032 τήν
881 947 1006 1032 ἐκβολήν
1028 951 1182 1033 γενέσθαι,
1210 951 1261 1014 καί
1282 952 1324 1026 είς
1349 947 1475 1036 φθοράν

315 1049 451 1117 θανάτου
472 1057 693 1134 κατενεχθῆναι.

179 1269 247 1336 Κεφ.
265 1263 305 1322 ια’.
395 1254 469 1322 ”Eu
488 1257 520 1321 δέ
540 1259 736 1340 προςτίθησιν
755 1253 773 1322 ό
789 1253 879 1333 αότός
896 1255 1074 1337 Μοντανός,
1096 1255 1176 1324 τότε)
1190 1258 1297 1344 λέγων·
1318 1253 1400 1343 Ἐγοδ
1417 1255 1472 1322 κό-

316 1385 380 1446 ριυς
401 1357 419 1425 ό
440 1356 516 1434 θεός
538 1355 556 1422 ό
575 1359 787 1445 παντοκράτωρ
810 1357 1039 1445 καταγινόγιενος
1063 1361 1095 1424 ἐν
1119 1357 1281 1450 άνθρεόπρι.
1317 1357 1395 1446 ’Ἆρα
1415 1352 1473 1424 οὖν

315 1470 412 1538 καλῶς
426 1459 541 1544 ήμᾶςή
558 1465 628 1526 θεία
643 1459 744 1547 γραφή
763 1465 1000 1544 έπασφαλίζεται,
1022 1463 1074 1528 καὶ
1090 1459 1112 1545 ἡ
1127 1460 1298 1540 άκόλουθος
1313 1467 1368 1528 τοῦ
1384 1459 1471 1547 άγίου

314 1565 482 1647 πνεύματος
505 1567 693 1644 διδασκαλία,
715 1572 901 1632 νουθετοῦσα
921 1561 1015 1648 ήμάς,
1036 1567 1088 1629 ἰ’να
1107 1563 1296 1651 γιναίσκωμεν
1315 1561 1388 1629 ’ποῖά
1410 1565 1473 1628 ἐστι

315 1665 351 1732 τά
373 1664 483 1749 μιμηλά
499 1672 553 1732 τοῦ
570 1663 722 1752 άλλοτρίου
742 1667 925 1750 πνεύματος,
945 1669 997 1732 καί
1012 1665 1049 1731 τά
1067 1663 1208 1732 άντίθετα
1228 1665 1305 1751 πρός
1326 1664 1380 1749 τήν
1401 1663 1472 1749 άλή-

314 1779 411 1836 θειαν.
445 1768 517 1833 Ὅτε
532 1766 588 1854 γάρ
605 1766 698 1846 εόθός
713 1778 800 1836 τοῦτο
817 1767 881 1836 είπε
896 1766 1074 1848 Μοντανός,
1097 1766 1241 1835 άπόνοιαν
1257 1765 1325 1852 ήμῖν
1341 1772 1471 1836 δέδοικεν

316 1870 547 1956 ἀναμνησθῆναι
563 1869 598 1935 τά
616 1869 676 1937 όττό
694 1879 748 1938 τοῦ
765 1876 873 1956 κυρίου
890 1873 1034 1957 εἰρημένα.
1081 1871 1167 1938 Ου”τοι
1188 1871 1244 1958 γάρ
1266 1893 1359 1955 φησιν
1376 1869 1394 1938 ό
1414 1871 1469 1936 κά-

315 2001 380 2061 ρτος
400 1977 431 2039 ἐν
455 1981 495 2062 τῷ
520 1973 689 2063 εὐαγγελίῳ·
717 1971 799 2060 Ἐγεό
819 1966 916 2057 ἦλθαν
937 1977 969 2040 ἐν
990 1980 1030 2062 τῷ
1054 1971 1176 2057 όνόματι
1196 1979 1250 2042 τοῦ
1270 1972 1395 2059 πατρός,
1416 1975 1471 2040 καλ

316 2074 373 2142 οόπ
395 2078 536 2154 ἐδέξασθέ
554 2102 603 2160 με·
627 2073 714 2153 άλλος
734 2074 878 2142 ἐλεύσεται
900 2077 949 2142 ἐπλ
967 2083 1007 2166 τῷ
1025 2079 1090 2165 ίδίφ
1107 2074 1244 2159 όνόματι,
1265 2079 1316 2142 καλ
1337 2077 1472 2154 δέξονται

314 2177 368 2245 τόν
381 2186 526 2246 τοιοῦτον.
568 2176 762 2262 Ἀσάμφυνος
780 2183 880 2245 τοίνυν
897 2177 1085 2244 παντάπασιν
1101 2175 1121 2244 ό
1138 2186 1275 2256 τοιοῦτος
1294 2186 1354 2246 τῶν
1375 2183 1471 2246 θείαν

315 2289 440 2368 γραφῶν
458 2279 593 2368 ηόρίθη,
617 2278 658 2357 ιός
678 2285 767 2348 παντί
783 2309 824 2371 τῳ
848 2283 942 2362 σαφές
959 2283 1017 2347 ἐστι
1037 2289 1078 2370 τῷ
1095 2289 1241 2364 νουνεχῶς
1257 2281 1472 2368 ἐντυγχάνοντι.

315 2388 359 2450 Εἰ
375 2389 477 2451 τοίνυν
501 2382 682 2468 άσόμφωνος
703 2381 843 2468 άπάρηει,
872 2381 1020 2470 άλλοτριός
1044 2385 1104 2450 ἐστι
1126 2391 1178 2467 τῆς
1201 2381 1287 2470 άγίας
1306 2392 1473 2468 καθολικῆς

315 2489 485 2570 ἐκκλησίας,
507 2488 558 2552 καλ
574 2483 596 2569 ἡ
611 2483 673 2552 κατ’
691 2483 782 2552 αὐτόν
800 2484 933 2570 αιἐχοῦσα
950 2489 1062 2573 αἵρεσις
1079 2484 1238 2572 προφήτας
1255 2488 1329 2570 ἐχειν
1348 2488 1398 2552 καλ
1419 2513 1471 2570 χα-

315 2593 455 2676 ρίσματα,
477 2587 497 2652 δι’
514 2587 556 2672 μή
573 2592 709 2671 εἴληφεν,
731 2586 802 2654 άλλά
819 2592 853 2656 ἐκ
871 2587 983 2656 τούτων
1005 2586 1125 2672 άπίστη.
1173 2593 1224 2665 Τίς
1240 2595 1340 2656 τοίνυν
1361 2587 1471 2673 τολμή-

315 2712 373 2756 σειε
389 2697 628 2775 παρακολουθῶν
641 2689 766 2766 τούτους
780 2690 938 2778 προφήτας
953 2698 1062 2770 καλεῖν,
1083 2693 1135 2756 καὶ
1153 2689 1193 2774 μή
1212 2697 1320 2774 μᾶλλον
1336 2690 1471 2768 πλάνους

315 2789 391 2858 εἶναι
404 2790 474 2868 τοός
486 2789 657 2871 τοιοάτουςς
682 2791 811 2878 Χριστός
825 2792 880 2879 γάρ
893 2791 971 2876 ἡμᾶς
986 2795 1099 2870 ἐδίδαξε
1110 2794 1202 2880 λέγων
1217 2791 1274 2874 ότι,
1295 2793 1335 2860 Τό
1349 2802 1470 2878 πνεῦμα

312 2893 346 2960 τό
373 2894 561 2982 παράκλητον
586 2892 753 2960 άποστέλλυ
778 2892 866 2978 ὑμῖν·
895 2897 947 2962 καί
970 2895 1007 2960 τά
1034 2904 1139 2978 σημεῖα
1166 2893 1268 2972 διδοάς
1292 2899 1388 2984 ἐλεγεν
1409 2895 1468 2978 ότι,

311 2995 449 3074 Ἐκεῖνος
466 2997 517 3080 ἐμὲ
535 2995 665 3076 δοξάσει·
688 2995 729 3074 ιός
744 2995 780 3064 τά
798 2995 897 3081 άληθὴ
914 3001 992 3064 ἐστιν
1011 3000 1085 3062 ἰδεῖν
1106 2996 1153 3063 ὅτι
1170 3001 1201 3063 οί
1216 2997 1295 3086 άγιοι
1310 2997 1469 3068 άπόστολοι

313 3099 347 3166 τό
364 3102 554 3186 παράκλητον
569 3107 685 3183 πνεῦμα
700 3099 840 3184 λαβόντες
859 3099 988 3185 Χριστόν
1009 3099 1165 3178 ἐδόξασαν,
1188 3093 1277 3178 οὗτος
1297 3103 1331 3168 δέ
1346 3099 1365 3166 ό
1378 3109 1467 3168 Μον-

311 3201 402 3279 τανός
422 3202 529 3268 ἑαυτὸν
545 3204 664 3281 δοξάζει.
707 3200 741 3267 ‘0
760 3202 863 3288 κόριος
883 3200 935 3268 τόν
957 3204 1069 3289 πατέρα
1094 3200 1188 3269 αὐτοῦ
1213 3203 1348 3284 ἐδόξασα,
1375 3206 1428 3268 καλ
1450 3202 1469 3270 ό

312 3303 418 3391 κάρτος
433 3307 522 3370 πάλιν
540 3303 558 3371 ό
575 3305 703 3391 Χριστός
721 3303 754 3372 τό
776 3314 893 3389 πνεῦμα
910 3303 1043 3384 ἐδόξασα,
1065 3308 1157 3392 λέγων
1175 3303 1248 3374 αότό
1270 3314 1384 3390 πνεῦμα
1398 3304 1467 3388 άλη-

312 3412 415 3488 θείας,
437 3404 635 3485 όΜοντανός
657 3409 689 3474 δὲ
711 3407 816 3474 ἐαντδν
830 3408 943 3488 δοξάζει
963 3405 1075 3491 μόνον,
1095 3409 1147 3473 καλ
1165 3409 1240 3494 λέγει
1257 3406 1333 3475 εἶναι
1353 3411 1467 3496 πατέρα

312 3508 539 3594 παντοκράτορα
552 3513 603 3576 καί
618 3513 652 3576 ἐν
667 3508 746 3598 αάτῷ
762 3513 930 3594 ἐνοικῆσαι,
950 3514 1001 3576 ἰ’να
1015 3508 1201 3593 πανταχόθεν
1219 3515 1323 3602 δειηθή
1341 3508 1397 3577 οάκ
1413 3509 1465 3577 αό·

311 3612 363 3690 τός
382 3611 441 3692 τόν,
464 3609 533 3678 οόδέ
551 3609 603 3678 ὕπ’
621 3615 734 3679 ἐκείνου
755 3611 986 3696 άπεσταλμένος,
1009 3611 1079 3678 οόδέ
1098 3610 1166 3697 παρ’
1182 3611 1275 3680 αὐτοῦ
1296 3612 1464 3697 λαμβάνων.

313 3713 370 3780 Ἐν
385 3713 442 3805 γάρ
458 3721 499 3804 τῷ
510 3717 605 3804 κυρίφ
622 3713 770 3799 ηόδόκησε
786 3715 895 3782 πάντά
911 3713 1054 3801 πλήρωμα
1068 3723 1121 3799 τῆς
1135 3713 1278 3798 θεότητος
1291 3723 1467 3800 κατοικῆσαι

192 3860 243 3905 μ..
257 3846 303 3892 ιιι.
316 3824 507 3900 σωματικοῖς,
528 3819 580 3882 καλ
597 3815 657 3884 άπδ
674 3826 729 3884 τοῦ
746 3817 940 3902 πληρώματος
961 3816 1054 3884 αὐτοῦ
1075 3816 1181 3893 πάντες
1200 3822 1232 3884 οἱ
1253 3825 1405 3906 προφῆται
1427 3821 1466 3884 εί·

313 3918 439 4004 λήφασι,
460 3917 536 3985 κατά
556 3917 609 3988 τόν
626 3928 680 3987 τοῦ
696 3918 785 4008 Ἰάγίου
800 3917 939 3987 Ἰωάννου
956 3919 1053 4008 λόγον.
1097 3923 1158 3986 Καὶ
1179 3917 1252 4010 δρᾷς
1272 3928 1336 3998 πῶς
1357 3920 1467 4000 πάντες

315 4026 347 4090 οί
360 4025 479 4090 παλαιοὶ
498 4021 628 4108 Χριστόν
648 4023 855 4109 κατήγγελλον,
882 4025 933 4088 καλ
951 4025 983 4087 οἱ
1002 4025 1153 4106 μετέπειτα
1172 4023 1300 4111 Χριστόν
1321 4023 1466 4102 ἐδόξασαν

313 4127 365 4192 καλ
386 4123 477 4191 αότόν
499 4123 696 4212 ιόμολόγησαν.
740 4123 902 4202 Μοντανός
917 4126 950 4190 δέ
966 4127 1135 4211 είςέφρησεν
1151 4125 1258 4193 ἑαυτόν
1276 4154 1339 4193 τινα
1359 4129 1464 4213 λέγων,

315 4227 399 4304 ὅπως
421 4232 527 4318 δειχθῇ
548 4228 594 4295 ότι
612 4226 680 4296 οὔτε
702 4230 795 4308 ἐστιν,
824 4225 890 4296 οότε
907 4225 956 4294 ἄπ’
976 4225 1068 4295 αὐτοῦ
1091 4226 1281 4310 άπέσταλται,
1304 4227 1371 4294 οάτε
1392 4241 1465 4316 παρ’

314 4329 407 4397 αὐτοῦ
428 4334 555 4414 είληφεν.

347 4471 372 4525 3.
392 4469 498 4525 ἔσεσθαι
513 4471 564 4522 cod.
579 4472 677 4534 λθιεδίς.
938 4467 962 4522 4.
980 4473 1035 4523 Post
1048 4473 1187 4522 υοιοθυιυτι
1202 4469 1282 4536 δόξης
1297 4474 1322 4522 ιιι
1337 4473 1392 4524 edit
1405 4475 1465 4525 σοι·-

904 4541 968 4592 οοτίί
984 4541 1088 4592 ammei
1103 4545 1159 4591 ποία
1175 4545 1323 4604 convicitur.
