3186 4928
396 248 532 302 ranaau
550 249 655 300 nrum
671 247 753 300 'rona
766 252 796 300 u.
813 249 912 300 anan.
923 250 1016 301 nxvr.
1218 239 1279 304 403

131 376 178 426 ter
193 385 259 428 eum
279 367 326 450 qui
345 387 450 432 revera
473 380 518 432 est
542 389 607 432 esse
632 367 718 432 aliurn
736 369 933 449 arbitrantur,
957 382 1043 452 atque
1060 391 1078 432 a
1097 369 1224 449 duabus,
1249 382 1280 432 ut

131 467 296 546 deditam,
322 469 482 550 radicibus,
508 472 570 535 sive
587 471 746 556 principiis,
772 471 908 538 universa
927 471 1037 556 perhoi,
1062 473 1279 555 quodomnium

131 569 248 654 impium
272 571 400 636 maxime
425 584 469 636 est
492 595 526 636 ac
548 575 635 657 longe
655 573 893 658 perditissimum.
940 571 999 638 Sed
1019 574 1054 636 de
1072 595 1106 636 ea
1123 593 1155 638 re
1179 585 1278 660 postea

131 672 271 736 dicemus.
318 671 350 735 lu
373 675 412 738 iis
430 675 519 758 igitur
536 673 716 762 Scytbiaous
738 675 787 739 ille
807 687 984 740 excaecatus
1009 676 1124 756 auimo,
1153 687 1239 760 atque
1263 699 1278 740 a

130 771 299 859 Pythagora
320 775 430 839 erroris
451 789 623 862 argumenta
646 789 749 842 cactus
772 777 915 846 eiusmodi
933 780 1085 864 opiniones
1109 778 1223 856 habuit,
1245 801 1280 842 ac

130 876 222 939 libros
248 888 371 960 quatuor
395 881 586 964 conscripsit3
616 901 738 964 quorum
768 902 855 944 unum
879 877 1091 966 Mysterioruru
1118 880 1278 964 inscripsit,

129 978 254 1042 alterum
270 975 423 1064 Cupitum,
449 983 563 1046 tertium
580 981 791 1068 Evangelium,
816 995 949 1066 quartum
967 982 1199 1048 Thesaurorum.
1245 979 1278 1046 ln

129 1081 167 1144 iis
183 1082 261 1166 paria
277 1092 364 1165 atquc
380 1085 511 1167 aequalia
533 1086 591 1148 duo
607 1085 747 1170 principia
764 1106 963 1170 personasque
984 1087 1014 1148 iu
1038 1105 1210 1170 unoquoque
1233 1105 1279 1147 ar·

129 1193 270 1268 gumento
295 1185 453 1269 copulans,
477 1187 518 1250 ita
535 1187 590 1250 sibi
611 1199 800 1272 persuaserat
822 1188 928 1264 miser,
953 1188 1049 1271 itaque
1073 1189 1125 1252 bac
1146 1186 1176 1249 in
1200 1199 1279 1272 parte

128 1287 313 1368 somniabat,
337 1309 473 1372 maguum
494 1310 509 1352 a
529 1310 562 1352 se
584 1289 717 1372 quiddam
736 1291 764 1352 iu
784 1289 843 1352 rita
859 1300 1019 1375 repertum.
1063 1287 1104 1352 Et
1124 1309 1197 1353 vero
1220 1309 1280 1350 ma-

127 1411 220 1472 guum
237 1411 309 1454 saue
330 1392 435 1454 malma
457 1392 488 1454 in
509 1383 590 1455 suam
610 1412 768 1476 eorumque
788 1392 891 1476 quibus
913 1391 1050 1476 imposuit
1071 1391 1228 1476 perniciem
1250 1391 1279 1453 iu

128 1491 220 1556 vitam
242 1491 369 1555 invexit.
952 1515 957 1524 Χ

216 1591 297 1658 later
317 1595 387 1658 haec
408 1617 473 1659 oum
497 1597 627 1660 audisset
650 1595 855 1680 prophetarum
878 1617 912 1658 ao
937 1597 1009 1678 legis
1032 1595 1159 1662 oraculis
1182 1595 1279 1659 muudi
1299 1595 1357 1662 cap.
1376 1585 1417 1647 ⁸¹¹·

128 1697 366 1782 procreationem
390 1708 476 1781 atque
503 1719 590 1761 uouru
610 1698 762 1782 solumque
786 1697 913 1762 omnium
936 1699 1093 1784 prinoipem
1116 1699 1280 1762 moderato-

128 1819 250 1883 remque
275 1799 435 1877 oelebrari,
458 1801 508 1884 qui
525 1812 555 1863 et
572 1821 689 1885 semper
711 1802 872 1882 existeret,
896 1822 951 1864 uec
971 1801 1120 1864 desineret
1141 1821 1278 1883 uuquam,

128 1913 242 1986 patrem
267 1901 430 1966 scilicetne
452 1903 540 1966 hlium
561 1914 592 1968 et
611 1903 743 1987 spiritum
761 1914 911 1981 sanctum,
936 1901 1032 1966 nimiis
1048 1901 1159 1966 dediciis
1178 1901 1280 1988 impul·

127 2025 200 2082 sus,
224 2014 311 2086 atque
330 2015 360 2066 ut
380 2005 445 2068 rudi
463 2006 655 2090 imperitoque
676 2016 741 2068 erat
758 2006 892 2090 iugenio,
917 2005 1056 2068 cavillans
1073 2027 1107 2070 ao
1124 2003 1280 2070 vehemen-

127 2107 206 2169 tiore
222 2106 294 2170 luxu
310 2108 432 2184 fractus,
454 2105 690 2192 Hierosolymam
707 2107 760 2172 snb
776 2108 973 2192 apostolorum
990 2119 1120 2194 tempora
1136 2105 1279 2192 proficisci

126 2208 243 2289 statuit,
268 2219 300 2271 ut
314 2208 374 2270 illic
389 2229 555 2274 sermonem
572 2231 636 2273 curn
653 2211 687 2272 iis
705 2212 854 2274 conterret
870 2209 918 2293 qui
936 2231 970 2274 ea
988 2209 1191 2294 praedicarent
1205 2229 1279 2292 quae

128 2313 167 2374 etl
191 2312 277 2375 unius
303 2313 512 2398 principatum,
543 2333 649 2396 resque
673 2333 690 2374 a
713 2312 767 2376 deo
788 2311 919 2375 conditas
943 2313 1133 2394 pertinerent.
1179 2307 1279 2392 ltaque

128 2414 304 2498 simulatque
321 2417 358 2478 ad
374 2414 475 2478 urbem
493 2415 570 2478 illam
586 2412 722 2491 accessit,
746 2435 811 2477 unm
827 2414 1019 2498 presbyteris,
1043 2413 1091 2496 qui
1107 2412 1165 2480 illic
1181 2421 1277 2488 erant,

128 2515 238 2599 quique
255 2537 294 2580 ex
313 2517 386 2600 legis
403 2538 418 2578 a
436 2517 491 2580 deo
507 2513 587 2580 Masi
611 2516 733 2580 traditae
753 2536 788 2578 ac
805 2516 989 2601 propheticae
1006 2515 1178 2600 ,discipliuae
1195 2534 1279 2598 prae·

127 2618 240 2701 scripto
254 2619 342 2681 ritarn
359 2618 559 2697 instituebant,
581 2618 728 2703 disputare
743 2619 849 2702 coepit.
880 2615 937 2700 Qui
953 2615 1043 2696 euim,
1062 2616 1171 2694 aiebat,
1191 2637 1278 2682 unum

127 2739 198 2783 csse
216 2721 301 2783 deum
325 2719 475 2797 asseritis,
500 2721 548 2804 qui
568 2732 682 2783 ruoctem
702 2719 835 2804 diemque
852 2719 1032 2798 condiderit,
1056 2739 1111 2782 neo
1135 2739 1192 2782 nou
1215 2737 1279 2782 ear-

126 2843 197 2886 nem
212 2833 241 2884 et
254 2823 392 2899 animam,
416 2822 526 2886 siccum
541 2832 572 2886 et
584 2822 742 2900 humidum,
767 2822 879 2884 coelum
894 2833 981 2908 atque
996 2831 1116 2900 terram,
1141 2819 1278 2884 tenebras

126 2947 164 2988 ao
182 2924 298 2988 locem?
331 2923 418 3008 Quod
438 2947 501 2988 curu
517 2923 558 2990 illi
573 2935 674 3010 aperte
691 2923 927 2988 demonstrarent
949 2923 1149 3008 (nequeenim
1165 2922 1279 2986 occulta

127 3025 242 3090 veritas
262 3029 337 3112 est),
362 3039 466 3092 contra
486 3026 536 3090 ille
556 3027 620 3090 siue
643 3025 702 3090 ullo
723 3025 834 3111 pudore
860 3027 1049 3090 contendere.
1096 3023 1207 3088 Verum
1230 3023 1279 3086 uhi

128 3129 201 3192 nihil
224 3131 354 3212 prolicit,
381 3131 411 3192 iu
434 3130 534 3194 cadem
556 3127 741 3192 nihilominus
764 3129 915 3192 molestiae
937 3126 1114 3213 impudentia
1136 3126 1277 3210 persistit.

126 3229 287 3294 Postremo
305 3253 370 3294 cum
390 3231 459 3295 nihil
476 3232 604 3295 efficeret
626 3231 762 3308 omnino,
786 3232 838 3294 sed
857 3232 951 3295 victus
976 3229 1071 3314 potius
1094 3229 1277 3304 abscederet,

126 3333 261 3417 magicis·
275 3334 445 3417 quibusdam
464 3333 546 3396 libris
567 3331 703 3396 adhibitis
727 3336 803 3415 (erat
825 3333 902 3396 euim
925 3333 1131 3398 maleficiorum
1156 3333 1277 3417 peritus,

126 3457 165 3500 ac
187 3435 380 3519 perniciosam
401 3437 477 3500 illam
497 3446 527 3499 et
549 3433 727 3501 exitiabilem
750 3446 842 3498 artem
860 3455 899 3498 ex
917 3433 1053 3498 ludorum
1072 3445 1101 3498 et
1118 3433 1279 3519 Aegyptio-

126 3559 215 3616 rum,
239 3536 456 3622 Geotiliumque
478 3537 628 3623 disciplina
645 3538 726 3600 velut
744 3537 962 3602 mercimonium
986 3537 1127 3620 quoddam
1151 3535 1279 3598 abstule-

125 3641 208 3724 rat),
239 3641 406 3724 praestigiis
431 3641 553 3704 illudere
578 3651 700 3704 oorratus
721 3650 784 3718 est,
814 3661 848 3703 ae
869 3643 953 3702 domo
976 3639 1098 3723 quadam
1118 3655 1280 3700 conscensa

126 3741 223 3808 nihilo
240 3743 332 3826 magis
355 3743 430 3826 quod
446 3741 565 3806 volebat
581 3753 734 3806 assecutus
751 3752 808 3805 est.
855 3739 969 3827 Quippe
987 3741 1055 3804 iude
1072 3759 1212 3826 praeceps
1229 3737 1279 3800 de-

124 3846 232 3910 cidens
251 3865 291 3910 ex
309 3844 363 3908 hau
382 3843 443 3908 vita
462 3845 615 3928 migravit,
640 3865 704 3908 eum
726 3844 832 3907 multos
852 3844 911 3907 illie
928 3865 1021 3908 annos
1041 3844 1168 3927 egisset,
1192 3850 1278 3924 atque

124 3969 222 4012 uuum
237 3949 434 4012 tantummodo
451 3969 550 4012 secum
565 3945 737 4032 discipulum
753 3945 913 4024 habuisset,
934 3943 1127 4010 Terbinthum
1143 3941 1279 4007 videlicet

124 4051 211 4114 illum
237 4071 320 4134 quem
340 4050 484 4128 diximus,
509 4051 554 4112 oui
571 4060 601 4113 et
619 4071 672 4112 sua
689 4047 786 4110 omnia
804 4049 884 4111 velut
902 4048 1040 4112 fidissimo
1062 4044 1279 4111 benevolentis-

125 4153 265 4235 simoque
282 4153 453 4216 administro
470 4151 626 4216 corumiait.
672 4148 728 4212 llic
746 4159 889 4212 mortuum
908 4147 1098 4235 Scytbianum
1121 4169 1206 4234 quam
1229 4148 1279 4212 ho-

125 4253 387 4319 uorilioeutissime
404 4253 550 4339 sepelivit.
596 4250 674 4315 Tum
692 4252 765 4336 apud
784 4272 818 4315 se
837 4251 1001 4315 deliberans
1023 4252 1124 4314 statuit
1143 4255 1179 4316 ad
1201 4251 1278 4315 illam

853 4383 868 4415 ἱ

163 4475 189 4530 3.
207 4473 251 4530 τὸν
268 4477 413 4528 desideratur
429 4479 454 4527 ia
472 4477 509 4528 ed.
524 4479 605 4528 Petou.
757 4471 782 4526 4.
801 4473 923 4544 Τέρβιξτον
940 4477 993 4528 litut
1010 4488 1096 4528 omncs.

1008 4565 1048 4627 26
1061 4562 1077 4598 *
