3168 4942
377 227 640 284 renarrantem.
658 231 740 284 roua.
753 233 784 283 n.
803 231 903 284 naua.
918 231 1015 284 uxrx.
1220 220 1282 286 sta

115 348 266 428 indicant,
291 357 324 412 ut
346 357 377 411 et
398 347 466 427 itta,
490 355 617 430 qaam
639 363 713 414 esset
724 353 821 433 filies.
871 349 953 416 Haeo
977 360 1092 433 aotam,
1116 357 1227 416 Didr’crt
1245 375 1283 416 aa

115 455 164 514 ιιι
185 473 257 534 quoe
273 471 379 532 posses
400 462 453 526 est,
478 453 514 515 ad
537 465 717 539 assumptam
740 474 859 518 carnem
883 454 1039 518 referenda
1062 467 1143 520 sunt.

205 551 299 619 Vides
316 563 349 616 ut
365 551 463 616 omnio
485 575 563 638 puae
580 551 702 620 Christo
727 556 907 620 conveniunt
929 556 1016 641 piano
1037 557 1098 620 sint
1121 569 1150 622 ει
1166 558 1279 645 perspi·
1325 569 1385 634 esp.

116 675 192 735 cna,
224 677 320 740 neque
342 656 495 739 quicquam
520 657 549 720 in
570 657 616 722 his
640 657 680 722 sit
705 657 873 744 impeditum
896 669 947 722 aut
970 660 1154 745 perplexum.
1199 658 1279 725 Nam

3 791 5 800 ·
54 819 59 824 .
115 760 192 823 haec
207 760 272 845 ipsa
288 759 397 839 verba,
420 762 583 841 Pontrflcem
600 763 760 842 par'fidelr'c
774 773 819 824 eat
834 766 929 842 er'patr'
939 763 1011 843 serit
1026 767 1128 843 apsent,
1154 763 1225 826 nihil
1243 763 1280 828 ad

3 893 8 926 r
115 863 253 948 corporis
271 861 476 926 formationem
494 875 545 926 aut
562 864 814 943 incarnationem,
846 873 896 926 aut
918 883 991 928 vero
1010 866 1190 928 creationem
1214 884 1282 950 spc-

3 979 4 984 ’
115 974 216 1043 cunt,
240 965 292 1028 sed
310 964 482 1049 dignitatem
498 964 579 1029 iliam
595 987 630 1030 ao
647 968 777 1030 coeleste
801 985 907 1030 monus
923 967 1052 1030 indicant
1074 967 1150 1051 quod
1168 966 1209 1030 itti
1233 987 1281 1030 as·

3 1107 5 1136 2
114 1077 234 1152 sumpta
249 1067 307 1130 iarn
324 1087 414 1130 carne
431 1067 568 1130 coidatunr
585 1080 641 1132 est.
689 1067 758 1153 Quo
773 1069 860 1132 etiam
879 1077 909 1130 et
933 1068 1015 1132 iocus
1034 1069 1091 1132 iste
1108 1069 1281 1134 referendus

3 1211 5 1238 ι
115 1181 183 1248 εει,
213 1173 299 1232 Dedit
319 1174 350 1231 ει·
373 1191 471 1232 nomen
493 1175 569 1251 qood
595 1183 639 1232 est
663 1190 750 1253 suaper
771 1193 851 1234 omne
872 1193 981 1233 nomen.
1030 1171 1095 1236 Hoc
1118 1172 1195 1235 enirn
1220 1192 1278 1235 noo
1292 1189 1409 1247 ramae.

3 1315 5 1344 .
115 1282 205 1336 antea
223 1273 253 1335 in
271 1271 440 1350 divinitate,
473 1273 573 1337 sedin
592 1273 798 1337 incarnatione
815 1275 975 1360 perfectum
993 1285 1056 1353 cst,
1080 1295 1146 1338 cum
1168 1275 1281 1338 scilieet

3 1419 8 1452 ,
114 1374 243 1437 humana
267 1373 359 1460 ipsius
383 1385 486 1438 natura
505 1395 592 1459 quam
612 1396 651 1440 ex
668 1373 766 1440 Maria
791 1377 916 1464 sumpsit
939 1397 1046 1440 atomon
1073 1387 1118 1440 εει
1136 1375 1280 1440 eiusmodi

3 1525 5 1554 ἱ
114 1487 278 1540 consecuta
303 1476 379 1561 quod
403 1477 501 1540 omnia
521 1478 639 1542 nomina
664 1478 805 1562 dignitato
828 1488 1000 1564 superaret,
1035 1490 1067 1546 ut
1090 1500 1155 1544 cum
1180 1479 1281 1543 divino

3 1627 8 1662 ς
113 1580 210 1643 verbo
228 1579 384 1644 coniuncta
403 1578 450 1643 dci
468 1580 546 1644 didius
564 1581 771 1666 appellaretur.
818 1577 913 1662 Quam
932 1581 969 1644 ob
985 1603 1121 1646 caussam
1138 1602 1191 1666 per
1207 1602 1280 1645 eon-

3 1751 6 1766 ,
116 1683 185 1746 dem
208 1682 373 1767 apostolom
391 1682 529 1746 hocloco
548 1683 640 1760 dixit,
672 1687 756 1746 Hunc
777 1695 869 1744 notem
886 1685 976 1764 poulo
997 1688 1090 1748 manaa
1111 1686 1148 1746 od
1169 1687 1281 1765 angelis
1294 1701 1433 1760 uasa-aa.

3 1841 6 1850 .
114 1791 287 1850 memoratum
310 1789 434 1848 maenus
454 1791 547 1850 Iesum
569 1787 604 1847 od
622 1792 781 1866 maronem
803 1790 1017 1866 mortr'cglortit
1033 1791 1184 1850 ethonore
1200 1807 1282 1848 coro·

3 1943 7 1954 .
114 1901 233 1952 naam:
266 1909 324 1971 quo
343 1887 458 1952 scilicet
481 1887 652 1974 angelorum
676 1888 812 1952 dominos
836 1898 866 1952 et
890 1888 1025 1952 conditor
1048 1889 1162 1973 angelis
1185 1888 1283 1952 minor

3 2045 5 2078 ,
115 1993 214 2054 dactus
230 2011 298 2055 esse
316 1990 484 2069 videretur,
508 1990 558 2054 itte
576 1991 693 2074 inquam
712 1991 776 2075 ipse
799 1989 913 2074 angelis
935 1992 1111 2054 metuendus
1135 2011 1172 2054 ao
1194 1991 1282 2054 terri·

3 2153 6 2182 f
114 2092 197 2171 hidis,
222 2113 296 2177 qnos
312 2095 348 2156 de
364 2092 455 2156 nihilo
470 2114 536 2156 cum
553 2104 637 2178 patre
655 2105 685 2157 ει
700 2093 806 2176 spiritu
821 2103 926 2156 sancto
941 2091 1065 2171 creavit,
1089 2093 1187 2156 minor
1203 2093 1283 2158 diee-

3 2259 4 2266 ,
116 2205 213 2273 retur,
239 2206 380 2280 certoque
397 2205 549 2260 constaret
565 2217 623 2260 non
641 2197 677 2259 de
694 2196 757 2260 eius
775 2195 929 2259 divinitate
947 2195 1125 2260 mentionem
1145 2195 1281 2260 hocloco

3 2357 5 2372 ,
118 2297 205 2378 dicti,
229 2298 281 2362 sed
300 2300 336 2361 de
356 2319 446 2361 earne
463 2298 619 2362 duntaxat.
664 2295 773 2362 Mortis
799 2298 877 2362 enim
902 2299 1002 2382 passio
1029 2319 1087 2361 non
1112 2299 1281 2384 priusquam

3 2463 6 2492 7
117 2419 240 2463 carnem
258 2401 404 2465 induisset
419 2401 512 2464 verbo
531 2401 576 2464 dei
594 2400 709 2464 ratione
726 2402 848 2487 quadam
869 2401 1119 2481 accommodatur,
1144 2401 1196 2465 sed
1215 2413 1283 2487 post

117 2501 251 2566 eiusdem
271 2502 523 2581 incarnationem,
548 2501 597 2587 qui
622 2524 679 2566 uua
700 2515 729 2567 et
750 2501 897 2588 passionis
919 2521 1028 2587 expers
1046 2514 1109 2582 εει,
1143 2513 1173 2566 et
1189 2503 1282 2568 obuo-

115 2603 188 2668 xiua
205 2605 347 2689 passioni.
394 2603 513 2691 Expers
535 2605 668 2690 quidem,
694 2609 769 2690 quod
786 2607 821 2670 ad
837 2604 1021 2684 divinitatem
1040 2606 1162 2685 attinet,
1187 2607 1281 2671 obno-

114 2706 189 2771 xius
206 2728 297 2788 vero,
322 2707 348 2772 si
366 2707 492 2770 hominis
509 2719 643 2772 naturam
659 2708 843 2774 consideres.
890 2706 977 2791 Quod
993 2718 1149 2792 utrumqne
1170 2708 1201 2772 iu
1220 2729 1280 2774 uno

117 2809 299 2894 completur,
336 2820 367 2873 nt
391 2819 420 2872 et
443 2809 521 2872 didius
545 2809 671 2874 hominis
694 2811 723 2875 in
747 2810 869 2890 eodem,
902 2821 931 2872 et
952 2810 999 2873 dei
1022 2809 1100 2875 tilius
1123 2811 1153 2875 io
1174 2812 1280 2876 eodem

116 2913 243 2978 existat.
291 2907 429 2976 Christus
451 2912 529 2976 enirn
553 2912 708 2998 utrobique
730 2914 776 2977 dei
800 2913 878 2977 fliius
900 2923 1035 2977 vocatur.

204 3012 350 3100 Quidnam
367 3014 520 3098 igiturest
536 3015 613 3100 quod
636 3018 845 3098 circumsecare
862 3014 987 3080 dicitur?
1030 3012 1156 3079 Disoant
1178 3015 1274 3100 arguti
1330 3023 1390 3090 cap.

116 3137 153 3182 ac
170 3119 346 3182 contentiosi
365 3118 498 3181 homiues
515 3138 555 3184 ex
571 3118 608 3182 iis
628 3139 703 3202 quae
724 3118 867 3182 hactenus
882 3118 957 3182 dicta
983 3127 1052 3181 sont
1078 3118 1147 3181 nihii
1171 3118 1227 3180 hoe
1248 3116 1279 3180 in
1299 3093 1433 3144 xxm·

114 3221 186 3285 loeo
203 3221 360 3304 essequod
379 3221 414 3284 ud
430 3219 612 3284 divinitatem
629 3220 786 3304 pertineat,
811 3221 863 3282 aed
879 3220 914 3283 ad
932 3220 1164 3284 incarnationem
1181 3221 1280 3283 omnia

114 3322 244 3400 referri3
276 3321 317 3386 ita
340 3333 456 3400 tamen,
490 3333 521 3384 ut
540 3322 576 3385 dc
594 3321 745 3385 creatione
766 3331 796 3384 et
819 3321 975 3384 effectione
995 3323 1073 3385 notia
1092 3324 1132 3386 sit
1156 3322 1279 3401 mentio,

114 3425 172 3490 sed
189 3425 225 3486 de
244 3444 278 3486 ea
294 3424 435 3508 dignitate
454 3445 539 3508 quam
563 3435 699 3509 suscepta
724 3443 814 3488 earne
838 3435 1016 3488 consecutus
1042 3436 1089 3488 est
1112 3445 1167 3490 eac
1190 3443 1281 3488 voees

114 3525 308 3611 accipiendae
327 3527 405 3604 siat,
429 3531 512 3588 Fecit
528 3532 628 3608 ipsum
676 3525 728 3592 Sic
751 3525 828 3589 enim
852 3545 920 3589 sese
944 3545 994 3590 res
1013 3525 1101 3590 habet
1125 3537 1156 3590 ut
1171 3526 1199 3589 si
1215 3525 1281 3610 quis

113 3629 155 3694 ab
172 3648 242 3712 rege
258 3630 294 3691 de
314 3627 376 3692 ntro
395 3649 450 3692 auo
475 3638 682 3714 percontetur,
708 3626 843 3712 Quianam
859 3627 916 3690 iste
933 3627 985 3691 tibi
1001 3627 1155 3710 sanguinis
1171 3649 1280 3713 cogna-

111 3733 199 3796 tione
223 3733 398 3794 eoniunctus
415 3731 480 3794 esti
514 3743 573 3796 tum
591 3731 641 3795 itte
657 3731 851 3816 respondeat,
875 3727 970 3793 Fidius
987 3751 1071 3794 meus
1088 3741 1152 3794 csta
1177 3743 1280 3815 pergat

112 3835 235 3914 deinde,
259 3843 289 3898 et
305 3853 502 3917 germanusoe
520 3834 560 3897 sit
577 3855 615 3898 an
630 3834 748 3919 spurios
766 3843 869 3917 roget,
894 3853 949 3895 rex
968 3844 1085 3912 autem,
1110 3831 1278 3897 Germanus

112 3946 147 4000 et
164 3957 182 3998 a
201 3957 247 3998 ure
261 3936 398 4020 genitus,
422 3936 572 4000 subiiciat.
617 3935 697 4020 Quid
714 3935 804 4020 igitur
819 3936 898 3999 ilium
918 3934 1032 3998 iecisti?
1075 3933 1209 4018 Regem,
1235 3936 1280 3998 in·

111 4038 196 4123 quit,
222 4038 289 4101 feei.
338 4036 387 4104 Ex
405 4060 463 4123 quo
481 4039 637 4102 nrauideste
660 4037 794 4122 sequitur
815 4038 933 4101 minime
951 4037 1027 4100 huno
1045 4056 1112 4100 ease
1130 4036 1279 4119 dignitatis

111 4150 257 4227 paternae
274 4139 457 4205 dissimilem.
503 4139 572 4206 Nee
597 4162 633 4204 eo
658 4141 734 4226 quod
759 4161 814 4204 rex
840 4139 935 4217 dieat,
967 4137 1082 4222 Regem
1108 4139 1188 4202 ilium
1209 4139 1277 4218 ieci,

112 4242 242 4306 eaodem
259 4263 292 4306 se
312 4263 432 4307 creasse
456 4243 627 4307 confitetur.
673 4241 744 4306 Nou
769 4242 847 4306 enim
870 4241 1093 4325 generationem
1118 4241 1278 4320 inficiatur,

111 4365 183 4408 cunr
203 4365 268 4408 eum
283 4367 316 4408 se
330 4345 471 4430 genuisse
489 4347 568 4410 dicat
584 4344 639 4409 hoc
657 4346 721 4430 ipso
737 4345 812 4430 quod
830 4345 936 4408 fecisse
956 4365 989 4408 se
1005 4353 1118 4422 narrat,
1142 4344 1194 4408 sed
1213 4366 1279 4410 com

109 4446 196 4510 iilam
214 4457 315 4530 aperte
331 4449 524 4534 profiteatur,
556 4447 681 4512 iaciendi
700 4446 888 4512 nihilominus
911 4435 1089 4513 verbum'ad
1108 4447 1280 4532 dignitatern

1287 637 1437 690 xxxvut.
1569 679 1580 694 .
