3176 4930
362 237 499 290 riuiau
517 238 579 289 ms.
593 239 624 288 n.
641 189 722 290 abu.
737 239 757 290 r.
774 235 875 288 nien.
887 235 982 288 thv.
1191 226 1255 293 327

96 356 145 420 ael
160 357 394 443 intemperanter
408 355 516 441 aliquid
532 358 707 434 laceremus,
733 355 780 420 ret
798 357 905 420 turtum
921 356 1184 434 committeremus,
1209 358 1257 420 ret

95 469 197 522 cetera
217 461 245 522 id
260 481 354 544 genus
370 460 504 545 corporis
519 458 694 522 adminiculo
712 471 959 543 perpetrarem,
985 457 1062 522 nullu
1080 457 1116 520 ab
1134 457 1161 520 id
1181 459 1262 542 apud.

94 563 203 626 iustum
227 562 352 628 iudicem
373 562 604 647 reprehensione
625 560 702 644 digni
723 561 906 642 videremur,
931 560 1163 646 quandoquidem
1181 561 1255 623 divi-

94 685 151 728 nae
177 663 235 749 tegi
257 663 341 728 subdi
364 687 435 728 auro
458 665 578 728 omnino
599 685 656 726 non
682 675 788 746 potest.
836 660 898 728 Cur
920 664 998 726 enim
1023 661 1255 745 reprebendatur

93 789 220 850 corpus,
244 768 321 850 quod
339 788 379 830 ex
395 777 519 830 naturae
534 787 606 828 suae
624 766 801 828 necessitate
817 766 909 828 vivat.
957 762 1016 828 Sed
1038 783 1132 848 neque
1150 764 1185 826 ab
1205 785 1254 826 ea-

93 869 261 934 stimouiam
279 881 331 934 aut
344 871 481 932 virtutem
498 868 610 932 traduci
629 887 735 950 corpus
758 867 883 950 poterit,
907 867 982 950 qnod
999 866 1077 930 bona
1093 865 1199 930 subiici
1215 885 1254 930 ex

93 982 219 1036 daturne
242 993 314 1036 suae
333 972 501 1038 conditione
525 980 662 1054 nequeat.
708 967 786 1032 Naar
812 991 877 1032 cum
901 969 1065 1035 istiusmodi
1087 967 1127 1030 sit
1149 977 1254 1032 natura

93 1075 211 1152 carnis,
236 1087 267 1138 iit
285 1075 403 1138 divinae
421 1074 477 1157 tegi
495 1073 600 1136 subiici
617 1083 761 1156 nequeat,
786 1071 885 1136 divina
908 1092 996 1156 parra
1015 1071 1065 1133 lex
1082 1071 1192 1134 iustitia
1215 1073 1255 1136 sit

92 1199 128 1240 ac
146 1177 351 1262 temperantia,
377 1195 472 1261 neque
486 1176 685 1259 virginitatem
702 1195 835 1252 serrare,
861 1193 956 1258 neque
971 1174 1170 1237 continentem
1186 1195 1254 1238 osse

91 1300 182 1363 posse
203 1279 319 1364 penitus
343 1289 504 1362 oporteret.
553 1274 606 1344 sin
628 1277 825 1360 virginitatem
850 1297 885 1340 aa
907 1276 1115 1340 continentiam
1140 1277 1251 1356 colunt,

91 1401 280 1464 consequens
297 1392 345 1442 est
360 1393 392 1444 ut
407 1392 438 1443 et
453 1401 560 1464 corpus
575 1379 742 1442 subiiciunt.
788 1376 869 1442 Fieri
886 1380 962 1442 enim
979 1377 1066 1441 aliter
1082 1401 1139 1442 non
1157 1389 1254 1464 potest

90 1494 124 1546 ut
146 1503 163 1544 a
186 1493 307 1567 peccato
331 1503 397 1546 sese
423 1483 605 1546 contineant.
651 1478 770 1544 Falsum
789 1492 835 1546 est
852 1483 949 1565 itaque
969 1482 1087 1545 divinae
1106 1481 1163 1566 legi
1187 1503 1251 1544 cor-

90 1605 146 1669 pus
166 1606 226 1647 nou
241 1605 328 1668 posse
343 1584 459 1649 subiici.
505 1582 591 1666 Quod
606 1584 632 1646 si
652 1605 752 1648 rerum
769 1595 866 1664 esset,
891 1605 1014 1669 quanam
1031 1583 1147 1648 ratione
1163 1581 1252 1648 loan-

90 1707 146 1750 nes
170 1707 276 1771 corpus
303 1708 386 1750 suum
411 1687 446 1750 ad
472 1683 638 1750 castitatem
658 1687 731 1764 sibi,
755 1698 806 1749 aut
830 1689 865 1750 ad
886 1687 1110 1750 sanctimonium
1128 1684 1249 1764 Petrus,

89 1789 195 1852 autad
213 1789 353 1852 iustitiam
373 1787 499 1872 denique
516 1789 606 1852 ceteri
627 1787 846 1852 subdidissent?
891 1785 954 1854 Cur
975 1790 1061 1852 etiam
1082 1786 1192 1852 Paulus
1210 1789 1252 1852 ita

91 1892 274 1954 monuisset:
305 1895 351 1952 Ne
368 1895 460 1970 rpr'lur
476 1903 580 1970 regnet
597 1903 743 1972 peecatum
766 1898 795 1954 iii
816 1895 934 1954 mortali
946 1879 1045 1954 ¹uestra
1061 1913 1195 1972 comare,
1220 1903 1253 1953 ut
1265 1901 1359 1956 namu
1373 1901 1404 1946 12

89 1997 228 2056 obediatis
246 1995 448 2073 cupiditatibus
464 1996 560 2055 illius:
585 2015 636 2056 nec
651 1995 780 2058 erbi'bete
794 1997 917 2056 membra
934 2007 1026 2056 uesmii
1043 2015 1122 2056 arma
1138 1999 1251 2056 iniusti-

89 2102 146 2158 tiire
160 2107 294 2177 peecata,
318 2099 369 2156 sed
385 2097 514 2156 exbibete
534 2099 601 2170 deo,
627 2109 759 2178 tanquam
774 2121 812 2159 er
828 2103 947 2160 mortuis
962 2102 1101 2171 uiuentes,
1125 2109 1154 2160 el
1168 2120 1252 2160 mem·
1317 2081 1320 2088 ⁴

87 2201 141 2260 bra
158 2211 254 2260 uesmc
269 2219 349 2260 arma
369 2201 495 2260 iiiitr'tiae
512 2201 585 2260 ileo?
628 2195 702 2262 item
721 2199 809 2262 iltuit:
834 2204 1067 2278 Quemadmodum
1084 2203 1402 2267 abudantissimum.

87 2303 213 2364 membra
228 2313 322 2364 uestra
336 2307 444 2362 seruire
456 2303 648 2362 immunditiae
659 2315 687 2364 et
700 2307 895 2384 iiii'puitatiuil
910 2308 1097 2384 iniquitatem,
1118 2308 1160 2364 sie
1175 2325 1250 2366 nunc

87 2405 220 2466 exbibete
241 2405 363 2464 inumbra
385 2415 479 2464 uestra
501 2409 608 2464 ceruini
630 2409 755 2466 iustitiae
775 2409 814 2466 ad
833 2408 1095 2486 sciretificutibiiem.

176 2503 243 2568 liae
258 2505 348 2590 igitur
365 2505 564 2590 intelligebat,
589 2504 806 2570 tabernaculum
825 2507 901 2571 istud
920 2528 1008 2591 posse
1031 2507 1139 2591 corrigi
1162 2518 1193 2570 et
1213 2507 1249 2570 ad
1269 2513 1328 2582 cap.
1344 2514 1396 2565 ιιι.

87 2610 198 2672 bonum
222 2609 374 2684 converti,
404 2607 487 2670 utin
514 2627 551 2670 eo
573 2617 691 2691 peccata
720 2609 835 2692 penitus
861 2608 1119 2692 extinguerentur.
1166 2607 1250 2690 Qriie

87 2712 168 2774 euim
186 2710 242 2774 alia
258 2711 333 2773 ratio
354 2720 401 2772 est
417 2730 472 2793 qua
491 2709 521 2772 in
539 2711 680 2792 quandam
702 2709 832 2774 iustitiae
850 2710 1024 2774 servitutem
1047 2709 1139 2796 redigi
1163 2711 1251 2774 bomo

87 2814 201 2898 possit,
232 2812 289 2874 nisi
312 2812 392 2896 prius
416 2811 514 2874 earnis
537 2831 608 2874 suae
633 2811 761 2876 membra
787 2813 964 2892 subiiciens,
996 2825 1027 2876 ut
1049 2834 1107 2876 non
1132 2824 1250 2898 peccato

86 2916 215 3001 amplius
240 2913 458 2998 obsequantur,
489 2914 541 2976 sed
566 2913 696 2976 iustitiae
716 2915 806 2978 vitam
824 2937 905 2978 suain
932 2916 1051 3000 perinde
1073 2937 1107 2978 ac
1130 2911 1251 2980 Christo

87 3021 209 3103 dignam
228 3027 275 3080 ast
289 3007 441 3080 instituat?
486 3013 631 3098 Quoniam
648 3016 762 3098 quidem
778 3039 902 3102 peecare
919 3019 965 3081 vel
983 3039 1041 3081 nan
1058 3039 1181 3103 peecare
1199 3038 1252 3102 per

86 3141 197 3206 corpus
214 3119 359 3202 suppetit,
389 3139 446 3202 quo
470 3119 506 3180 ad
528 3117 665 3180 virtatem
685 3129 736 3182 aut
759 3120 916 3203 nequitiam
942 3121 1116 3184 administro
1137 3120 1251 3184 animus

87 3224 195 3288 utitur.
242 3219 283 3284 Et
300 3221 414 3303 quidem
432 3241 497 3284 oum
515 3242 603 3302 neque
621 3223 827 3300 fornicatores,
852 3246 904 3286 ner
921 3227 1103 3297 idololatrae,
1127 3245 1179 3286 nec
1199 3227 1250 3284 ad·
1263 3236 1404 3292 1.Ccr.s,1b.

88 3331 197 3398 alteri,
229 3345 318 3404 neque
340 3326 529 3386 mascularum
553 3325 763 3398 concubitores,
793 3348 882 3408 ireque
905 3329 1017 3400 molles,
1048 3349 1138 3408 neque
1150 3329 1248 3408 sures,

85 3451 140 3491 nec
163 3432 264 3500 anari,
295 3447 346 3488 nee
365 3428 484 3500 abrami,
514 3447 602 3506 neque
623 3432 843 3503 conviciatores,
873 3451 962 3510 neque
982 3442 1112 3509 raptores
1133 3447 1251 3507 regniun

85 3536 136 3592 dei
147 3533 296 3612 possidere
304 3533 426 3608 possint,
452 3549 486 3590 ea
503 3549 591 3612 porro
607 3530 704 3592 omnia
720 3532 853 3614 corporis
869 3529 1045 3594 adminicula
1063 3531 1252 3616 perbciautur

86 3655 123 3696 ac
146 3630 397 3710 corroborentur,
422 3629 574 3692 iustibcari
593 3652 680 3714 porro
699 3652 784 3697 nemo
805 3634 914 3716 possit,
939 3633 994 3695 nisi
1019 3633 1099 3716 prius
1122 3635 1178 3696 ista
1201 3652 1251 3694 su·

85 3734 219 3821 perurit,
250 3753 324 3817 quae
346 3733 462 3818 quidem
486 3732 655 3817 issuperat
677 3735 780 3818 quise
804 3735 838 3796 ad
863 3736 1084 3819 temperantiam
1108 3735 1251 3818 {idemque

86 3837 255 3914 corruertit,
281 3833 404 3898 efficitur
428 3835 488 3918 legi
513 3835 560 3898 dei
586 3856 690 3919 corpus
717 3858 804 3920 posse
830 3836 947 3902 subiici.
993 3833 1050 3900 Dei
1074 3835 1179 3920 quippe
1200 3837 1251 3901 lex

86 3939 286 4024 temperantia
306 3948 363 4002 cst.
410 3935 608 4020 Quamobrem
627 3939 778 4023 apostolus
801 3961 859 4002 nou
882 3923 1001 4004 caruem
1028 3939 1121 4024 ipsam
1144 3941 1253 4004 asserit

84 4041 147 4124 tegi
176 4039 223 4102 dei
246 4039 351 4102 subiici
376 4061 435 4102 non
455 4059 561 4124 posse,
585 4043 636 4106 sed
657 4048 754 4104 earnis
770 4048 952 4123 snpibnnbm,
978 4043 1033 4105 boc
1049 4053 1096 4106 cst
1113 4043 1176 4106 eius
1197 4040 1251 4106 im·

85 4155 191 4230 petum
208 4153 240 4205 et
253 4142 404 4206 ardentem
422 4144 457 4224 ad
475 4141 645 4208 iniustitiam
664 4143 928 4229 inflammatamque
945 4146 1145 4230 cupiditatem.
1189 4144 1251 4210 Re·

85 4244 211 4333 purgari
230 4243 350 4328 proinde
370 4245 468 4324 iussit,
494 4257 526 4309 ut
540 4247 589 4310 rel
604 4245 696 4332 ipsam
716 4247 828 4312 ventris
846 4248 1004 4331 ingluviem
1021 4258 1179 4312 conaretur
1196 4269 1250 4314 ex·

83 4417 131 4466 pra
153 4401 244 4462 ipun'tr
265 4401 372 4450 babuisse
393 4401 500 4450 uidentur
518 4403 590 4450 uerba
614 4395 654 4467 ἐφ’
688 4403 775 4466 ptipr't,
801 4405 859 4453 atter
881 4404 973 4456 uncinis
993 4405 1099 4455 includit.
1134 4403 1182 4456 Sed
1198 4405 1252 4454 riui
1309 4429 1311 4434 ,

85 4467 183 4536 aipein,
200 4471 259 4518 dum
274 4471 333 4518 atter
345 4472 371 4518 tn
385 4470 490 4518 ommuni
505 4481 602 4532 prorius
615 4484 654 4520 ni·
689 4476 788 4522 aarum.
