3186 4928
368 265 631 321 numerumn.
651 263 990 318 rodenmannum.
1193 251 1255 318 eae

101 387 133 452 io
148 387 307 452 ementium
324 407 486 468 converse,
510 397 627 474 poteret
640 385 741 471 utiquo
757 385 926 470 redemptor
942 394 1045 450 noster
1065 403 1101 450 ec
1122 384 1256 448 dominus

102 490 207 575 deique
227 489 320 569 filius,
351 489 401 576 qui
425 490 534 554 idcireo
555 500 679 556 venerat
700 499 733 552 ut
752 487 831 552 vitae
849 487 934 552 uobis
956 507 1039 572 spero
1062 485 1255 552 certissimam

101 593 233 672 ferent,
257 593 383 679 quique,
406 603 438 656 ut
453 593 596 658 dictorum
612 612 732 656 suorum
751 591 835 656 erem
852 588 937 653 nobis
954 589 1138 670 adstrueret,
1161 590 1257 675 plere·

102 715 160 782 que
175 693 206 760 in
219 716 253 760 se
270 696 333 779 ipso
348 696 440 761 voluit
452 693 632 781 exprimere,
658 704 785 780 poteret,
809 692 939 777 inquam,
963 690 1096 776 coeperis
1110 691 1157 756 sui
1173 701 1256 776 perte

102 797 235 883 deposita
252 797 338 862 elium
357 798 489 862 excitare
506 807 641 883 partem,
665 796 905 882 quemadmodum
926 793 1053 858 verbose
1074 793 1122 858 illa
1141 805 1190 858 tue
1209 815 1256 858 re·

102 911 169 964 etae
189 899 255 964 utet
279 900 441 964 confutatio
465 910 552 985 atque
570 899 818 985 ineptissimarum
836 897 1001 975 rationum,
1025 919 1043 960 o
1061 897 1258 962 contentionis

102 1002 226 1088 cupide,
249 1001 402 1066 multitado
420 1002 559 1066 dederat.
607 999 719 1066 Verum
734 983 798 1084 ipse
815 1010 895 1064 tuum
913 999 1072 1084 evestigio
1090 1000 1206 1064 modun
1223 1022 1257 1065 ae

101 1105 248 1170 rationem
263 1106 444 1189 redsrpuens
459 1106 501 1169 ita
518 1105 702 1190 pronuntiet:
731 1107 801 1166 Nee·
810 1125 933 1184 mane
946 1105 1092 1186 frameae·
1107 1107 1210 1166 eadm
1226 1108 1409 1170 musonem·

102 1220 210 1272 terren
229 1220 367 1270 mortuone
373 1210 488 1290 suerit,
511 1211 602 1270 solum
616 1219 725 1270 manet.-
748 1212 880 1268 se'outem
897 1210 1041 1280 ceeeidm't,
1064 1217 1259 1288 mortuumque

98 1314 206 1391 sumt,
228 1331 323 1391 greco
345 1314 433 1374 natta
452 1315 541 1391 punt.
589 1306 745 1392 Quodnam
766 1308 835 1373 ittot
858 1320 923 1372 crat
938 1329 1063 1392 granum
1080 1309 1116 1373 de
1134 1329 1191 1393 quo
1214 1307 1257 1371 lo-

100 1413 266 1497 quebatur?
308 1410 407 1478 Nemo
430 1411 547 1496 estqui
571 1411 701 1491 dubitet,
730 1411 819 1496 idque
838 1411 936 1475 muudi
958 1411 1048 1475 totius
1070 1409 1257 1474 confessione

100 1525 236 1594 constat,
260 1515 295 1580 de
314 1535 347 1580 se
362 1515 427 1600 ipso
445 1515 593 1580 dominum
611 1515 758 1594 locutum,
783 1515 838 1578 noc
855 1525 901 1578 est
918 1515 953 1577 de
969 1533 1093 1599 corpore
1112 1534 1168 1580 suo
1188 1533 1257 1578 sau·

101 1617 289 1702 ctissimaque
305 1617 354 1682 ille
374 1637 466 1682 earne
484 1639 568 1702 quem
588 1639 627 1682 ex
644 1615 741 1682 Maria
759 1628 894 1702 ceperat,
925 1637 961 1680 ec
978 1617 1013 1681 de
1032 1616 1158 1680 homene
1178 1615 1256 1680 nunni

101 1731 220 1784 nature.
266 1716 352 1802 Quod
375 1730 471 1785 auteur
496 1720 618 1785 cadendi
641 1741 679 1784 ac,
695 1720 839 1784 moriendi
859 1719 1011 1784 vocabatis
1036 1719 1143 1798 utitur,
1174 1731 1206 1784 ot
1227 1731 1258 1784 et

102 1824 164 1887 adio
179 1823 210 1886 iu
227 1823 292 1887 loeo
315 1821 403 1901 dicit,
435 1825 491 1886 Udi
508 1829 565 1886 ern't
581 1827 712 1896 rodcoer,
736 1826 798 1885 illio
813 1825 1064 1902 congregudrmtar
1081 1833 1112 1884 et
1129 1827 1253 1905 opm’loe,
1268 1822 1353 1934 m}

99 1926 139 1990 sd
156 1926 320 1990 triduanam
340 1923 473 2010 corporis
490 1946 627 2010 soporem
646 1924 756 2003 retudit,
780 1926 856 2010 qood
874 1945 911 1988 ne
928 1925 991 2010 ipre
1012 1923 1126 2008 quidem
1143 1926 1256 1990 diffiteri

103 2039 200 2115 potes.
244 2026 322 2092 Nam
339 2027 477 2092 divinitae
501 2027 566 2113 ipss
589 2047 654 2092 oum
673 2027 769 2092 socrui
789 2036 835 2091 est
850 2047 977 2112 expers,
1002 2038 1062 2092 tom
1085 2012 1192 2092 ca‘dere
1209 2047 1258 2092 su·

102 2130 258 2218 pererique
280 2152 339 2194 uon
358 2141 472 2216 potest,
497 2151 552 2196 nec
569 2141 616 2194 est
631 2131 751 2194 omniuo
770 2129 928 2194 mutabilis.
974 2127 1124 2194 Mortuum
1140 2142 1187 2195 est
1203 2130 1258 2194 ita·

102 2253 161 2319 que
186 2233 323 2298 frumeuti
346 2253 489 2319 granum,
513 2245 599 2318 atque
624 2233 728 2297 iterum
754 2233 926 2298 excitatum.
971 2230 1144 2298 Utrumuam
1167 2234 1257 2318 igitur

101 2337 248 2421 integrum
266 2357 390 2420 granum
409 2336 571 2402 excitatum
589 2346 653 2414 est,
677 2355 714 2400 on
731 2335 809 2399 iltius
827 2355 894 2420 pers
913 2345 960 2400 est
976 2337 1072 2422 aliqua
1096 2335 1257 2400 deretictet

102 2438 231 2504 Aliodue
248 2459 336 2522 porro
352 2459 438 2523 quem
459 2439 535 2523 quod
551 2449 638 2504 antee
658 2449 739 2516 eret,
763 2459 799 2502 an
816 2438 893 2502 idem
908 2437 1024 2523 penitus
1039 2457 1106 2502 esse
1127 2459 1162 2502 ac
1178 2439 1257 2503 reei-

102 2541 219 2606 vieeere
235 2539 349 2626 eoepit,
374 2542 450 2626 quod
469 2551 501 2605 et
517 2541 555 2604 ab
575 2545 692 2622 loeepdo
711 2545 829 2604 cendone
846 2543 1005 2604 obuolutum
1024 2561 1059 2604 co
1074 2546 1212 2624 sepultum
1228 2555 1258 2608 ct
1272 2543 1357 2642 {¹¹3

101 2649 132 2707 r‘e
162 2663 233 2706 noco
261 2656 436 2710 mommoreto
459 2649 583 2725 poectum
610 2643 762 2709 surrexit?
812 2642 891 2708 Tute
914 2643 977 2728 ipse
1003 2665 1060 2708 noo
1087 2645 1255 2731 regereris.
1305 2628 1312 2652 ’
1352 2627 1358 2640 ’

102 2743 268 2830 Quemnam
290 2755 387 2812 autem
411 2746 581 2810 mutieribus
596 2747 694 2831 angeli
710 2744 914 2810 resurrexisse
935 2746 1105 2826 nuntibeot,
1129 2771 1194 2814 eum
1217 2752 1258 2816 ite

101 2849 252 2929 dicerent,
283 2853 369 2930 θυιιιι
394 2854 553 2930 quaeritis?
594 2854 686 2912 Iesum
707 2853 914 2912 Nazarenam?
956 2853 1107 2926 Surrenti,
1136 2873 1193 2914 noe
1214 2853 1411 2960 mtffffit

102 2955 167 3027 tic,
192 2956 298 3027 oeor'tc,
320 2955 411 3014 ve'dete
429 2955 530 3014 bearn
575 2949 703 3016 Perinde
720 2972 755 3016 ec
770 2953 797 3016 si
814 2949 944 3038 diceret,
969 2957 1080 3027 Vene'te,
1104 2958 1194 3017 uidete
1215 2959 1258 3019 lo·

100 3077 180 3130 eme,
207 3065 236 3118 et
251 3049 413 3139 0rigeuem
432 3055 548 3133 docete,
572 3055 666 3120 nulus
680 3053 747 3118 istic
763 3053 841 3119 illius
855 3053 952 3118 iacere
968 3055 1119 3140 reliquias,
1144 3057 1196 3120 sed
1212 3057 1257 3120 in·

101 3168 217 3243 tegrurn
234 3157 415 3222 surrexisse.
460 3157 561 3242 Atque
578 3167 610 3222 ut
627 3157 774 3241 inteiligas
791 3157 997 3222 resurrexisse
1014 3169 1128 3237 tutum,
1152 3163 1257 3224 Surre-

98 3267 165 3336 xit,
188 3259 297 3345 inquit,
321 3281 377 3324 eon
395 3271 440 3322 est
455 3263 518 3335 de'e‚·
544 3270 575 3324 ut
594 3259 730 3324 nimirum
753 3281 847 3344 nugae
869 3270 934 3324 tuas
955 3259 1115 3326 discuteret
1136 3263 1257 3328 democ-

99 3374 269 3448 straretque
292 3361 441 3426 residuum
463 3361 543 3427 iltius
564 3361 674 3427 nultum
694 3361 840 3427 abiectum
858 3383 893 3428 ec
914 3363 1048 3430 redictum
1072 3365 1181 3443 inisse,
1204 3367 1256 3429 sed

98 3467 179 3532 idem
196 3485 265 3531 esse
280 3465 366 3551 pisae
383 3485 508 3550 corpus,
532 3464 609 3550 qood
630 3474 662 3529 et
681 3464 772 3530 clavis
792 3467 940 3532 confixum
959 3477 990 3532 et
1005 3469 1107 3530 tannes
1125 3468 1257 3554 periore·

100 3581 164 3635 tum
186 3580 216 3633 et
237 3589 254 3634 a
276 3565 444 3632 Ptrsrieoeis
467 3567 710 3654 comprehensum
733 3578 779 3634 est
800 3591 836 3634 ac
858 3569 952 3654 sputis
974 3570 1157 3655 adspersum.

188 3671 265 3756 Quid
285 3661 386 3736 autem'
407 3671 511 3736 attinet
531 3672 613 3756 ptura
638 3672 672 3735 ed
693 3671 840 3736 infelicem
861 3671 939 3735 iltius
965 3683 995 3735 et
1014 3671 1190 3736 inscientem
1213 3671 1256 3734 to·
1299 3679 1360 3748 unp.

99 3773 278 3862 quaeimem
306 3775 491 3859 congerere?
533 3771 683 3858 Quocirca
706 3795 765 3838 noa
792 3793 879 3838 secus
904 3783 992 3857 atque
1018 3772 1068 3836 illo
1089 3772 1257 3838 resurrexit
1274 3749 1389 3800 mm·

97 3897 245 3964 suumque
263 3897 370 3962 corpus
385 3877 538 3955 excitavit,
562 3877 604 3942 ite
618 3888 648 3941 et
663 3899 718 3940 noe
733 3874 886 3941 excitabit.
925 3873 1002 3941 Nem
1023 3897 1062 3940 ex
1078 3895 1115 3940 so
1131 3875 1257 3940 sanetis·

97 3982 195 4046 simus
213 3981 362 4065 apostolus
386 3999 468 4066 spem
486 3990 616 4044 nostram
637 3981 821 4044 confirmavit
842 3979 887 4044 his
902 3977 1019 4044 verbise
1052 3982 1192 4058 θιοιιιοόιι
1213 3983 1410 4051 decessura

96 4095 172 4148 eruet
193 4087 302 4165 paridem
324 4087 355 4145 r'e
375 4084 454 4146 oods'e
476 4094 649 4146 mortuoram
671 4087 905 4145 resurrectionem
927 4104 982 4144 non
1002 4089 1086 4144 esee?
1129 4085 1210 4161 Quod
1228 4087 1259 4143 ει·

96 4199 276 4252 mortem
294 4191 467 4250 romescot
490 4209 546 4250 noe
567 4197 624 4260 eet,
655 4207 745 4268 nepae
761 4188 891 4248 Cdrs'stae
913 4189 1088 4258 reomensi,
1116 4189 1146 4246 ri
1163 4196 1256 4248 caten

97 4294 236 4355 cerum
250 4311 306 4354 non
320 4295 491 4365 recurrerit,
514 4295 608 4353 manis
623 4311 694 4372 ergo
709 4302 754 4353 est
762 4293 939 4371 pruede'ectro
952 4299 1061 4362 nostru,
1086 4309 1159 4350 mee
1170 4300 1216 4350 ert
1227 4301 1256 4351 et

86 4398 174 4478 fides
193 4403 303 4455 omma:
335 4398 491 4456 rnocnr'mm·
513 4406 605 4456 natm
630 4405 661 4456 et
672 4397 753 4477 solse'
771 4405 855 4456 testes
874 4397 936 4466 dee',
967 4395 1097 4472 pacarunt
1118 4395 1253 4466 dminus,

97 4501 261 4561 Sseeo'trur't
282 4499 423 4560 carnum
447 4507 503 4558 eto.
550 4493 666 4562 Deinde
689 4493 830 4574 subiecit,
863 4499 980 4576 Oportet
999 4497 1183 4579 corruptibile
1203 4497 1256 4556 doe
