3128 4930
344 227 480 280 rinnau
497 228 562 280 ura.
575 229 607 280 u.
621 227 703 280 rou.
715 229 735 278 t.
754 225 852 278 mnan.
867 225 921 280 uu.
1151 208 1212 278 11³

336 485 563 562 CONTRA
590 483 940 580 normands,

369 605 517 681 haeresis
530 604 715 700 xxxtll,
741 605 811 681 sive
829 603 908 680 tlt.

19 757 21 760 ’
150 757 266 845 Talpem
291 779 386 843 genus
406 760 548 844 quoddam
573 759 708 824 animalis
733 765 920 843 nunoupaut,
950 757 1114 842 quadrupes
1137 757 1213 842 quod
1232 767 1283 840 cap
1309 767 1329 820 t.

81 859 209 925 subterra
225 862 355 928 latebras
373 862 476 941 babet,
501 881 594 946 eaque
610 863 717 928 eliosaa
736 862 765 926 in
786 861 896 926 intimis
916 859 993 924 iliius
1018 859 1215 944 penetralibus

81 963 237 1028 domioilium
260 966 398 1030 oollooat.
442 963 499 1028 Est
520 976 618 1030 autem
636 964 742 1032 oanino
761 965 856 1029 aetolo
869 963 972 1049 speeie
996 984 1081 1048 quam
1104 961 1217 1026 similli-

80 1085 160 1147 mam,
181 1069 342 1153 eodemque
363 1079 493 1132 staturae
513 1069 623 1135 ambitu
647 1079 805 1144 eorrstaus,
829 1067 880 1130 sed
900 1067 964 1130 uisu
986 1066 1100 1151 penitus
1113 1077 1215 1130 earet.

81 1163 146 1232 idem
160 1171 236 1254 apris
255 1171 421 1236 vastitatem
438 1172 553 1250 adlert,
576 1181 742 1248 eteorum,
767 1189 842 1254 quae
862 1169 1008 1236 bominum
1028 1168 1130 1232 labore
1147 1189 1218 1232 eon-

80 1269 125 1334 sita
144 1286 226 1352 sunt,
259 1274 373 1338 radioes
393 1274 509 1352 evellit,
539 1275 591 1336 sed
609 1294 796 1338 adnumerum
818 1271 969 1356 inprimis,
999 1283 1059 1336 tum
1082 1270 1217 1356 quioquid

80 1374 206 1440 aemorum
223 1387 272 1440 est
287 1378 448 1455 seminum,
472 1376 634 1440 cuiusmodi
651 1388 720 1440 suot
735 1395 861 1460 caepae,
886 1375 965 1451 allia,
990 1374 1081 1452 bulbi,
1105 1385 1219 1438 uetera-

79 1479 162 1560 quaid
178 1500 286 1564 genus,
309 1479 379 1544 item
396 1477 467 1553 lilia,
490 1490 579 1563 atque
594 1479 650 1542 alia
669 1479 819 1564 pleraque.
864 1474 951 1559 Quod
972 1477 1219 1544 silodiendode·
1261 1472 1269 1484 '
1399 1542 1437 1565 „

80 1601 143 1644 mum
155 1585 188 1644 ad
202 1583 385 1646 exteriorem
403 1592 501 1646 terrae
517 1581 701 1666 superboieau
719 1591 909 1666 apertumque
923 1587 1021 1644 adrem
1038 1579 1217 1665 pervenerit,

79 1692 120 1746 aot
139 1683 284 1748 bominum
305 1683 420 1748 insidiis
438 1695 541 1771 eaptus
559 1687 663 1764 luerit,
688 1685 723 1747 iis
739 1705 755 1747 a
772 1682 876 1768 quibus
893 1693 995 1767 eaptus
1013 1694 1058 1746 est
1077 1680 1218 1746 ludiorum

79 1785 108 1847 le
122 1805 151 1850 se
163 1787 362 1872 spectooulum
379 1787 512 1872 praebet.
558 1785 637 1852 ldem
655 1787 741 1851 uobis
760 1787 795 1850 de
813 1806 866 1865 ea,
890 1807 975 1870 quom
994 1807 1063 1871 prae
1085 1785 1220 1850 manibus

78 1885 219 1968 dabamus,
251 1890 366 1953 haeresi
390 1891 542 1954 dioeudum
564 1890 698 1969 videtur,
728 1909 801 1973 quae
824 1887 977 1953 exonerati
998 1888 1096 1952 cordis
1118 1899 1164 1951 est
1186 1908 1221 1950 ao
1293 1890 1298 1899 '

77 1989 185 2076 desipit,
208 1992 266 2056 sibi
286 2013 361 2055 vero
377 1993 546 2056 vastitatem
560 1993 663 2071 all'ertq
688 2003 718 2054 et
735 1993 878 2076 idipsum,
902 2010 1015 2074 exque
1036 2000 1154 2055 constat
1174 2011 1221 2053 ra·

76 2091 170 2158 dioitos
188 2093 312 2158 excidit.
359 2090 527 2176 Quinetiam
544 2095 690 2158 radioibus
708 2093 943 2178 quamplurimis,
964 2092 1022 2157 illis
1039 2095 1154 2158 soilieet
1171 2091 1223 2156 bo·

77 2194 205 2274 minibus,
230 2197 280 2280 qui
299 2197 335 2260 ad
354 2217 387 2262 se
404 2197 609 2282 ooolugerint,
634 2197 793 2282 perniciem
812 2195 982 2260 eonsoiseit.
1028 2193 1222 2260 Erontrario

75 2317 138 2360 nero
159 2299 369 2384 prudentibus,
392 2299 418 2364 si
438 2301 467 2363 io
491 2309 682 2384 eonspeotum
700 2299 855 2383 aliquando
873 2299 1007 2376 venerit,
1031 2318 1090 2362 raon
1113 2295 1224 2360 medio-

76 2419 145 2462 uem
161 2402 196 2466 de
215 2421 250 2465 ae
270 2401 362 2464 risum
379 2401 518 2466 enaritat.
565 2400 816 2486 Quemadmodum
834 2401 922 2478 illud,
946 2402 983 2464 de
1002 2421 1058 2484 quo
1081 2399 1221 2480 diximus,

75 2502 181 2583 animal,
206 2504 299 2588 quod,
322 2504 389 2588 qnia
406 2525 526 2571 oaeeum
541 2516 598 2582 eat,
623 2525 678 2568 oen
693 2515 843 2590 receptum
860 2503 995 2567 inuenire
1008 2503 1096 2566 ullum
1113 2511 1221 2586 potest,

77 2605 106 2667 ab
131 2605 266 2672 omnibus
292 2607 435 2674 illuditur.
480 2605 550 2672 Nou
576 2607 719 2672 absimilis
748 2619 794 2672 est
819 2605 898 2670 illins
925 2606 1058 2669 haeresis
1080 2605 1221 2672 conditio.

77 2705 162 2790 Quam
178 2709 230 2794 qui
249 2719 424 2794 sequuntur,
447 2710 555 2776 lldsmi
573 2731 680 2776 nomen
698 2719 888 2795 usurparunt.
936 2706 1000 2772 lloo
1014 2719 1125 2786 summ,
1148 2709 1225 2793 qaod

76 2813 196 2876 amultis
216 2812 367 2876 auditione
391 2811 562 2891 didicimus,
593 2815 629 2876 de
655 2833 692 2878 eo
714 2813 860 2880 bominum
884 2831 995 2896 genere
1022 2810 1223 2896 proponimus,

75 2933 125 2976 noa
139 2915 206 2980 ullis
225 2915 401 3000 seriptorum
421 2917 617 2980 monumentis
636 2926 833 3002 roupertum,
857 2925 908 2979 aut
927 2913 1096 2998 cuiusquam
1113 2933 1153 2978 ex
1175 2913 1225 2980 illo

75 3035 155 3100 grege
179 3039 238 3083 usu
261 3039 297 3080 ae
319 3018 531 3083 consuetudine
555 3028 736 3105 pereeptum.
782 3014 981 3100 Quamobrem
1004 3039 1070 3082 eom
1092 3039 1128 3081 ea
1151 3037 1225 3100 quae

76 3119 196 3184 dicturus
222 3141 288 3184 sum
313 3119 442 3205 plerique
467 3121 672 3201 narraverint,
696 3121 802 3184 merito
821 3120 905 3184 buius
924 3129 1024 3184 aeetae
1047 3119 1226 3184 mentione·

76 3221 190 3307 aliquan
220 3223 384 3287 laeiendam
408 3243 475 3287 esse
502 3223 659 3303 duximus,
682 3245 717 3288 ao
738 3223 804 3286 iure
824 3224 947 3287 eaodem
972 3245 1037 3288 oum
1062 3242 1153 3286 oaeoo
1176 3223 1226 3286 illo

76 3327 243 3392 animaleulo
262 3325 507 3412 comparavimus,
532 3327 607 3410 quod
625 3327 661 3388 ad
679 3326 828 3389 bominum
849 3336 998 3408 aspectum
1014 3325 1089 3390 baud
1108 3327 1149 3388 ita
1168 3327 1224 3389 lre-

76 3441 191 3512 quenter
215 3428 358 3513 erumpit,
389 3439 544 3513 propterea
568 3429 644 3512 quod
667 3426 721 3491 sub
747 3438 826 3492 terra
848 3427 1011 3506 delitescit,
1040 3427 1226 3512 indidemque

77 3531 206 3617 stirpibus
226 3541 339 3618 pestem
356 3540 444 3614 atque
461 3529 585 3594 exitium
606 3530 736 3595 molitur.
781 3527 842 3595 Sed
861 3529 1133 3616 ridieulaioprimis
1159 3531 1227 3594 bee-

74 3633 142 3698 resis
158 3634 208 3698 illa
225 3643 285 3697 est.
331 3632 379 3697 Ao
396 3631 445 3696 dio
462 3653 535 3698 sane
554 3632 702 3713 dubitavi,
727 3655 795 3698 uum
814 3653 849 3696 ea
866 3631 902 3698 ab
919 3643 1083 3698 eeterarum
1103 3653 1227 3697 numero
1339 3675 1342 3680 ,

76 3736 254 3802 excludenda
278 3755 400 3821 prorsus
421 3745 514 3799 esset.
559 3731 690 3816 Veram,
714 3735 791 3821 quad
808 3736 872 3800 eius
889 3735 919 3799 io
942 3737 1048 3800 mundo
1071 3745 1226 3820 utromque

74 3857 159 3904 sonos
175 3838 347 3918 exauditur,
372 3857 432 3902 uon
448 3837 505 3902 erit
520 3838 647 3902 auditori
664 3837 787 3925 sapienti
803 3839 976 3919 molestam,
1000 3840 1025 3902 ai
1041 3837 1101 3902 lolii
1116 3855 1228 3923 genero

75 3942 165 4005 omnia
183 3941 360 4026 cognoverit
376 3960 452 4025 quae
468 3939 498 4005 in
514 3942 587 4006 orbe
606 3951 750 4007 terrarum
768 3961 786 4006 a
802 3940 918 4006 diabolo
935 3939 1125 4006 disseminata
1145 3953 1226 4008 snut.

75 4039 142 4106 Sive
160 4043 241 4109 enim
257 4043 402 4108 eiusmodi
419 4054 467 4108 est
480 4045 594 4129 qualem
611 4044 789 4131 aoeepimns‚
814 4043 879 4108 sive
893 4065 951 4108 noo
971 4054 1028 4122 eat,
1046 4052 1144 4109 tameo
1162 4067 1226 4110 oum

75 4143 111 4207 ita
128 4145 284 4233 plerosque
299 4156 454 4213 narrantes
470 4147 660 4227 audierimus,
685 4146 780 4211 visum
799 4155 845 4214 est
861 4147 1029 4212 securitatis
1045 4127 1151 4212 baasae
1169 4171 1227 4214 non

75 4247 249 4329 absurdum,
279 4251 307 4315 si
330 4251 367 4316 de
392 4272 428 4314 ea
452 4251 583 4316 nonnihil
603 4271 777 4336 ageremus,
809 4270 903 4335 oeque
930 4251 1230 4334 praetermitteremus

75 4352 201 4435 penitus,
224 4353 340 4418 tametsi
354 4354 412 4416 iam
429 4373 533 4417 eversa
551 4355 640 4434 foret,
658 4373 713 4417 nee
729 4351 1019 4436 uspiam'resideretq
1040 4363 1134 4418 ulrum
1151 4355 1228 4418 eninr

76 4453 204 4538 supersit
219 4476 329 4534 neone,
354 4455 480 4520 nandum
501 4456 685 4541 exploratu·
704 4456 867 4520 babuimus.
913 4451 991 4540 Quid
1009 4467 1108 4520 autem
1124 4454 1229 4518 attinet

124 4567 440 4628 &nummatus
1006 4577 1026 4642 g
