3128 4930
375 249 510 302 raanan
525 245 633 302 mnu.
650 245 732 302 rom.
747 249 767 298 ι.
785 247 884 298 nana.
899 246 966 299 mr.
1189 229 1249 296 tta
1307 272 1314 282 -

92 387 128 432 eo
152 377 241 454 atque
262 367 421 434 averitale
443 379 575 434 remotos
598 379 660 447 est,
691 385 922 452 unamquamque
941 365 1096 430 dictionem
1121 365 1249 430 notionis

93 491 164 536 snae
190 493 226 534 ac
250 472 405 557 potestatis
429 471 699 556 interpretationem
725 471 831 534 babere
857 467 1055 533 coniunctam.
1099 467 1178 532 Nam
1202 469 1249 553 qui

94 575 180 637 homo
201 573 259 651 sit,
289 574 376 659 plane
398 595 415 638 a
438 573 585 659 plerisque
605 573 794 658 cognoscitur
816 571 920 657 qrribus
943 573 1017 635 baud
1039 573 1157 656 ignotus
1179 589 1248 634 esse

93 687 209 762 potest,
233 685 302 761 puta
317 676 356 740 ab
372 687 496 761 utroque
514 686 653 762 parente,
679 675 835 755 iratribus,
855 675 1006 759 cognatis,
1031 673 1249 738 contubernali·

93 778 164 857 bas,
188 777 312 856 ricinis,
336 777 449 843 civibus
467 799 500 842 ac
520 781 628 844 servis.
673 780 715 844 m
735 779 794 843 illic
811 779 956 864 scriptura
970 778 1060 840 totius
1080 777 1116 839 ab
1132 777 1182 840 illo
1200 797 1249 840 su·

92 883 185 967 saepti
206 880 318 965 negotii
336 881 506 946 miraculum
524 882 676 968 explicans
694 880 840 946 hominem
860 881 974 964 quidem
993 890 1113 966 propter
1136 901 1249 944 assum-

92 993 169 1069 ptam
186 1005 308 1048 carnem
327 983 475 1048 nominat:
499 981 571 1048 iiscc
591 1005 678 1069 porro
696 984 813 1047 verbis:
839 987 907 1061 err'e
922 995 1073 1062 cognoscet
1088 986 1191 1044 ollem?
1214 985 1249 1046 ad

91 1087 155 1151 eius
178 1086 382 1166 divinitatem,
407 1105 479 1170 quae
500 1085 706 1172 comprehendi
726 1085 844 1170 nequit,
868 1085 1069 1148 declarandam
1088 1085 1128 1147 uti
1144 1085 1247 1148 voluit.

90 1187 169 1252 Naar
188 1211 254 1252 cum
271 1193 375 1252 Filium
392 1211 470 1251 nemo
487 1193 565 1251 norit
576 1193 738 1270 nr'eipater,
763 1208 851 1269 aeque
860 1200 971 1268 patrem
988 1193 1068 1249 norit
1081 1189 1168 1261 ullus,
1193 1191 1253 1248 nt'si
1266 1190 1349 1288 {¹1⁸2}

82 1293 187 1370 filim,
212 1303 242 1353 et
256 1297 282 1352 r‘s
297 1293 504 1365 cm'reoelam't,
529 1291 680 1375 sequitur,
705 1311 742 1354 ae
758 1291 851 1376 ipsum
870 1289 1002 1373 quidam,
1026 1289 1083 1353 nisi
1102 1287 1147 1352 cui
1165 1275 1349 1390 “munifici
1369 1347 1395 1390 n

91 1393 219 1472 laverit,
244 1392 361 1457 abolla
385 1413 471 1477 posse
497 1393 648 1478 cognosci.
693 1389 833 1456 Celerum
857 1394 947 1474 patris
971 1391 1019 1455 ille
1041 1393 1086 1456 sui
1110 1412 1144 1456 ac
1166 1411 1249 1455 suam
1350 1379 1357 1403 '
1396 1381 1401 1392 ’

90 1498 165 1560 adeo
179 1495 363 1560 divinitatem
382 1507 411 1558 ct
426 1495 546 1580 gloriam
562 1496 659 1560 servis
677 1495 740 1560 suis
758 1494 958 1580 perspiritum
975 1505 1107 1558 sanctum
1124 1495 1247 1574 revelat,

91 1619 209 1664 necnon
228 1601 399 1662 allaturam
418 1597 495 1660 illam
515 1597 722 1682 sempiternam
740 1597 846 1675 vitam,
871 1597 1040 1681 reliquaque
1056 1598 1196 1682 mysteria
1216 1618 1249 1661 ac

91 1702 275 1778 doctrinam,
299 1711 386 1783 atque
404 1699 481 1763 intar
500 1710 599 1764 cetera
622 1719 721 1763 veram
741 1699 819 1764 illam
838 1719 921 1762 suam
941 1699 1191 1779 incarnationem,
1216 1721 1249 1764 ac

90 1803 336 1889 quemadmodum
361 1801 433 1866 deus
456 1823 473 1865 e
495 1802 597 1879 coelo,
622 1801 709 1865 homo
731 1821 771 1865 ex
793 1799 890 1865 Maria
912 1801 1065 1888 prodierit.

176 1904 281 1990 Pergit
295 1905 370 1968 idem
390 1904 439 1968 ille
458 1902 644 1982 Theodotus,
669 1915 699 1968 et
714 1904 750 1968 ab
768 1901 845 1968 isaia
862 1905 1005 1968 hominem
1021 1905 1101 1968 illum
1121 1925 1187 1968 csse
1205 1908 1248 1968 nl·
1268 1913 1326 1982 Cap.
1342 1917 1369 1967 vs

91 2008 202 2072 firmari
220 2008 323 2086 docet,
348 2003 393 2070 iris
407 2006 522 2070 verbisc
547 2011 636 2068 Homo
653 2009 882 2070 serenantem
900 2011 1109 2089 obfirma'totem:
1133 2021 1164 2070 et
1178 2013 1311 2070 υιιίιὲιιιι
1327 2023 1395 2080 aga

90 2131 154 2172 naas
173 2131 238 2172 enm
258 2131 424 2191 pmeusaum
445 2121 475 2171 el
491 2113 564 2170 male
580 2109 722 2171 babilam.-
752 2121 781 2170 et
800 2115 954 2188 ignominia
975 2111 1096 2194 affectus
1117 2123 1174 2184 est,
1199 2133 1250 2174 nec

91 2225 251 2294 ι’φιιιιιιιιι.
299 2209 411 2278 Verum
432 2212 577 2296 quomodo
599 2211 705 2275 iterum
725 2211 861 2294 redargui
885 2211 978 2297 possit
1002 2233 1089 2297 pecus
1112 2213 1168 2275 ista
1192 2235 1249 2279 non

92 2315 187 2379 ridet.
233 2311 349 2401 Quippe
368 2311 463 2378 lsnias
479 2314 582 2378 eodem
604 2314 634 2377 iu
658 2313 725 2378 loco
742 2314 783 2378 ita
805 2314 949 2398 loquitur:
976 2319 1117 2396 Tanquam
1135 2321 1194 2376 om'e
1214 2320 1320 2378 odram
1333 2331 1353 2374 ι,

93 2423 260 2480 mononem
284 2421 385 2480 dactus
401 2428 460 2491 est,
485 2427 514 2477 et
528 2429 560 2477 ut
575 2435 669 2496 agnata
689 2437 784 2478 eoram
801 2421 931 2478 tondente
951 2437 982 2478 ae
996 2428 1105 2491 matur,
1129 2423 1173 2478 sr'e
1193 2439 1249 2480 non

92 2525 187 2602 aperit
203 2542 236 2582 aa
249 2541 341 2582 saum.
376 2523 411 2581 Ιιι
426 2521 585 2582 bumr'b'tate
599 2522 687 2600 e'prr‘as
702 2522 835 2582 r'adr'cr‘am
851 2523 911 2580 eius
925 2520 1065 2580 sublatam
1081 2529 1133 2579 est.
1170 2517 1248 2584 Sub·

94 2623 155 2688 iicir
177 2623 302 2686 deinde:
334 2625 545 2684 Graecatiorem
569 2626 631 2684 eius
650 2627 714 2704 prela
736 2624 902 2684 enarrabit?
930 2625 1059 2702 quoniam
1084 2624 1196 2684 tollitur
1216 2626 1251 2684 de

95 2737 172 2787 terra
190 2727 331 2787 bominum
350 2729 407 2786 cita
422 2733 492 2786 cias.
539 2721 610 2787 Nou
627 2724 712 2802 dixit,
741 2728 862 2786 Tolb'tra·
878 2729 935 2786 urta
953 2728 1024 2798 ee'rar,
1048 2725 1114 2805 sed,
1138 2729 1186 2787 Ida
1200 2729 1250 2788 bu-

93 2829 229 2903 emtas,
255 2826 372 2890 adiecit.
418 2821 493 2891 Cam
514 2827 591 2890 enim
610 2823 740 2890 Verbum
756 2838 897 2912 perpetuo
916 2827 1008 2906 vivat,
1031 2837 1118 2912 atqua
1137 2826 1166 2891 in
1182 2847 1249 2892 scsc
1276 2861 1280 2870 Δ

94 2931 183 2993 sitam
209 2929 332 3008 babeat,
355 2947 478 3012 eamque
500 2927 538 2992 iis
562 2929 610 3012 qui
633 2949 700 2992 sese
720 2941 818 2996 ament
834 2929 999 3014 impertiat,
1023 2951 1064 2994 ex
1086 2931 1249 2994 hominibus

95 3043 137 3095 est
160 3031 241 3098 illius
263 3031 378 3116 quidem
398 3029 460 3094 vita
481 3030 615 3110 stellata,
638 3030 701 3116 ipsc
719 3043 815 3096 manen
834 3032 1026 3097 nihilomiuus
1048 3045 1094 3098 est
1115 3033 1175 3097 vita
1199 3052 1251 3118 par

95 3153 171 3198 scae.
219 3131 352 3196 Verbum
376 3133 454 3196 enim
477 3131 538 3196 rita
559 3143 622 3210 est,
646 3133 838 3218 omnibusque
859 3134 907 3218 qni
931 3136 1051 3198 cerain
1074 3155 1107 3199 sc
1130 3146 1252 3222 sperant

95 3236 181 3301 vitans
208 3235 344 3320 largitur.
390 3232 477 3318 Quod
501 3245 598 3298 antem
620 3235 759 3321 scriptum
781 3248 842 3300 estc
875 3242 1084 3300 Germare'onem
1106 3244 1167 3300 ciue
1186 3243 1251 3320 preda

96 3339 257 3400 manabit:
281 3336 308 3401 si
327 3337 412 3400 ircano
430 3337 524 3402 nudus
542 3345 656 3402 essct'a
673 3335 772 3403 Maria
790 3341 924 3422 genitus,
948 3339 1025 3404 illius
1044 3340 1142 3425 utique
1160 3361 1250 3424 gone-

97 3441 167 3504 ratio
186 3449 328 3504 enarratu
345 3441 437 3504 facilis
456 3450 548 3504 essct.
580 3437 641 3504 Sed
658 3440 794 3525 quoniam
813 3453 881 3506 anta
894 3439 1035 3506 Davidem
1050 3453 1097 3507 cst
1113 3455 1141 3506 et
1155 3443 1250 3506 Abra·

99 3541 226 3607 bamamc
256 3543 403 3605 Abrabam
423 3546 494 3604 caim
514 3554 600 3624 pater
616 3556 718 3618 uerter,
748 3545 857 3628 inquit,
886 3551 1046 3628 concupibit
1063 3551 1157 3609 uuidere
1176 3549 1408 3616 bremonense.

98 3666 191 3708 ιιιιιιιι.
241 3649 335 3720 taret,
359 3656 389 3706 et
402 3649 521 3725 garrias
536 3657 594 3706 est:
620 3647 654 3709 ad
676 3645 748 3710 baec
765 3645 937 3711 mirantibus
949 3648 1006 3710 illia
1024 3658 1054 3711 et
1072 3647 1246 3726 dicentibus,

100 3750 307 3830 Qamquaginta
325 3769 414 3809 aanor
431 3751 553 3810 nondum
573 3749 674 3824 babes,
698 3762 727 3811 ct
740 3751 888 3812 Abrabam
912 3755 1026 3812 ordrici?
1055 3751 1090 3813 ad
1109 3749 1249 3812 'lirendo-

100 3859 154 3913 tam
181 3871 239 3914 una
265 3871 331 3912 cum
355 3849 514 3914 incredulis
534 3852 676 3934 deumque
699 3852 874 3936 negantibus
901 3849 1018 3916 ludaeis
1043 3853 1246 3932 resedendum,

99 3949 136 4013 ita
148 3952 319 4039 respondite
342 3958 434 4014 Amen
446 3973 527 4014 amen
541 3957 606 4015 de'co
620 3956 707 4030 cota,
727 3961 857 4034 quomam
870 3967 936 4018 ante
946 3956 1092 4017 Abrabam
1107 3975 1160 4034 ego
1173 3977 1245 4018 ιιιιιι.

100 4048 176 4118 llere
193 4055 337 4139 siqnidem
355 4065 422 4118 ante
436 4055 634 4120 Abrabamnm
650 4055 760 4118 extitit.
800 4053 863 4120 imo
880 4067 948 4119 arete
962 4053 1110 4119 Nodmum
1126 4069 1154 4120 el
1168 4058 1248 4121 Adn-

102 4175 185 4235 nam,
208 4168 278 4221 ante
293 4157 430 4222 mundum
444 4157 538 4242 ipsum
554 4177 589 4222 ac
603 4157 729 4234 coelum,
753 4168 821 4221 ante
837 4158 936 4222 mandi
951 4169 1076 4242 tempas,
1100 4171 1169 4224 ante
1184 4160 1248 4224 uni-

99 4277 224 4340 versam,
249 4281 286 4324 ac
299 4259 436 4344 quicquid
450 4270 498 4324 est
512 4261 632 4325 omniuo
646 4269 788 4324 creatum.
819 4257 966 4344 Quocirca
983 4263 1123 4348 temporis
1139 4283 1249 4348 expers

100 4411 159 4478 dia.)
174 4412 218 4466 nol
233 4413 390 4480 κτισμάτων.
417 4416 529 4466 Petuntur
542 4418 656 4466 cmraclt:
689 4417 773 4466 namur
786 4419 868 4466 uertit:
885 4423 911 4466 et
927 4425 1093 4484 anterempos
1110 4415 1205 4478 mandi,
1223 4423 1249 4464 et

99 4477 146 4544 aad
160 4480 256 4548 κόσμοι
270 4480 365 4543 παντὸς
378 4480 424 4536 aad
437 4499 476 4538 ιιι.
503 4483 574 4534 abab.
590 4485 656 4534 car·
690 4495 749 4534 aare
765 4483 893 4548 universa,
913 4495 939 4536 ea
954 4495 1013 4536 ante
1030 4495 1162 4538 οιιειιιιιιι.
