3168 4926
345 243 386 308 64
767 255 891 306 ειαστι
909 253 1081 306 εειειτιαιι

344 367 435 454 άστήρ
457 367 524 453 άχρι
546 377 602 435 τοῦ
621 368 717 436 τόπου
735 362 772 436 σίν
788 364 827 455 ἦν
842 373 905 437 ἐκεῖ
917 370 950 438 τό
968 375 1104 450 παιδίον,
1134 371 1186 436 καί
1202 367 1380 447 είςελθόντες
1396 370 1437 446 είς
1450 365 1500 435 τόν

345 469 429 538 οίκον
446 465 534 558 εὗρον
549 469 580 538 τό
598 474 711 556 βρέφος
725 472 798 554 μετά
812 478 952 558 Μαρίας,
975 472 1074 541 οιίκέτι
1087 475 1119 540 ἐν
1132 472 1246 563 φάτνη,
1270 470 1369 538 ούκίτι
1384 475 1415 538 έν
1429 494 1500 554 σπη-

343 553 433 664 λαίῳ,
461 572 519 639 άλλ’
541 577 573 640 έν
594 577 681 664 οἴκῳ·
714 579 764 641 ’ίνα
787 585 909 666 γνωσθῇ
931 584 986 658 τῆς
1000 574 1142 659 άληθείας
1163 573 1351 658 ηύκρίβεισι,
1381 577 1431 641 καλ
1448 580 1500 640 τοῦ

344 677 453 764 χρόνον
467 685 527 742 τῶν
542 675 598 742 δύο
614 679 690 742 ἐτῶν
703 676 736 744 τό
753 677 914 762 διάστημα,
937 681 1085 745 τουτέστιν
1102 678 1204 756 ἐξότον
1219 677 1365 763 ἐγεννήθη
1383 679 1438 754 ἕως
1453 676 1501 742 ὅτε

258 823 261 830 ,
343 782 538 866 παρεγένοντο
555 783 586 845 οί
601 778 716 865 Μάγοι.
749 783 810 846 Καὶ
827 780 890 846 κατ’
906 785 1020 864 ἐκείνην
1034 780 1089 864 τήν
1104 779 1205 861 νύκτα,
1228 779 1301 864 μετά
1315 779 1370 846 δύο
1387 783 1435 862 ἐτη
1450 787 1502 862 τῆς

344 882 521 970 γεννήσεως,
545 880 638 964 όίφθη
655 879 673 949 ό
690 881 825 969 ύγγελος,
848 886 899 949 καὶ
916 881 980 948 είπε
995 889 1177 970 παραλαβεῖν
1193 883 1226 949 τό
1245 887 1365 949 παιδίον
1379 884 1430 948 καλ
1446 880 1501 964 τήν

344 989 454 1072 μητέρα
470 988 512 1060 είς
524 992 580 1071 γῆν
589 984 760 1070 ,Αἰγύπτου
793 984 850 1051 Διό
865 983 963 1052 ούιιέτι
977 984 1085 1070 ’ίωσήφ
1101 985 1286 1070 άνακοίμπτει
1301 989 1344 1062 είς
1359 985 1500 1068 Ναζαρέτ,

345 1087 415 1154 άλλά
438 1087 650 1174 άποδιδράσιιει
672 1087 734 1172 όίμα
757 1095 797 1177 τῷ
820 1091 907 1154 παιδί
928 1091 979 1154 καί
1003 1097 1039 1178 τῇ
1059 1091 1147 1175 μητρὶ
1165 1087 1258 1155 αύτοῦ
1281 1092 1322 1165 είς
1337 1091 1501 1173 Αίγυιττυν,

343 1195 395 1257 καί
414 1189 485 1256 ίίλλα
504 1190 559 1257 δύο
576 1193 625 1274 έτη
646 1201 725 1258 ποιεῖ
742 1193 842 1270 ἐκεῖσε.
887 1194 948 1258 Καί
966 1190 1063 1267 οὕτως
1079 1194 1169 1258 πάλιν
1191 1187 1209 1257 ό
1226 1190 1345 1278 ίίγγελος
1361 1189 1431 1274 μετά
1449 1187 1502 1273 ’την

343 1303 397 1362 τοῦ
415 1292 552 1379 Ἡροόδου
573 1292 708 1376 τελευτὴν
729 1297 896 1381 ἐπιστρέφει
917 1294 969 1360 τόν
991 1291 1082 1360 αύτδν
1103 1298 1135 1360 ἐν
1155 1302 1191 1385 τῇ
1211 1293 1349 1382 Ἰουδαίῳ.

223 1426 274 1471 ηις.
287 1413 331 1458 εει.
435 1403 483 1486 Τῳ
507 1393 562 1482 γάρ
586 1402 859 1486 τριακοστῳτρίτῳ
881 1400 938 1462 ἐτει
959 1405 1012 1463 τοῦ
1032 1394 1166 1482 Ἡροίδου
1188 1404 1325 1483 γεννᾶται
1347 1393 1365 1461 ό
1385 1393 1501 1479 κύριος·

344 1505 504 1587 τριακοστῷ
520 1501 643 1587 πέμπτῳ
660 1491 756 1582 ἦλθον
774 1503 807 1566 οί
818 1499 937 1586 Μάγοι·
960 1507 1122 1589 τριακοστῷ
1137 1498 1257 1588 έβδόμῳ
1274 1502 1332 1566 ίτει
1346 1505 1462 1585 τελευτᾷ
1483 1493 1502 1562 ό

343 1600 492 1688 Ἡρώδης,
524 1602 574 1668 καί
594 1605 754 1685 διαδέχεται
770 1600 924 1687 Ἀρχέλαος
942 1600 1008 1678 υἱός
1025 1601 1118 1668 αύτυῦ
1133 1601 1168 1668 τό
1184 1607 1345 1690 βασίλειον,
1377 1598 1503 1682 ποιήσας

344 1707 395 1788 ἐτη
411 1706 494 1770 ἐννέα
511 1703 690 1786 βασιλεύων,
720 1704 859 1791 καθάπερ
873 1731 925 1787 μοι
939 1708 971 1771 ἐν
985 1705 1083 1782 άλλοις
1098 1704 1203 1781 τόποις
1218 1708 1338 1790 εἴρηται.
1383 1699 1501 1785 Ἀνεχοί-

344 1829 433 1892 ρησεν
447 1799 502 1872 οὖν
518 1804 649 1883 άκούσας
665 1810 730 1894 περί
748 1806 914 1892 Ἀρχελάου,
936 1809 987 1874 καὶ
1003 1807 1101 1875 ἐλθιόν
1115 1807 1286 1898 κατῴκησεν
1302 1809 1344 1883 είς
1361 1809 1502 1888 Ναζαρέτ.

345 1912 407 1976 Καὶ
424 1911 540 1974 ἐκεῖθεν
556 1909 644 1974 πάλιν
661 1908 725 1976 κατ’
741 1912 806 1987 ἐτος
824 1908 909 2000 άνῄει
926 1914 969 1988 είς
983 1908 1179 1996 Ἰερουσαλήμ.
1222 1907 1312 1998 Ὁρᾷς
1328 1907 1385 1992 ὅση
1400 1907 1504 1994 τυγχά-

344 2038 386 2078 νει
401 2010 536 2096 άκρλβεια
549 2014 580 2078 ἐν
594 2021 656 2088 τοῖς
670 2017 768 2089 θείοις
782 2011 975 2100 εὐαγγελίοις,
998 2016 1066 2100 περὶ
1080 2012 1203 2096 ἑκάστης
1217 2015 1415 2098 πραγματείας
1420 2039 1430 2090 ς
1466 2015 1507 2076 Oi

345 2115 377 2180 δέ
393 2111 498 2203 άγνοίῳ
515 2113 691 2200 φερόμενοι,
719 2115 771 2180 τόν
787 2117 900 2181 ἑαυτῶν
914 2123 987 2182 νοῦν
1003 2114 1219 2195 σκοτάσαντες,
1242 2111 1298 2181 ούκ
1313 2118 1394 2180 λ’σασι
1408 2111 1442 2179 τό
1459 2115 1503 2178 τέ-

344 2225 394 2294 λος
409 2215 534 2282 ἑκάστου
550 2215 656 2302 λόγου,
687 2215 758 2284 άλλοί
774 2216 874 2294 ἅπλῶς
895 2216 970 2283 κατά
990 2225 1050 2284 τοῖν
1067 2215 1159 2304 άγίων
1175 2221 1332 2304 ἐπαίρουσι
1346 2215 1380 2283 τό
1398 2215 1504 2298 στόμα,

343 2323 395 2388 καί
411 2328 518 2405 χαλῶσι
535 2319 589 2403 τὴν
608 2327 752 2405 γλῶτταν,
782 2321 874 2404 μηδέν
895 2322 948 2403 μὲν
963 2323 1093 2406 λέγοντες
1110 2323 1143 2388 ἐν
1158 2318 1300 2409 α’ληθείῳ,
1329 2318 1455 2396 ἑαυτούς
1472 2319 1504 2384 δέ

342 2431 396 2508 τῆς
416 2431 493 2508 ζωῆς
515 2420 742 2510 άλλοτριούντες.

419 2626 533 2694 Ἔνθεν
548 2622 604 2694 οὖν
625 2627 644 2694 ό
660 2637 801 2710 Λουκᾶς,
829 2627 901 2712 μετά
918 2627 951 2695 τό
969 2625 1170 2714 διηγήσασθαι
1187 2626 1222 2694 τά
1237 2635 1341 2713 προέτω
1353 2625 1443 2692 πάλιν
1461 2629 1505 2694 λέ-

342 2753 402 2816 γει,
430 2737 494 2808 ποΞς
512 2732 544 2796 ἐν
557 2737 598 2820 τῷ
614 2729 770 2820 δωδεκάτῳ
784 2733 840 2796 ίτει
858 2730 986 2814 ἀνῆλθεν
1000 2735 1043 2808 είς
1055 2729 1257 2816 Ἰερουσαλήμ·
1285 2733 1336 2796 ’ίνα
1350 2727 1392 2813 μή
1407 2755 1505 2812 παρα-

342 2835 432 2921 λείψη
453 2830 549 2898 τόπον
570 2842 633 2909 τοῖς
649 2837 805 2915 νομίσωσιν
825 2831 918 2899 αὐτόν
933 2831 1035 2910 άπλοῖς
1051 2832 1145 2921 ίίνδρα
1161 2835 1270 2900 τέλειον
1286 2836 1318 2899 ἐν
1332 2835 1438 2920 κόσμῳ
1452 2856 1505 2896 πε-

342 2935 485 3016 φηνέναι,
506 2937 558 2999 καί
572 2937 614 3011 είς
629 2933 682 3000 τόν
695 2932 848 3019 Ἰορδάνην
861 2934 938 3022 πρός
952 2936 1004 3002 τόν
1018 2934 1164 3020 Ἰωάννην
1178 2932 1298 3019 ἦκέναι,
1321 2931 1361 3012 οίς
1374 2931 1506 3018 ύπεβλη-

341 3045 385 3117 θη
407 3033 468 3100 ύπό
492 3041 650 3123 Κηρίνθου
670 3040 722 3102 καὶ
741 3035 897 3120 Ἐβίωνος,
920 3040 972 3104 καλ
991 3045 1051 3104 τῶν
1074 3038 1175 3105 άλλωυ.
1220 3036 1327 3113 Δεινός
1347 3035 1404 3123 γάρ
1430 3035 1507 3117 όφις

342 3145 495 3221 σκαληνολς
510 3143 672 3222 διαβαίνων
687 3143 719 3206 ἐν
736 3147 788 3228 μιᾷ
804 3139 908 3230 γνοίμη
922 3138 976 3224 ούχ
989 3145 1117 3208 ίδταται·
1140 3139 1212 3206 ύλλά
1226 3150 1290 3217 τοῖς
1303 3140 1356 3224 μέν
1371 3143 1458 3204 δοκεῖ
1470 3141 1506 3204 ἐκ

342 3244 528 3342 παρῳτρεβῆἐ
550 3245 601 3309 καί
620 3245 787 3328 σπέρματος
805 3241 914 3328 άυδρός
931 3251 1125 3330 γεγενῆσθαι,
1153 3253 1219 3320 τοῖς
1239 3241 1265 3308 δ’
1286 3241 1383 3318 άλλοις
1399 3239 1507 3317 ἅπλῶς

343 3341 507 3428 ἅνθρωπος
530 3347 699 3428 πεφηνέναι.
744 3344 801 3412 Διό
819 3344 895 3412 κατά
919 3345 952 3412 τό
973 3346 1077 3413 λεπτόν
1099 3346 1134 3412 τά
1149 3347 1249 3412 πάντα
1264 3345 1452 3431 διηγούμενοι
1473 3347 1509 3410 οί

342 3445 421 3532 άγιοι
438 3444 635 3533 εύαγγελισταλ
651 3446 886 3535 άκριβολογαύσι.
931 3451 993 3514 Καὶ
1008 3449 1097 3531 φύσει
1112 3448 1131 3517 ό
1145 3456 1285 3528 Λουκᾶς,
1315 3445 1356 3524 τίς
1370 3446 1430 3514 άπό
1446 3447 1505 3513 κά-

339 3559 440 3614 τωθεν
461 3551 511 3614 ἐπὶ
533 3548 569 3614 τά
591 3549 653 3616 ίίυω
677 3548 834 3638 άναφέρων
854 3549 908 3635 τὴν
930 3552 1081 3633 διάνοιαν,
1110 3551 1232 3634 φάσκει,
1257 3543 1314 3616 Ἦν
1335 3551 1367 3616 δέ
1380 3547 1508 3632 Ἰησοῦς

340 3651 502 3738 οίρχόμενος
519 3649 594 3718 εἶναι
612 3650 652 3728 ιίς
671 3655 744 3718 ἐτῶν
760 3653 934 3737 τριάκοντα,
958 3653 1000 3720 οίν
1017 3653 1098 3732 υίός,
1122 3652 1163 3730 οἱς
1181 3657 1341 3736 ἐνομίζετο,
1363 3657 1417 3718 τοῦ
1433 3649 1506 3718 Ἰω-

342 3754 412 3837 σήφ.
461 3753 501 3821 Τό
521 3755 553 3820 δέ
569 3759 741 3837 νομίζεσθαι
756 3753 813 3822 σύιι
829 3755 950 3839 άληθῶς
964 3759 1056 3823 ἐστιν·
1086 3755 1157 3822 άλλά
1174 3759 1207 3822 ἐν
1222 3755 1300 3834 τάξει
1317 3755 1370 3837 μέν
1385 3753 1509 3838 πατρός

344 3856 497 3941 ἐτύγχανεν
511 3855 530 3923 ό
546 3855 676 3938 Ἰωσὴφ,
699 3856 748 3922 διά
766 3856 799 3924 τό
814 3857 909 3936 οὕτως
922 3865 962 3947 τῳ
977 3865 1040 3948 θεῷ
1056 3858 1211 3940 δεδόχθαι·
1234 3857 1290 3924 ούκ
1305 3849 1343 3940 ἦν
1356 3857 1389 3924 δέ
1401 3855 1508 3942 πατὴρ

343 3953 362 4020 ό
378 3958 419 4040 μή
434 3958 510 4046 πρός
524 3959 578 4043 τήν
592 3958 722 4043 Μαριάμ
738 3959 868 4043 ἐσχηκός
882 3961 1056 4042 συνάφειαι,
1077 3959 1099 4043 ἢ
1114 3959 1207 4044 μόνον
1219 3959 1266 4027 ότι
1281 3957 1357 4046 ύνηρ
1373 3957 1508 4042 ἐκλήθη,

343 4057 394 4122 διά
415 4058 449 4124 τό
471 4069 691 4146 μεμνησιεῦθαι
713 4062 880 4149 πρεσβύτης
900 4066 976 4130 ἐτοῖν
995 4061 1182 4148 ὀγδοήκοντα
1201 4060 1351 4149 τυγχάνων
1368 4067 1461 4128 πλείω
1486 4061 1510 4146 ἢ

344 4158 470 4240 ἐλάσσω,
500 4169 552 4229 καί
574 4168 648 4249 ἔχων
667 4164 753 4242 υἱούς
773 4170 823 4244 ἐξ,
853 4163 912 4232 άπό
934 4173 988 4249 τῆς
1009 4164 1102 4243 ὅντως
1117 4163 1211 4232 αύτοῦ
1227 4172 1355 4252 γαμετῆς
1368 4163 1508 4250 πραότης,

344 4261 398 4345 τὴν
413 4261 495 4330 δέδι’
511 4269 686 4353 οἰκονομίαν
697 4266 904 4354 παρειληφός,
927 4266 967 4346 οίς
981 4271 1031 4335 καί
1048 4267 1118 4352 άλλη
1133 4293 1194 4333 που
1209 4265 1417 4354 άιιριβίστερον
1433 4269 1510 4354 περὶ
