3128 4930
337 221 398 284 160
761 231 883 284 σισοτι
901 229 1071 284 mmmm

210 349 279 420 Κεφ·
294 349 324 414 ί·
422 345 525 434 Ὁρᾶτε
536 345 613 434 ’γδρ,
637 339 663 412 οἰ
679 345 785 434 ἰίνδρες
799 345 937 430 ἰδιλφοί,
960 355 1025 425 παῖς
1040 345 1188 435 αἰνότερον
1203 343 1283 414 εἶπεν
1299 343 1321 430 ἤ
1337 349 1409 414 θεία
1425 373 1491 432 γρα-

337 448 399 534 φῆ,
421 457 532 534 μᾶλλον
554 450 587 515 δέ
605 448 697 527 αὗτδς
715 447 866 536 όκόριος,
889 447 931 528 οἰς
948 453 1005 535 ἐγει
1022 446 1042 534 ἤ
1060 448 1134 537 οἰρχῆ
1152 456 1206 517 τοῦ
1225 455 1389 532 κεφαλαίου
1409 448 1495 528 (ὅθεν

337 556 388 620 καί
406 553 535 619 δεικτέον
551 554 603 618 ἐπὶ
621 555 720 635 πόσης
736 554 768 618 έν
784 551 864 643 αὐτῷ
879 560 920 642 τῷ
937 557 1087 643 κεφαλαίῳ
1103 551 1246 636 ἀληθείας
1263 579 1292 619 τε
1310 554 1362 618 καὶ
1383 548 1496 617 διτοθέ-

337 665 421 740 σεως)
442 653 504 736 ότι,
533 652 723 740 Ἐρωτῆσατί
746 681 781 738 με
800 657 868 745 περί
887 662 946 722 τῶν
963 659 1037 722 υἰοίυ
1061 681 1136 738 μου,
1158 658 1210 722 καί
1230 662 1290 722 τοῖν
1310 655 1495 740 θυγατέρων,

337 760 389 826 καί
404 766 463 825 τῶν
482 761 575 844 ἐργων
592 763 650 824 τῶν
665 765 771 844 χειροῖν
785 785 845 842 μου
860 760 1029 824 ἐντείλασθί
1043 785 1103 842 μοι.
1145 756 1227 846 Ἐγοδ
1245 760 1387 841 ἐποίησα,
1408 758 1496 839 φησί,

338 860 391 944 τῆν
408 869 481 948 γῆν,
503 862 554 926 καί
577 857 743 947 ἄνθρωπον
761 859 806 927 ἐπ’
823 858 930 944 αὐτῆς,
952 859 1009 946 έγοί
1032 869 1069 952 τῇ
1092 868 1163 947 χειρί
1184 888 1243 944 μου
1263 861 1423 945 ίστερίωσα
1445 857 1497 925 τόν

338 961 485 1049 οόρανόν,
508 960 565 1050 ἐγοί
578 970 657 1051 ,πᾶσι
672 972 735 1040 τοῖς
750 961 869 1048 ἰίστροις
885 963 1085 1048 ἐνετειλάμην,
1108 961 1165 1050 ἐγοί
1179 962 1282 1051 ἤγειρα
1297 960 1368 1047 μετδ
1384 966 1497 1028 δικαιο-

216 1085 266 1134 m·
280 1074 326 1122 Β·
339 1065 432 1150 σόνης
448 1069 584 1149 βασιλέα,
607 1069 658 1132 καί
679 1074 772 1134 πᾶσαι
795 1070 829 1131 αἱ
849 1063 916 1132 όδοί
939 1063 1032 1132 αὐτοῦ
1048 1065 1177 1132 εὐθεῖαι·
1201 1059 1289 1144 οὗτος
1305 1063 1498 1149 οἰκοδομήσει

337 1167 391 1253 τῆν
407 1167 493 1236 πόλιν
511 1195 587 1253 μου,
609 1170 661 1234 καί
676 1167 730 1252 τῆν
746 1170 943 1252 αἰχμαλωσίαν
961 1171 1147 1254 ἐπιστρέψει,
1169 1166 1208 1235 οιί
1224 1167 1295 1253 μεταί
1311 1171 1439 1256 λύτρων,
1462 1164 1499 1234 οὐ

339 1268 411 1356 μετδ
435 1270 559 1359 δόρατι,
585 1268 649 1337 εἰπε
673 1270 778 1356 κύριος
799 1270 946 1355 Σαβαοίθ.
991 1267 1068 1336 Είτα
1090 1269 1213 1350 λοιπόν,
1240 1269 1424 1338 Ἐκοτιίαστν
1444 1273 1499 1335 Αἰ-

341 1399 454 1460 γυπτος
469 1375 519 1440 καί
536 1377 569 1442 αί
584 1377 723 1462 έρπορίαι
738 1372 911 1455 Αἰθιόπων,
933 1377 985 1440 καί
1001 1373 1037 1440 ταί
1052 1376 1127 1458 ἑξῆς,
1151 1373 1197 1441 ὅτι
1211 1377 1243 1441 ἐν
1257 1377 1306 1440 σοί
1319 1373 1395 1451 θεός
1411 1377 1498 1440 ἐστιν.

339 1476 397 1543 Ἐν
412 1481 471 1543 τίνι
487 1478 519 1542 δί
536 1481 682 1561 φαίημεν,
705 1474 764 1544 ἄλλ’
782 1473 804 1560 ἤ
825 1478 857 1544 ἐν
878 1483 918 1566 τῷ
940 1475 1068 1568 πατρρίςο
1089 1475 1166 1568 λόγῳ
1173 1505 1182 1556 5
1215 1479 1275 1543 Καί
1296 1476 1352 1563 γόρ
1376 1474 1499 1560 ιίληθιις

339 1578 413 1656 θεός
429 1578 517 1666 λόγος
535 1576 554 1645 ό
572 1578 655 1656 υίδς,
677 1582 729 1645 καί
751 1581 783 1646 ἐν
803 1577 884 1668 αὐτῷ
905 1576 923 1645 ό
944 1578 1042 1666 πατῆρ
1064 1579 1250 1666 γινώσκεται·
1282 1576 1324 1656 οίς
1345 1581 1440 1666 λέγει,
1468 1576 1499 1643 ‘0

341 1681 483 1770 έοιραποδς
499 1683 549 1765 ἐμέ
565 1681 695 1768 ἑόρακεν
710 1681 763 1750 τόν
781 1683 908 1768 πατέρα,
930 1685 996 1764 καί,
1021 1681 1103 1770 Ἐγοί
1126 1681 1251 1761 ἐδόξασό
1268 1705 1324 1750 σου
1345 1680 1380 1748 τδ
1403 1680 1499 1766 ὄνομα

340 1788 388 1852 ἐπί
404 1793 458 1869 τῆς
473 1793 535 1872 γῆς.
580 1783 657 1850 Είτα
674 1783 771 1852 πόλιν.
783 1787 845 1867 ότι,
873 1782 954 1870 Ἐγοί
976 1783 1079 1872 ἤγειρα
1098 1785 1226 1868 βασιλέα.
1271 1783 1333 1869 Θόη
1354 1782 1433 1874 δρᾷς
1454 1783 1500 1864 ότι

340 1887 427 1971 φωνή
448 1889 507 1954 ἐστι
531 1884 680 1972 πατρδςῆ
700 1886 868 1968 ίδιόζουσα,
896 1885 917 1971 ἤ
937 1890 1089 1975 ἐγείρουσα
1111 1891 1141 1966 έξ
1162 1885 1254 1972 αὐτῆς
1276 1887 1329 1955 τόν
1351 1885 1499 1972 όληθινδν

341 1989 431 2076 λόγον
446 1991 567 2073 βασιλέα
586 1992 635 2057 ἐπί
653 1989 781 2072 πάντας,
802 1989 856 2058 τδν
874 1993 905 2068 ἐξ
921 1989 1015 2056 αὐτοῦ
1037 1987 1188 2074 ἀληθινοῖς
1208 1992 1389 2076 γεννηθέντα
1409 1987 1500 2075 οἰνόρ·

342 2119 400 2176 χοις
416 2095 465 2160 καί
487 2089 635 2179 α’γρόνωςς
659 2091 693 2170 ὃς
709 2096 759 2160 καί
775 2091 872 2180 ἤγειρε
886 2092 976 2160 πόλιν
991 2090 1083 2159 αἰτόν
1100 2092 1154 2159 τόν
1174 2095 1309 2180 βασιλέα,
1330 2089 1375 2169 οός
1389 2093 1468 2178 λέγει
1482 2088 1499 2156 ό

342 2195 427 2282 όγιος
444 2191 625 2275 ἀπόστολος,
647 2193 788 2277 φάσκων,
810 2197 854 2262 Εἰ
870 2196 902 2262 δέ
918 2193 951 2261 τδ
973 2203 1090 2279 πνεῦμα
1106 2203 1161 2261 τοῦ
1181 2199 1345 2282 ἐγείραντος
1366 2193 1500 2280 Χριστόν

342 2300 376 2364 ἐκ
390 2304 504 2385 νεκρῶν
519 2300 597 2364 οἰκεῖ
608 2300 640 2363 ἐν
655 2295 743 2382 δμῖν,
765 2295 783 2364 ό
799 2301 912 2384 έγείρας
930 2297 1059 2383 Χριστόν
1076 2301 1109 2366 έκ
1126 2303 1238 2384 νεκρῶν
1254 2298 1432 2382 ζωοποιήσει
1448 2299 1499 2364 καί

341 2401 378 2467 τδ
399 2398 498 2486 θνητοί
522 2401 642 2485 στόματα
663 2397 766 2484 δμῷν,
796 2398 847 2466 διαί
870 2408 924 2466 τοῦ
947 2404 1138 2478 ἐνοικοῦντος
1158 2399 1326 2486 πνεόματος
1348 2398 1445 2466 αἰτοῦ
1469 2403 1495 2467 ἐν

341 2502 426 2587 ὑμῖν·
450 2503 532 2580 ὅπως
548 2503 662 2595 συνᾴδη
686 2502 723 2570 τό
742 2501 914 2589 προφητικδ
933 2511 995 2580 τοῖς
1011 2501 1232 2583 α’ποστολιιιοῖς,
1252 2505 1304 2570 καί
1320 2502 1357 2570 τό
1370 2501 1498 2571 οἰποστο-

342 2605 408 2674 λιιιδ
429 2615 492 2683 τοῖς
510 2603 722 2693 εόαγγελιιιοῖς,
749 2608 801 2673 καί
821 2603 858 2672 τοί
878 2603 1049 2692 εἰαγγελικδ
1064 2615 1128 2684 τοῖς
1142 2604 1361 2688 σίποστολικοῖς,
1388 2609 1443 2673 καί
1464 2605 1499 2672 τί

344 2707 523 2776 οἰτιοστολικοί
544 2719 607 2786 τοῖς
629 2718 837 2792 προφητικοῖς.
889 2706 985 2789 Εἰτα,
1007 2707 1140 2794 ’Ἢγειρα
1163 2711 1297 2792 βασιλέα·
1327 2710 1378 2775 καί
1399 2702 1462 2776 τόδε
1483 2705 1500 2774 ό

341 2815 463 2898 ἐγείρων
481 2811 610 2896 Χριστόν
629 2815 662 2880 ἐκ
684 2819 804 2896 νεκρῶν.
853 2819 865 2858 ¹
882 2810 920 2876 Τό
940 2812 988 2891 δέ,
1018 2807 1075 2877 Ἐν
1093 2813 1140 2878 σοί
1159 2811 1233 2889 θεός
1254 2815 1349 2892 ἐστιν,
1377 2809 1421 2889 οἷς
1444 2839 1498 2896 μυ·

344 2918 514 2999 στηριωδαῖς
534 2911 569 2978 τό
584 2912 682 2980 πιόντα
694 2918 749 2981 καί
761 2917 940 2997 θαυμασίως
952 2917 1094 3001 διηγεῖται
1110 2911 1132 2999 ἤ
1146 2919 1218 2982 θεία
1235 2915 1347 3002 γραφῆ.
1382 2912 1499 2998 Ὥςπερ

226 3043 229 3052 ’
342 3014 399 3103 γόρ
421 3019 453 3084 ἐν
471 3023 534 3106 ναῷ
554 3018 612 3082 ’δέν
631 3018 718 3100 σαρκί
739 3022 928 3104 προεωρᾶτο,
956 3018 1007 3082 καί
1029 3019 1292 3104 προκατηγγέλλετο
1308 3024 1345 3108 τῇ
1366 3023 1428 3084 τοῖν
1449 3015 1498 3084 οἰν-

342 3118 481 3205 θροίπων
498 3121 609 3196 ἐλπίδι,
632 3117 683 3185 διδ
697 3126 751 3204 τῆς
765 3117 843 3205 πρός
857 3115 909 3184 τόν
921 3116 995 3194 θεόν
1010 3121 1190 3206 ἰπιστροφῆς
1204 3117 1225 3204 ἤ
1239 3119 1358 3203 θεότης.
1391 3117 1426 3185 ‘O
1442 3119 1499 3206 γδρ

343 3220 410 3298 υίδς
425 3227 478 3287 τοῦ
494 3227 569 3287 θεοῦ
586 3219 659 3298 θεός
679 3221 765 3307 λόγος
787 3219 829 3298 τός
849 3225 881 3288 ἐν
897 3220 980 3287 πόλει
995 3219 1065 3312 όγίρι
1082 3224 1134 3289 καί
1152 3225 1184 3290 ἐν
1201 3229 1262 3312 ναῷ
1286 3219 1376 3312 όγίφ,
1399 3224 1499 3288 τουτί·

344 3344 407 3389 στιν
422 3325 455 3389 ἐν
471 3329 507 3413 τῇ
524 3319 593 3412 όγίηι
610 3323 835 3411 ίνανθρωπῆσει
850 3325 902 3391 καί
916 3321 1049 3415 ένσοίριιρι
1065 3330 1231 3414 παρουσία,
1253 3325 1326 3402 θεός
1341 3323 1384 3390 οἰν
1399 3351 1500 3391 κατοι-

343 3431 407 3491 κῶν
422 3426 455 3492 ἐν
471 3431 532 3514 ναῷ
548 3422 623 3514 όγίρι
638 3428 727 3513 λέγει,
749 3426 870 3493 Λύσατε
889 3424 942 3493 τόν
962 3425 1036 3493 ναόν
1051 3435 1172 3508 τοῦτον,
1192 3429 1245 3494 καί
1266 3430 1298 3494 ἐν
1314 3430 1411 3515 τρισίν
1430 3425 1501 3512 ἦρέ·

344 3554 410 3614 ραις
425 3530 515 3614 ἐγερῶ
532 3525 631 3594 αὐτόν.
664 3527 751 3596 Διότι
766 3535 916 3614 μυστικῶς
932 3527 968 3596 τό
985 3527 1082 3596 πόντα
1097 3533 1251 3614 οἰκονομεῖ
1265 3527 1363 3606 *θεόα
1397 3530 1502 3618 Λόγος

344 3628 519 3708 οἰποσταλείς
534 3627 594 3697 όιτό
612 3630 781 3716 πνεύματος
800 3635 832 3699 έν
846 3635 952 3718 σαρκί,
974 3634 1026 3698 καί
1048 3630 1212 3716 σόνδεσμον
1234 3630 1352 3718 όγόπης
1371 3633 1502 3712 δεικνδς,

346 3735 513 3816 ἐφέλκεται,
534 3735 585 3799 καί
610 3732 773 3820 σμικρόνας
792 3733 899 3801 έαντδν
920 3737 1010 3822 μέγας
1028 3733 1072 3800 οἰν
1090 3733 1178 3815 θεός,
1201 3732 1291 3812 τιν’τδς
1309 3731 1445 3822 όλόγος,
1469 3738 1503 3802 ἰν

344 3838 503 3923 παρθένον
520 3833 569 3901 διδ
586 3835 756 3920 πνεύματος
774 3833 862 3922 όγίου
883 3840 1040 3923 γεννηθείς
1055 3836 1121 3916 οἰός
1137 3844 1229 3917 θεοῦ,
1252 3835 1295 3914 εἰς
1313 3835 1370 3918 οἰυ,
1393 3837 1503 3905 δαυτδν

346 3940 432 4023 σαρκί
446 3942 499 4004 καί
513 3939 659 4021 πνειίματι
673 3940 725 4004 ένα
738 3940 869 4019 τελέσας,
891 3937 933 4016 οἷς
948 3943 1038 4028 λέγει,
1059 3937 1093 4006 ‘O
1107 3937 1239 4023 καταβιίς
1256 3937 1354 4017 αὐτός
1367 3943 1429 4009 ἐστι
1451 3942 1503 4008 καί

347 4037 364 4106 ό
386 4039 514 4125 ιίναβδς,
537 4039 556 4110 ό
576 4039 644 4119 υίδς
664 4049 720 4110 τοῦ
740 4040 925 4130 ιίνθροίπου,
951 4039 969 4109 ό
991 4040 1034 4109 οἰν
1056 4045 1147 4134 ἐντῷ
1169 4040 1295 4132 οὐρανῷ.

382 4261 441 4316 διο.
458 4267 513 4316 VH.
531 4293 565 4308 ·-·
600 4267 623 4320 1.
642 4269 715 4332 Υιιίρσ
733 4263 747 4321 δ
765 4265 802 4322 δὲ.
937 4272 962 4319 ιἰι
976 4271 1056 4331 λίσαι,
1080 4269 1300 4320 «amendatum
1319 4269 1429 4321 εἰσαναλ
1451 4273 1504 4321 ion

380 4331 405 4383 2.
423 4330 448 4386 ἰν
463 4339 666 4402 praeputium,
682 4349 743 4400 ηιιτε
760 4337 906 4388 desideratur
939 4337 1068 4389 σοαιοτίαι
1084 4343 1153 4402 utque
1169 4340 1289 4389 Ριίοοίια.
