<?xml version="1.0" encoding="UTF-8"?>
<!DOCTYPE html PUBLIC "-//W3C//DTD XHTML 1.0 Transitional//EN"
    "http://www.w3.org/TR/xhtml1/DTD/xhtml1-transitional.dtd">
<html xmlns="http://www.w3.org/1999/xhtml" xml:lang="en" lang="en">
 <head>
  <title>
</title>
<meta http-equiv="Content-Type" content="text/html;charset=utf-8" />
  <meta name='ocr-system' content='tesseract 3.04.00' />
  <meta name='ocr-capabilities' content='ocr_page ocr_carea ocr_par ocr_line ocrx_word'/>
</head>
<body>
  <div class='ocr_page' id='page_1' title='image "./corporishaerese02oehlgoog_0376.png"; bbox 0 0 3186 4928; ppageno 0'>
   <div class='ocr_carea' id='block_1_1' title="bbox 374 223 1262 291">
    <p class='ocr_par' dir='ltr' id='par_1_1' title="bbox 374 223 1262 291">
     <span class='ocr_line' id='line_1_1' title="bbox 374 223 1262 291; baseline -0.002 -1"><span class='ocrx_word' id='word_1_1' title='bbox 374 235 511 290; x_wconf 73' lang='lat' dir='ltr'><strong>eunoun</strong></span> <span class='ocrx_word' id='word_1_2' title='bbox 528 235 592 288; x_wconf 79' lang='grc' dir='ltr'><strong>ιιι.</strong></span> <span class='ocrx_word' id='word_1_3' title='bbox 604 237 636 289; x_wconf 90' lang='grc' dir='ltr'><strong>ιι.</strong></span> <span class='ocrx_word' id='word_1_4' title='bbox 652 235 734 291; x_wconf 81' lang='lat' dir='ltr'><strong>rou.</strong></span> <span class='ocrx_word' id='word_1_5' title='bbox 749 238 769 290; x_wconf 95' lang='lat'><strong>1.</strong></span> <span class='ocrx_word' id='word_1_6' title='bbox 787 235 887 288; x_wconf 78' lang='lat' dir='ltr'><strong>nunu.</strong></span> <span class='ocrx_word' id='word_1_7' title='bbox 903 233 995 290; x_wconf 80' lang='lat' dir='ltr'><strong>uxuv.</strong></span> <span class='ocrx_word' id='word_1_8' title='bbox 1200 223 1262 288; x_wconf 79' lang='lat'><strong>355</strong></span> 
     </span>
    </p>
   </div>
   <div class='ocr_carea' id='block_1_2' title="bbox 103 351 1417 4549">
    <p class='ocr_par' dir='ltr' id='par_1_2' title="bbox 106 351 1416 1859">
     <span class='ocr_line' id='line_1_2' title="bbox 107 351 1263 442; baseline 0 -21"><span class='ocrx_word' id='word_1_9' title='bbox 107 357 246 436; x_wconf 82' lang='lat' dir='ltr'><strong>abolere,</strong></span> <span class='ocrx_word' id='word_1_10' title='bbox 270 357 321 421; x_wconf 84' lang='lat' dir='ltr'><strong>sotl</strong></span> <span class='ocrx_word' id='word_1_11' title='bbox 338 356 366 419; x_wconf 80' lang='lat' dir='ltr'><strong>irl</strong></span> <span class='ocrx_word' id='word_1_12' title='bbox 383 367 480 422; x_wconf 86' lang='lat' dir='ltr'><strong>tomen</strong></span> <span class='ocrx_word' id='word_1_13' title='bbox 497 357 607 438; x_wconf 88' lang='lat' dir='ltr'><strong>noluit,</strong></span> <span class='ocrx_word' id='word_1_14' title='bbox 632 367 754 442; x_wconf 90' lang='lat' dir='ltr'><strong>quote,</strong></span> <span class='ocrx_word' id='word_1_15' title='bbox 779 357 908 436; x_wconf 72' lang='lat' dir='ltr'><strong>lunone,</strong></span> <span class='ocrx_word' id='word_1_16' title='bbox 932 355 1133 420; x_wconf 82' lang='lat' dir='ltr'><strong>convinceret.</strong></span> <span class='ocrx_word' id='word_1_17' title='bbox 1179 351 1263 440; x_wconf 77' lang='lat' dir='ltr'><strong>Quo·</strong></span> 
     </span>
     <span class='ocr_line' id='line_1_3' title="bbox 108 457 1264 546; baseline -0.001 -22"><span class='ocrx_word' id='word_1_18' title='bbox 108 460 189 524; x_wconf 83' lang='lat' dir='ltr'><strong>eirea</strong></span> <span class='ocrx_word' id='word_1_19' title='bbox 205 460 281 522; x_wconf 81' lang='lat' dir='ltr'><strong>idem</strong></span> <span class='ocrx_word' id='word_1_20' title='bbox 299 470 358 522; x_wconf 91' lang='lat' dir='ltr'><strong>tum</strong></span> <span class='ocrx_word' id='word_1_21' title='bbox 372 479 478 544; x_wconf 86' lang='lat' dir='ltr'><strong>eorpus</strong></span> <span class='ocrx_word' id='word_1_22' title='bbox 496 472 647 525; x_wconf 90' lang='lat' dir='ltr'><strong>ostensum</strong></span> <span class='ocrx_word' id='word_1_23' title='bbox 667 470 729 540; x_wconf 84' lang='lat' dir='ltr'><strong>est,</strong></span> <span class='ocrx_word' id='word_1_24' title='bbox 754 461 829 546; x_wconf 81' lang='lat' dir='ltr'><strong>quotl</strong></span> <span class='ocrx_word' id='word_1_25' title='bbox 851 459 879 524; x_wconf 90' lang='lat' dir='ltr'><strong>in</strong></span> <span class='ocrx_word' id='word_1_26' title='bbox 903 459 1013 524; x_wconf 88' lang='lat' dir='ltr'><strong>tomulo</strong></span> <span class='ocrx_word' id='word_1_27' title='bbox 1038 457 1134 524; x_wconf 83' lang='lat' dir='ltr'><strong>lritluo</strong></span> <span class='ocrx_word' id='word_1_28' title='bbox 1156 481 1264 523; x_wconf 84' lang='lat' dir='ltr'><strong>eonse-</strong></span> 
     </span>
     <span class='ocr_line' id='line_1_4' title="bbox 108 558 1263 650; baseline -0.001 -23"><span class='ocrx_word' id='word_1_29' title='bbox 108 563 219 648; x_wconf 87' lang='lat' dir='ltr'><strong>pnltum</strong></span> <span class='ocrx_word' id='word_1_30' title='bbox 241 565 353 640; x_wconf 86' lang='lat' dir='ltr'><strong>luerat,</strong></span> <span class='ocrx_word' id='word_1_31' title='bbox 384 583 419 628; x_wconf 86' lang='lat' dir='ltr'><strong>ao</strong></span> <span class='ocrx_word' id='word_1_32' title='bbox 442 585 507 628; x_wconf 88' lang='lat' dir='ltr'><strong>oum</strong></span> <span class='ocrx_word' id='word_1_33' title='bbox 533 563 597 650; x_wconf 88' lang='lat' dir='ltr'><strong>ipso</strong></span> <span class='ocrx_word' id='word_1_34' title='bbox 620 564 650 627; x_wconf 88' lang='lat' dir='ltr'><strong>iu</strong></span> <span class='ocrx_word' id='word_1_35' title='bbox 676 564 896 627; x_wconf 82' lang='lat' dir='ltr'><strong>resurreetione</strong></span> <span class='ocrx_word' id='word_1_36' title='bbox 917 562 1100 632; x_wconf 76' lang='lat' dir='ltr'><strong>suscitatum.</strong></span> <span class='ocrx_word' id='word_1_37' title='bbox 1147 558 1263 648; x_wconf 82' lang='lat' dir='ltr'><strong>Quippe</strong></span> 
     </span>
     <span class='ocr_line' id='line_1_5' title="bbox 108 665 1264 750; baseline -0.003 -21"><span class='ocrx_word' id='word_1_38' title='bbox 108 685 195 745; x_wconf 80' lang='lat' dir='ltr'><strong>osse,</strong></span> <span class='ocrx_word' id='word_1_39' title='bbox 220 665 323 749; x_wconf 77' lang='lat' dir='ltr'><strong>pellem</strong></span> <span class='ocrx_word' id='word_1_40' title='bbox 340 685 504 750; x_wconf 78' lang='lat' dir='ltr'><strong>struesque</strong></span> <span class='ocrx_word' id='word_1_41' title='bbox 523 666 752 746; x_wconf 80' lang='lat' dir='ltr'><strong>demonstravit,</strong></span> <span class='ocrx_word' id='word_1_42' title='bbox 775 677 808 729; x_wconf 89' lang='lat' dir='ltr'><strong>ul</strong></span> <span class='ocrx_word' id='word_1_43' title='bbox 824 665 919 744; x_wconf 81' lang='lat' dir='ltr'><strong>dixit,</strong></span> <span class='ocrx_word' id='word_1_44' title='bbox 947 669 1044 728; x_wconf 82' lang='lat' dir='ltr'><strong>Videte</strong></span> <span class='ocrx_word' id='word_1_45' title='bbox 1058 669 1187 747; x_wconf 68' lang='lat' dir='ltr'><strong>quontnm</strong></span> <span class='ocrx_word' id='word_1_46' title='bbox 1206 670 1264 747; x_wconf 82' lang='lat' dir='ltr'><strong>spi·</strong></span> 
     </span>
     <span class='ocr_line' id='line_1_6' title="bbox 107 763 1263 850; baseline 0.001 -20"><span class='ocrx_word' id='word_1_47' title='bbox 107 773 184 830; x_wconf 75' lang='lat' dir='ltr'><strong>nter</strong></span> <span class='ocrx_word' id='word_1_48' title='bbox 198 787 312 830; x_wconf 79' lang='lat' dir='ltr'><strong>earnem</strong></span> <span class='ocrx_word' id='word_1_49' title='bbox 331 781 361 831; x_wconf 86' lang='lat' dir='ltr'><strong>et</strong></span> <span class='ocrx_word' id='word_1_50' title='bbox 379 789 444 830; x_wconf 81' lang='lat' dir='ltr'><strong>orsa</strong></span> <span class='ocrx_word' id='word_1_51' title='bbox 462 791 518 832; x_wconf 81' lang='lat' dir='ltr'><strong>non</strong></span> <span class='ocrx_word' id='word_1_52' title='bbox 539 771 640 844; x_wconf 80' lang='lat' dir='ltr'><strong>iniat,</strong></span> <span class='ocrx_word' id='word_1_53' title='bbox 664 773 741 831; x_wconf 68' lang='lat' dir='ltr'><strong>stent</strong></span> <span class='ocrx_word' id='word_1_54' title='bbox 760 788 804 830; x_wconf 86' lang='lat' dir='ltr'><strong>rne</strong></span> <span class='ocrx_word' id='word_1_55' title='bbox 824 771 924 830; x_wconf 67' lang='lat' dir='ltr'><strong>oriens</strong></span> <span class='ocrx_word' id='word_1_56' title='bbox 947 769 1060 829; x_wconf 78' lang='lat' dir='ltr'><strong>iniere.</strong></span> <span class='ocrx_word' id='word_1_57' title='bbox 1108 763 1263 850; x_wconf 77' lang='lat' dir='ltr'><strong>Quomodo</strong></span> 
     </span>
     <span class='ocr_line' id='line_1_7' title="bbox 107 871 1264 958; baseline -0.001 -23"><span class='ocrx_word' id='word_1_58' title='bbox 107 871 201 956; x_wconf 70' lang='lat' dir='ltr'><strong>igitur</strong></span> <span class='ocrx_word' id='word_1_59' title='bbox 215 871 322 936; x_wconf 84' lang='lat' dir='ltr'><strong>eleusis</strong></span> <span class='ocrx_word' id='word_1_60' title='bbox 337 871 432 934; x_wconf 86' lang='lat' dir='ltr'><strong>ianuis</strong></span> <span class='ocrx_word' id='word_1_61' title='bbox 448 871 554 952; x_wconf 80' lang='lat' dir='ltr'><strong>subiit,</strong></span> <span class='ocrx_word' id='word_1_62' title='bbox 579 871 635 936; x_wconf 90' lang='lat' dir='ltr'><strong>nisi</strong></span> <span class='ocrx_word' id='word_1_63' title='bbox 649 882 682 936; x_wconf 89' lang='lat' dir='ltr'><strong>nt</strong></span> <span class='ocrx_word' id='word_1_64' title='bbox 699 888 805 958; x_wconf 84' lang='lat' dir='ltr'><strong>eorpus</strong></span> <span class='ocrx_word' id='word_1_65' title='bbox 823 889 890 935; x_wconf 88' lang='lat' dir='ltr'><strong>esse</strong></span> <span class='ocrx_word' id='word_1_66' title='bbox 909 872 984 955; x_wconf 85' lang='lat' dir='ltr'><strong>quoti</strong></span> <span class='ocrx_word' id='word_1_67' title='bbox 1003 871 1179 956; x_wconf 86' lang='lat' dir='ltr'><strong>sspioereut,</strong></span> <span class='ocrx_word' id='word_1_68' title='bbox 1205 891 1264 934; x_wconf 90' lang='lat' dir='ltr'><strong>non</strong></span> 
     </span>
     <span class='ocr_line' id='line_1_8' title="bbox 107 963 1265 1061; baseline -0.001 -25"><span class='ocrx_word' id='word_1_69' title='bbox 107 971 260 1059; x_wconf 86' lang='lat' dir='ltr'><strong>spiritum,</strong></span> <span class='ocrx_word' id='word_1_70' title='bbox 290 973 444 1060; x_wconf 85' lang='lat' dir='ltr'><strong>probaret,</strong></span> <span class='ocrx_word' id='word_1_71' title='bbox 475 976 525 1038; x_wconf 86' lang='lat' dir='ltr'><strong>sed</strong></span> <span class='ocrx_word' id='word_1_72' title='bbox 551 975 682 1061; x_wconf 87' lang='lat' dir='ltr'><strong>spiritale</strong></span> <span class='ocrx_word' id='word_1_73' title='bbox 705 985 801 1038; x_wconf 79' lang='lat' dir='ltr'><strong>tanuen</strong></span> <span class='ocrx_word' id='word_1_74' title='bbox 824 975 952 1059; x_wconf 76' lang='lat' dir='ltr'><strong>eorpus?</strong></span> <span class='ocrx_word' id='word_1_75' title='bbox 995 963 1178 1058; x_wconf 72' lang='lat' dir='ltr'><strong>Quamquam</strong></span> <span class='ocrx_word' id='word_1_76' title='bbox 1201 982 1265 1036; x_wconf 84' lang='lat' dir='ltr'><strong>erat</strong></span> 
     </span>
     <span class='ocr_line' id='line_1_9' title="bbox 107 1075 1264 1164; baseline 0 -26"><span class='ocrx_word' id='word_1_77' title='bbox 107 1075 178 1140; x_wconf 84' lang='lat' dir='ltr'><strong>illut</strong></span> <span class='ocrx_word' id='word_1_78' title='bbox 198 1097 263 1141; x_wconf 82' lang='lat' dir='ltr'><strong>eum</strong></span> <span class='ocrx_word' id='word_1_79' title='bbox 282 1077 377 1140; x_wconf 87' lang='lat' dir='ltr'><strong>animo</strong></span> <span class='ocrx_word' id='word_1_80' title='bbox 394 1086 425 1140; x_wconf 94' lang='lat' dir='ltr'><strong>et</strong></span> <span class='ocrx_word' id='word_1_81' title='bbox 446 1076 616 1158; x_wconf 80' lang='lat' dir='ltr'><strong>diuinitale,</strong></span> <span class='ocrx_word' id='word_1_82' title='bbox 641 1087 759 1164; x_wconf 86' lang='lat' dir='ltr'><strong>totaque</strong></span> <span class='ocrx_word' id='word_1_83' title='bbox 777 1077 859 1141; x_wconf 79' lang='lat' dir='ltr'><strong>ntleo‘</strong></span> <span class='ocrx_word' id='word_1_84' title='bbox 872 1075 996 1140; x_wconf 84' lang='lat' dir='ltr'><strong>hominis</strong></span> <span class='ocrx_word' id='word_1_85' title='bbox 1016 1087 1119 1140; x_wconf 85' lang='lat' dir='ltr'><strong>natura</strong></span> <span class='ocrx_word' id='word_1_86' title='bbox 1142 1075 1264 1139; x_wconf 82' lang='lat' dir='ltr'><strong>coniun-</strong></span> 
     </span>
     <span class='ocr_line' id='line_1_10' title="bbox 107 1175 1266 1264; baseline -0.001 -22"><span class='ocrx_word' id='word_1_87' title='bbox 107 1188 200 1242; x_wconf 85' lang='lat' dir='ltr'><strong>etum.</strong></span> <span class='ocrx_word' id='word_1_88' title='bbox 247 1175 306 1243; x_wconf 81' lang='lat' dir='ltr'><strong>Setl</strong></span> <span class='ocrx_word' id='word_1_89' title='bbox 326 1179 458 1264; x_wconf 89' lang='lat' dir='ltr'><strong>spiritale</strong></span> <span class='ocrx_word' id='word_1_90' title='bbox 476 1190 558 1260; x_wconf 91' lang='lat' dir='ltr'><strong>erat,</strong></span> <span class='ocrx_word' id='word_1_91' title='bbox 583 1179 712 1259; x_wconf 78' lang='lat' dir='ltr'><strong>uldini,</strong></span> <span class='ocrx_word' id='word_1_92' title='bbox 738 1191 769 1244; x_wconf 92' lang='lat' dir='ltr'><strong>et</strong></span> <span class='ocrx_word' id='word_1_93' title='bbox 786 1180 862 1264; x_wconf 86' lang='lat' dir='ltr'><strong>quod</strong></span> <span class='ocrx_word' id='word_1_94' title='bbox 879 1197 1010 1244; x_wconf 83' lang='lat' dir='ltr'><strong>erassum</strong></span> <span class='ocrx_word' id='word_1_95' title='bbox 1028 1179 1095 1242; x_wconf 89' lang='lat' dir='ltr'><strong>olim</strong></span> <span class='ocrx_word' id='word_1_96' title='bbox 1115 1188 1180 1243; x_wconf 86' lang='lat' dir='ltr'><strong>erat</strong></span> <span class='ocrx_word' id='word_1_97' title='bbox 1196 1179 1266 1241; x_wconf 77' lang='lat' dir='ltr'><strong>sule-</strong></span> 
     </span>
     <span class='ocr_line' id='line_1_11' title="bbox 108 1280 1266 1367; baseline 0.001 -24"><span class='ocrx_word' id='word_1_98' title='bbox 108 1281 160 1344; x_wconf 88' lang='lat' dir='ltr'><strong>tile</strong></span> <span class='ocrx_word' id='word_1_99' title='bbox 178 1281 333 1361; x_wconf 79' lang='lat' dir='ltr'><strong>retritum,</strong></span> <span class='ocrx_word' id='word_1_100' title='bbox 354 1283 488 1367; x_wconf 85' lang='lat' dir='ltr'><strong>quodque</strong></span> <span class='ocrx_word' id='word_1_101' title='bbox 504 1282 533 1346; x_wconf 90' lang='lat' dir='ltr'><strong>in</strong></span> <span class='ocrx_word' id='word_1_102' title='bbox 552 1303 669 1346; x_wconf 87' lang='lat' dir='ltr'><strong>oruoem</strong></span> <span class='ocrx_word' id='word_1_103' title='bbox 685 1293 779 1348; x_wconf 85' lang='lat' dir='ltr'><strong>aetum</strong></span> <span class='ocrx_word' id='word_1_104' title='bbox 797 1292 885 1366; x_wconf 84' lang='lat' dir='ltr'><strong>atque</strong></span> <span class='ocrx_word' id='word_1_105' title='bbox 902 1281 1060 1346; x_wconf 86' lang='lat' dir='ltr'><strong>obnoxium</strong></span> <span class='ocrx_word' id='word_1_106' title='bbox 1076 1283 1182 1360; x_wconf 90' lang='lat' dir='ltr'><strong>luerat,</strong></span> <span class='ocrx_word' id='word_1_107' title='bbox 1201 1280 1266 1344; x_wconf 89' lang='lat' dir='ltr'><strong>onl-</strong></span> 
     </span>
     <span class='ocr_line' id='line_1_12' title="bbox 106 1383 1264 1469; baseline 0.002 -23"><span class='ocrx_word' id='word_1_108' title='bbox 106 1383 166 1448; x_wconf 82' lang='lat' dir='ltr'><strong>lins</strong></span> <span class='ocrx_word' id='word_1_109' title='bbox 189 1385 311 1469; x_wconf 85' lang='lat' dir='ltr'><strong>amplius</strong></span> <span class='ocrx_word' id='word_1_110' title='bbox 332 1385 477 1468; x_wconf 86' lang='lat' dir='ltr'><strong>potestati</strong></span> <span class='ocrx_word' id='word_1_111' title='bbox 493 1385 674 1465; x_wconf 78' lang='lat' dir='ltr'><strong>subiectum,</strong></span> <span class='ocrx_word' id='word_1_112' title='bbox 704 1397 792 1469; x_wconf 91' lang='lat' dir='ltr'><strong>atque</strong></span> <span class='ocrx_word' id='word_1_113' title='bbox 815 1384 944 1448; x_wconf 81' lang='lat' dir='ltr'><strong>itanum</strong></span> <span class='ocrx_word' id='word_1_114' title='bbox 968 1383 1121 1449; x_wconf 85' lang='lat' dir='ltr'><strong>divinitate</strong></span> <span class='ocrx_word' id='word_1_115' title='bbox 1142 1383 1264 1448; x_wconf 81' lang='lat' dir='ltr'><strong>coniun-</strong></span> 
     </span>
     <span class='ocr_line' id='line_1_13' title="bbox 107 1485 1263 1574; baseline 0 -24"><span class='ocrx_word' id='word_1_116' title='bbox 107 1497 205 1564; x_wconf 86' lang='lat' dir='ltr'><strong>etum,</strong></span> <span class='ocrx_word' id='word_1_117' title='bbox 228 1507 264 1549; x_wconf 87' lang='lat' dir='ltr'><strong>ae</strong></span> <span class='ocrx_word' id='word_1_118' title='bbox 284 1485 375 1550; x_wconf 85' lang='lat' dir='ltr'><strong>veluti</strong></span> <span class='ocrx_word' id='word_1_119' title='bbox 401 1497 611 1574; x_wconf 83' lang='lat' dir='ltr'><strong>temperatum,</strong></span> <span class='ocrx_word' id='word_1_120' title='bbox 642 1498 674 1552; x_wconf 90' lang='lat' dir='ltr'><strong>nt</strong></span> <span class='ocrx_word' id='word_1_121' title='bbox 695 1509 755 1551; x_wconf 92' lang='lat' dir='ltr'><strong>non</strong></span> <span class='ocrx_word' id='word_1_122' title='bbox 777 1488 899 1574; x_wconf 86' lang='lat' dir='ltr'><strong>emplius</strong></span> <span class='ocrx_word' id='word_1_123' title='bbox 923 1486 1043 1552; x_wconf 83' lang='lat' dir='ltr'><strong>dissolri</strong></span> <span class='ocrx_word' id='word_1_124' title='bbox 1064 1498 1181 1573; x_wconf 82' lang='lat' dir='ltr'><strong>posset,</strong></span> <span class='ocrx_word' id='word_1_125' title='bbox 1211 1487 1263 1552; x_wconf 83' lang='lat' dir='ltr'><strong>sed</strong></span> 
     </span>
     <span class='ocr_line' id='line_1_14' title="bbox 107 1589 1416 1677; baseline -0.003 -25"><span class='ocrx_word' id='word_1_126' title='bbox 107 1589 214 1652; x_wconf 86' lang='lat' dir='ltr'><strong>mortis</strong></span> <span class='ocrx_word' id='word_1_127' title='bbox 235 1590 390 1675; x_wconf 79' lang='lat' dir='ltr'><strong>expensio</strong></span> <span class='ocrx_word' id='word_1_128' title='bbox 413 1590 622 1677; x_wconf 85' lang='lat' dir='ltr'><strong>sempiternom</strong></span> <span class='ocrx_word' id='word_1_129' title='bbox 639 1601 783 1654; x_wconf 85' lang='lat' dir='ltr'><strong>maneret.</strong></span> <span class='ocrx_word' id='word_1_130' title='bbox 828 1593 967 1654; x_wconf 78' lang='lat' dir='ltr'><strong>Surrenit</strong></span> <span class='ocrx_word' id='word_1_131' title='bbox 983 1595 1056 1652; x_wconf 79' lang='lat' dir='ltr'><strong>enirn</strong></span> <span class='ocrx_word' id='word_1_132' title='bbox 1075 1595 1207 1654; x_wconf 75' lang='lat' dir='ltr'><strong>tlte-istus</strong></span> <span class='ocrx_word' id='word_1_133' title='bbox 1227 1601 1416 1662; x_wconf 70' lang='lat' dir='ltr'><strong>eneconem.</strong></span> 
     </span>
     <span class='ocr_line' id='line_1_15' title="bbox 106 1695 1265 1775; baseline 0.002 -21"><span class='ocrx_word' id='word_1_134' title='bbox 106 1695 243 1766; x_wconf 71' lang='lat' dir='ltr'><strong>mortum,</strong></span> <span class='ocrx_word' id='word_1_135' title='bbox 263 1697 409 1773; x_wconf 81' lang='lat' dir='ltr'><strong>pn&#39;mitiee</strong></span> <span class='ocrx_word' id='word_1_136' title='bbox 425 1697 638 1771; x_wconf 66' lang='lat' dir='ltr'><strong>temnentem,</strong></span> <span class='ocrx_word' id='word_1_137' title='bbox 662 1715 718 1756; x_wconf 80' lang='lat' dir='ltr'><strong>non</strong></span> <span class='ocrx_word' id='word_1_138' title='bbox 734 1696 855 1775; x_wconf 72' lang='lat' dir='ltr'><strong>amphitr</strong></span> <span class='ocrx_word' id='word_1_139' title='bbox 870 1697 1001 1768; x_wconf 81' lang='lat' dir='ltr'><strong>onoratur,</strong></span> <span class='ocrx_word' id='word_1_140' title='bbox 1026 1713 1103 1756; x_wconf 83' lang='lat' dir='ltr'><strong>mors</strong></span> <span class='ocrx_word' id='word_1_141' title='bbox 1120 1697 1168 1756; x_wconf 82' lang='lat' dir='ltr'><strong>tttt</strong></span> <span class='ocrx_word' id='word_1_142' title='bbox 1186 1697 1265 1756; x_wconf 82' lang='lat' dir='ltr'><strong>ultro</strong></span> 
     </span>
     <span class='ocr_line' id='line_1_16' title="bbox 107 1796 385 1859; baseline -0.004 -2"><span class='ocrx_word' id='word_1_143' title='bbox 107 1815 165 1857; x_wconf 85' lang='lat' dir='ltr'><strong>non</strong></span> <span class='ocrx_word' id='word_1_144' title='bbox 186 1796 385 1859; x_wconf 75' lang='lat' dir='ltr'><strong>dominabitur.</strong></span> 
     </span>
    </p>

    <p class='ocr_par' dir='ltr' id='par_1_3' title="bbox 103 1896 1406 3624">
     <span class='ocr_line' id='line_1_17' title="bbox 194 1896 1359 1984; baseline 0.006 -24"><span class='ocrx_word' id='word_1_145' title='bbox 194 1898 294 1982; x_wconf 75' lang='lat' dir='ltr'><strong>Atque</strong></span> <span class='ocrx_word' id='word_1_146' title='bbox 313 1897 431 1962; x_wconf 88' lang='lat' dir='ltr'><strong>utillud</strong></span> <span class='ocrx_word' id='word_1_147' title='bbox 452 1896 617 1981; x_wconf 72' lang='lat' dir='ltr'><strong>intelligas,</strong></span> <span class='ocrx_word' id='word_1_148' title='bbox 641 1919 726 1984; x_wconf 89' lang='lat' dir='ltr'><strong>quam</strong></span> <span class='ocrx_word' id='word_1_149' title='bbox 749 1897 787 1962; x_wconf 88' lang='lat' dir='ltr'><strong>eb</strong></span> <span class='ocrx_word' id='word_1_150' title='bbox 806 1919 940 1964; x_wconf 82' lang='lat' dir='ltr'><strong>nauseam</strong></span> <span class='ocrx_word' id='word_1_151' title='bbox 959 1903 1104 1981; x_wconf 80' lang='lat' dir='ltr'><strong>primitiae</strong></span> <span class='ocrx_word' id='word_1_152' title='bbox 1124 1903 1263 1962; x_wconf 80' lang='lat' dir='ltr'><strong>iormr&#39;en·</strong></span> <span class='ocrx_word' id='word_1_153' title='bbox 1298 1915 1359 1982; x_wconf 73' lang='lat' dir='ltr'><strong>cap.</strong></span> 
     </span>
     <span class='ocr_line' id='line_1_18' title="bbox 107 1984 1368 2087; baseline 0.003 -26"><span class='ocrx_word' id='word_1_154' title='bbox 107 2005 178 2062; x_wconf 74' lang='lat' dir='ltr'><strong>nune</strong></span> <span class='ocrx_word' id='word_1_155' title='bbox 188 2003 319 2062; x_wconf 74' lang='lat' dir='ltr'><strong>Cirt‘otuo</strong></span> <span class='ocrx_word' id='word_1_156' title='bbox 333 2000 505 2087; x_wconf 86' lang='lat' dir='ltr'><strong>appelletur,</strong></span> <span class='ocrx_word' id='word_1_157' title='bbox 526 2001 641 2066; x_wconf 87' lang='lat' dir='ltr'><strong>tametsi</strong></span> <span class='ocrx_word' id='word_1_158' title='bbox 657 2023 713 2066; x_wconf 90' lang='lat' dir='ltr'><strong>nou</strong></span> <span class='ocrx_word' id='word_1_159' title='bbox 729 2001 754 2066; x_wconf 87' lang='lat' dir='ltr'><strong>is</strong></span> <span class='ocrx_word' id='word_1_160' title='bbox 768 2001 878 2087; x_wconf 87' lang='lat' dir='ltr'><strong>primus</strong></span> <span class='ocrx_word' id='word_1_161' title='bbox 891 2003 1017 2066; x_wconf 89' lang='lat' dir='ltr'><strong>omnium</strong></span> <span class='ocrx_word' id='word_1_162' title='bbox 1030 2001 1208 2082; x_wconf 86' lang='lat' dir='ltr'><strong>surrexerit,</strong></span> <span class='ocrx_word' id='word_1_163' title='bbox 1222 2035 1264 2050; x_wconf 93' lang='lat'><strong>-··</strong></span> <span class='ocrx_word' id='word_1_164' title='bbox 1286 1984 1368 2044; x_wconf 62' lang='lat' dir='ltr'><strong>m·</strong></span> 
     </span>
     <span class='ocr_line' id='line_1_19' title="bbox 107 2099 1266 2190; baseline 0.003 -24"><span class='ocrx_word' id='word_1_165' title='bbox 107 2123 176 2166; x_wconf 88' lang='lat' dir='ltr'><strong>nam</strong></span> <span class='ocrx_word' id='word_1_166' title='bbox 195 2113 265 2166; x_wconf 87' lang='lat' dir='ltr'><strong>onte</strong></span> <span class='ocrx_word' id='word_1_167' title='bbox 281 2103 377 2190; x_wconf 87' lang='lat' dir='ltr'><strong>ipsum</strong></span> <span class='ocrx_word' id='word_1_168' title='bbox 393 2099 531 2167; x_wconf 83' lang='lat' dir='ltr'><strong>Lazarus</strong></span> <span class='ocrx_word' id='word_1_169' title='bbox 551 2123 604 2190; x_wconf 88' lang='lat' dir='ltr'><strong>per</strong></span> <span class='ocrx_word' id='word_1_170' title='bbox 623 2123 688 2168; x_wconf 88' lang='lat' dir='ltr'><strong>eum</strong></span> <span class='ocrx_word' id='word_1_171' title='bbox 712 2107 860 2168; x_wconf 81' lang='lat' dir='ltr'><strong>excitatns</strong></span> <span class='ocrx_word' id='word_1_172' title='bbox 881 2106 993 2184; x_wconf 86' lang='lat' dir='ltr'><strong>iuerat,</strong></span> <span class='ocrx_word' id='word_1_173' title='bbox 1018 2123 1073 2170; x_wconf 90' lang='lat' dir='ltr'><strong>neo</strong></span> <span class='ocrx_word' id='word_1_174' title='bbox 1094 2127 1152 2168; x_wconf 91' lang='lat' dir='ltr'><strong>ooo</strong></span> <span class='ocrx_word' id='word_1_175' title='bbox 1174 2116 1204 2169; x_wconf 86' lang='lat' dir='ltr'><strong>et</strong></span> <span class='ocrx_word' id='word_1_176' title='bbox 1220 2103 1266 2169; x_wconf 81' lang='lat' dir='ltr'><strong>si·</strong></span> 
     </span>
     <span class='ocr_line' id='line_1_20' title="bbox 107 2203 1265 2294; baseline 0.003 -26"><span class='ocrx_word' id='word_1_177' title='bbox 107 2203 184 2270; x_wconf 81' lang='lat' dir='ltr'><strong>ulnae</strong></span> <span class='ocrx_word' id='word_1_178' title='bbox 204 2205 297 2284; x_wconf 85' lang='lat' dir='ltr'><strong>ilius,</strong></span> <span class='ocrx_word' id='word_1_179' title='bbox 322 2215 351 2270; x_wconf 87' lang='lat' dir='ltr'><strong>et</strong></span> <span class='ocrx_word' id='word_1_180' title='bbox 366 2205 414 2271; x_wconf 88' lang='lat' dir='ltr'><strong>alii</strong></span> <span class='ocrx_word' id='word_1_181' title='bbox 431 2205 564 2291; x_wconf 69' lang='lat' dir='ltr'><strong>quidamq</strong></span> <span class='ocrx_word' id='word_1_182' title='bbox 594 2205 667 2272; x_wconf 79' lang='lat' dir='ltr'><strong>adde</strong></span> <span class='ocrx_word' id='word_1_183' title='bbox 689 2219 719 2270; x_wconf 90' lang='lat' dir='ltr'><strong>et</strong></span> <span class='ocrx_word' id='word_1_184' title='bbox 737 2208 893 2273; x_wconf 88' lang='lat' dir='ltr'><strong>nonnullos</strong></span> <span class='ocrx_word' id='word_1_185' title='bbox 909 2207 945 2271; x_wconf 87' lang='lat' dir='ltr'><strong>ab</strong></span> <span class='ocrx_word' id='word_1_186' title='bbox 960 2205 1026 2272; x_wconf 85' lang='lat' dir='ltr'><strong>Elia</strong></span> <span class='ocrx_word' id='word_1_187' title='bbox 1042 2217 1129 2294; x_wconf 86' lang='lat' dir='ltr'><strong>atque</strong></span> <span class='ocrx_word' id='word_1_188' title='bbox 1144 2205 1265 2272; x_wconf 86' lang='lat' dir='ltr'><strong>Elisaeo</strong></span> 
     </span>
     <span class='ocr_line' id='line_1_21' title="bbox 106 2305 1266 2394; baseline 0 -22"><span class='ocrx_word' id='word_1_189' title='bbox 106 2305 189 2372; x_wconf 78' lang='lat' dir='ltr'><strong>vitoe</strong></span> <span class='ocrx_word' id='word_1_190' title='bbox 207 2308 382 2374; x_wconf 74' lang='lat' dir='ltr'><strong>restitutens</strong></span> <span class='ocrx_word' id='word_1_191' title='bbox 413 2321 445 2372; x_wconf 92' lang='lat' dir='ltr'><strong>nt</strong></span> <span class='ocrx_word' id='word_1_192' title='bbox 466 2309 535 2374; x_wconf 84' lang='lat' dir='ltr'><strong>illual</strong></span> <span class='ocrx_word' id='word_1_193' title='bbox 556 2307 648 2394; x_wconf 82' lang='lat' dir='ltr'><strong>igitur</strong></span> <span class='ocrx_word' id='word_1_194' title='bbox 671 2309 837 2394; x_wconf 82' lang='lat' dir='ltr'><strong>intelligas,</strong></span> <span class='ocrx_word' id='word_1_195' title='bbox 861 2309 904 2374; x_wconf 87' lang='lat' dir='ltr'><strong>sio</strong></span> <span class='ocrx_word' id='word_1_196' title='bbox 926 2308 1049 2373; x_wconf 80' lang='lat' dir='ltr'><strong>hulseto:</strong></span> <span class='ocrx_word' id='word_1_197' title='bbox 1074 2331 1139 2373; x_wconf 86' lang='lat' dir='ltr'><strong>eum</strong></span> <span class='ocrx_word' id='word_1_198' title='bbox 1162 2329 1266 2373; x_wconf 88' lang='lat' dir='ltr'><strong>omnes</strong></span> 
     </span>
     <span class='ocr_line' id='line_1_22' title="bbox 106 2407 1265 2493; baseline 0.002 -21"><span class='ocrx_word' id='word_1_199' title='bbox 106 2407 152 2472; x_wconf 93' lang='lat' dir='ltr'><strong>illi</strong></span> <span class='ocrx_word' id='word_1_200' title='bbox 175 2410 224 2493; x_wconf 86' lang='lat' dir='ltr'><strong>qui</strong></span> <span class='ocrx_word' id='word_1_201' title='bbox 247 2411 452 2476; x_wconf 82' lang='lat' dir='ltr'><strong>resurrexisse</strong></span> <span class='ocrx_word' id='word_1_202' title='bbox 476 2411 612 2476; x_wconf 82' lang='lat' dir='ltr'><strong>dicuntur</strong></span> <span class='ocrx_word' id='word_1_203' title='bbox 633 2412 740 2476; x_wconf 87' lang='lat' dir='ltr'><strong>iterum</strong></span> <span class='ocrx_word' id='word_1_204' title='bbox 761 2411 868 2476; x_wconf 88' lang='lat' dir='ltr'><strong>mortui</strong></span> <span class='ocrx_word' id='word_1_205' title='bbox 892 2411 967 2490; x_wconf 88' lang='lat' dir='ltr'><strong>sint,</strong></span> <span class='ocrx_word' id='word_1_206' title='bbox 991 2411 1097 2475; x_wconf 91' lang='lat' dir='ltr'><strong>merito</strong></span> <span class='ocrx_word' id='word_1_207' title='bbox 1116 2407 1265 2477; x_wconf 86' lang='lat' dir='ltr'><strong>Christum</strong></span> 
     </span>
     <span class='ocr_line' id='line_1_23' title="bbox 103 2513 1266 2600; baseline 0.003 -27"><span class='ocrx_word' id='word_1_208' title='bbox 103 2516 251 2592; x_wconf 78' lang='lat' dir='ltr'><strong>pninitim</strong></span> <span class='ocrx_word' id='word_1_209' title='bbox 270 2513 410 2598; x_wconf 86' lang='lat' dir='ltr'><strong>appellari</strong></span> <span class='ocrx_word' id='word_1_210' title='bbox 427 2517 639 2590; x_wconf 70' lang='lat' dir='ltr'><strong>dormientium,</strong></span> <span class='ocrx_word' id='word_1_211' title='bbox 665 2514 713 2600; x_wconf 89' lang='lat' dir='ltr'><strong>qui</strong></span> <span class='ocrx_word' id='word_1_212' title='bbox 732 2524 920 2599; x_wconf 76' lang='lat' dir='ltr'><strong>posteaquam</strong></span> <span class='ocrx_word' id='word_1_213' title='bbox 936 2513 1103 2580; x_wconf 73' lang='lat' dir='ltr'><strong>resurrexit</strong></span> <span class='ocrx_word' id='word_1_214' title='bbox 1124 2535 1181 2578; x_wconf 92' lang='lat' dir='ltr'><strong>uon</strong></span> <span class='ocrx_word' id='word_1_215' title='bbox 1204 2533 1266 2577; x_wconf 86' lang='lat' dir='ltr'><strong>om·</strong></span> 
     </span>
     <span class='ocr_line' id='line_1_24' title="bbox 108 2614 1265 2701; baseline 0.002 -23"><span class='ocrx_word' id='word_1_216' title='bbox 108 2614 186 2699; x_wconf 83' lang='lat' dir='ltr'><strong>plius</strong></span> <span class='ocrx_word' id='word_1_217' title='bbox 201 2614 337 2694; x_wconf 88' lang='lat' dir='ltr'><strong>moritur,</strong></span> <span class='ocrx_word' id='word_1_218' title='bbox 361 2635 436 2700; x_wconf 86' lang='lat' dir='ltr'><strong>quoe</strong></span> <span class='ocrx_word' id='word_1_219' title='bbox 454 2627 500 2681; x_wconf 88' lang='lat' dir='ltr'><strong>est</strong></span> <span class='ocrx_word' id='word_1_220' title='bbox 517 2618 614 2682; x_wconf 86' lang='lat' dir='ltr'><strong>loturo</strong></span> <span class='ocrx_word' id='word_1_221' title='bbox 632 2615 859 2682; x_wconf 81' lang='lat' dir='ltr'><strong>resurrectionis</strong></span> <span class='ocrx_word' id='word_1_222' title='bbox 875 2617 963 2696; x_wconf 88' lang='lat' dir='ltr'><strong>ratio,</strong></span> <span class='ocrx_word' id='word_1_223' title='bbox 987 2634 1072 2701; x_wconf 85' lang='lat' dir='ltr'><strong>quam</strong></span> <span class='ocrx_word' id='word_1_224' title='bbox 1090 2615 1168 2680; x_wconf 84' lang='lat' dir='ltr'><strong>illius</strong></span> <span class='ocrx_word' id='word_1_225' title='bbox 1184 2618 1265 2680; x_wconf 81' lang='lat' dir='ltr'><strong>vitae</strong></span> 
     </span>
     <span class='ocr_line' id='line_1_25' title="bbox 109 2715 1266 2804; baseline 0.002 -25"><span class='ocrx_word' id='word_1_226' title='bbox 109 2727 142 2779; x_wconf 87' lang='lat' dir='ltr'><strong>et</strong></span> <span class='ocrx_word' id='word_1_227' title='bbox 157 2716 347 2782; x_wconf 73' lang='lat' dir='ltr'><strong>humanitatis</strong></span> <span class='ocrx_word' id='word_1_228' title='bbox 361 2717 506 2783; x_wconf 82' lang='lat' dir='ltr'><strong>benofioio</strong></span> <span class='ocrx_word' id='word_1_229' title='bbox 523 2737 749 2804; x_wconf 75' lang='lat' dir='ltr'><strong>consequemur.</strong></span> <span class='ocrx_word' id='word_1_230' title='bbox 796 2715 870 2782; x_wconf 86' lang='lat' dir='ltr'><strong>Cum</strong></span> <span class='ocrx_word' id='word_1_231' title='bbox 888 2729 985 2784; x_wconf 88' lang='lat' dir='ltr'><strong>autem</strong></span> <span class='ocrx_word' id='word_1_232' title='bbox 1003 2719 1043 2783; x_wconf 87' lang='lat' dir='ltr'><strong>sit</strong></span> <span class='ocrx_word' id='word_1_233' title='bbox 1057 2719 1107 2782; x_wconf 90' lang='lat' dir='ltr'><strong>ille</strong></span> <span class='ocrx_word' id='word_1_234' title='bbox 1121 2723 1266 2802; x_wconf 59' lang='lat' dir='ltr'><strong>protum</strong></span> 
     </span>
     <span class='ocr_line' id='line_1_26' title="bbox 107 2819 1265 2908; baseline 0.002 -27"><span class='ocrx_word' id='word_1_235' title='bbox 107 2823 322 2895; x_wconf 59' lang='lat' dir='ltr'><strong>dmmtnn&#39;m</strong></span> <span class='ocrx_word' id='word_1_236' title='bbox 348 2819 495 2908; x_wconf 75' lang='lat' dir='ltr'><strong>integrum</strong></span> <span class='ocrx_word' id='word_1_237' title='bbox 511 2821 575 2886; x_wconf 87' lang='lat' dir='ltr'><strong>eius</strong></span> <span class='ocrx_word' id='word_1_238' title='bbox 591 2841 697 2907; x_wconf 84' lang='lat' dir='ltr'><strong>eorpus</strong></span> <span class='ocrx_word' id='word_1_239' title='bbox 715 2842 779 2886; x_wconf 90' lang='lat' dir='ltr'><strong>oum</strong></span> <span class='ocrx_word' id='word_1_240' title='bbox 797 2819 966 2900; x_wconf 81' lang='lat' dir='ltr'><strong>divinitate,</strong></span> <span class='ocrx_word' id='word_1_241' title='bbox 991 2820 1047 2884; x_wconf 83' lang='lat' dir='ltr'><strong>laon</strong></span> <span class='ocrx_word' id='word_1_242' title='bbox 1064 2830 1111 2886; x_wconf 89' lang='lat' dir='ltr'><strong>est</strong></span> <span class='ocrx_word' id='word_1_243' title='bbox 1129 2821 1265 2906; x_wconf 87' lang='lat' dir='ltr'><strong>quiequid</strong></span> 
     </span>
     <span class='ocr_line' id='line_1_27' title="bbox 108 2923 1265 3008; baseline 0 -21"><span class='ocrx_word' id='word_1_244' title='bbox 108 2923 144 2987; x_wconf 77' lang='lat' dir='ltr'><strong>aul</strong></span> <span class='ocrx_word' id='word_1_245' title='bbox 164 2933 344 3008; x_wconf 85' lang='lat' dir='ltr'><strong>assumptum</strong></span> <span class='ocrx_word' id='word_1_246' title='bbox 360 2923 567 2988; x_wconf 83' lang='lat' dir='ltr'><strong>luomauitatem</strong></span> <span class='ocrx_word' id='word_1_247' title='bbox 585 2925 708 3004; x_wconf 86' lang='lat' dir='ltr'><strong>attinet,</strong></span> <span class='ocrx_word' id='word_1_248' title='bbox 733 2924 915 3001; x_wconf 77' lang='lat' dir='ltr'><strong>resurrexit,</strong></span> <span class='ocrx_word' id='word_1_249' title='bbox 939 2923 1010 2987; x_wconf 84' lang='lat' dir='ltr'><strong>nihil</strong></span> <span class='ocrx_word' id='word_1_250' title='bbox 1031 2933 1064 2986; x_wconf 91' lang='lat' dir='ltr'><strong>ut</strong></span> <span class='ocrx_word' id='word_1_251' title='bbox 1085 2924 1204 2988; x_wconf 88' lang='lat' dir='ltr'><strong>omnino</strong></span> <span class='ocrx_word' id='word_1_252' title='bbox 1225 2941 1265 2987; x_wconf 78' lang='lat' dir='ltr'><strong>ex</strong></span> 
     </span>
     <span class='ocr_line' id='line_1_28' title="bbox 108 3025 1406 3112; baseline 0.001 -22"><span class='ocrx_word' id='word_1_253' title='bbox 108 3046 146 3090; x_wconf 85' lang='lat' dir='ltr'><strong>eo</strong></span> <span class='ocrx_word' id='word_1_254' title='bbox 160 3025 296 3090; x_wconf 85' lang='lat' dir='ltr'><strong>relietum</strong></span> <span class='ocrx_word' id='word_1_255' title='bbox 313 3025 367 3106; x_wconf 90' lang='lat' dir='ltr'><strong>sit,</strong></span> <span class='ocrx_word' id='word_1_256' title='bbox 391 3047 452 3090; x_wconf 91' lang='lat' dir='ltr'><strong>nou</strong></span> <span class='ocrx_word' id='word_1_257' title='bbox 467 3047 573 3112; x_wconf 83' lang='lat' dir='ltr'><strong>eorpus</strong></span> <span class='ocrx_word' id='word_1_258' title='bbox 590 3037 640 3091; x_wconf 86' lang='lat' dir='ltr'><strong>aut</strong></span> <span class='ocrx_word' id='word_1_259' title='bbox 654 3027 799 3090; x_wconf 87' lang='lat' dir='ltr'><strong>eiusmodi</strong></span> <span class='ocrx_word' id='word_1_260' title='bbox 813 3025 959 3111; x_wconf 85' lang='lat' dir='ltr'><strong>quiddam.</strong></span> <span class='ocrx_word' id='word_1_261' title='bbox 1005 3029 1071 3088; x_wconf 85' lang='lat' dir='ltr'><strong>Non</strong></span> <span class='ocrx_word' id='word_1_262' title='bbox 1093 3031 1165 3090; x_wconf 82' lang='lat' dir='ltr'><strong>enim</strong></span> <span class='ocrx_word' id='word_1_263' title='bbox 1186 3029 1268 3089; x_wconf 80' lang='lat' dir='ltr'><strong>iere-</strong></span> <span class='ocrx_word' id='word_1_264' title='bbox 1279 3046 1317 3092; x_wconf 72' lang='lat' dir='ltr'><strong>en.</strong></span> <span class='ocrx_word' id='word_1_265' title='bbox 1328 3047 1361 3104; x_wconf 80' lang='lat' dir='ltr'><strong>ro,</strong></span> <span class='ocrx_word' id='word_1_266' title='bbox 1374 3047 1406 3094; x_wconf 88' lang='grc' dir='ltr'><strong>ιι.</strong></span> 
     </span>
     <span class='ocr_line' id='line_1_29' title="bbox 108 3130 1267 3213; baseline 0 -22"><span class='ocrx_word' id='word_1_267' title='bbox 108 3133 222 3212; x_wconf 80' lang='lat' dir='ltr'><strong>linques</strong></span> <span class='ocrx_word' id='word_1_268' title='bbox 237 3132 359 3190; x_wconf 76' lang='lat' dir='ltr'><strong>animone</strong></span> <span class='ocrx_word' id='word_1_269' title='bbox 378 3148 465 3192; x_wconf 80' lang='lat' dir='ltr'><strong>merra</strong></span> <span class='ocrx_word' id='word_1_270' title='bbox 482 3134 512 3191; x_wconf 87' lang='lat' dir='ltr'><strong>in</strong></span> <span class='ocrx_word' id='word_1_271' title='bbox 528 3133 657 3213; x_wconf 75' lang='lat' dir='ltr'><strong>inferno,</strong></span> <span class='ocrx_word' id='word_1_272' title='bbox 681 3151 733 3191; x_wconf 83' lang='lat' dir='ltr'><strong>neo</strong></span> <span class='ocrx_word' id='word_1_273' title='bbox 750 3130 831 3191; x_wconf 81' lang='lat' dir='ltr'><strong>dubr&#39;a</strong></span> <span class='ocrx_word' id='word_1_274' title='bbox 846 3139 974 3191; x_wconf 62' lang='lat' dir='ltr'><strong>:anoton</strong></span> <span class='ocrx_word' id='word_1_275' title='bbox 993 3141 1071 3191; x_wconf 78' lang='lat' dir='ltr'><strong>tuom</strong></span> <span class='ocrx_word' id='word_1_276' title='bbox 1088 3133 1183 3192; x_wconf 64' lang='lat' dir='ltr'><strong>oriere</strong></span> <span class='ocrx_word' id='word_1_277' title='bbox 1202 3151 1267 3191; x_wconf 84' lang='lat' dir='ltr'><strong>ror-</strong></span> 
     </span>
     <span class='ocr_line' id='line_1_30' title="bbox 107 3227 1267 3316; baseline 0.001 -23"><span class='ocrx_word' id='word_1_278' title='bbox 107 3236 279 3314; x_wconf 74' lang='lat' dir='ltr'><strong>nrpnonem.</strong></span> <span class='ocrx_word' id='word_1_279' title='bbox 325 3227 383 3295; x_wconf 84' lang='lat' dir='ltr'><strong>Ubi</strong></span> <span class='ocrx_word' id='word_1_280' title='bbox 397 3232 473 3316; x_wconf 86' lang='lat' dir='ltr'><strong>quod</strong></span> <span class='ocrx_word' id='word_1_281' title='bbox 493 3231 530 3296; x_wconf 81' lang='lat' dir='ltr'><strong>tle</strong></span> <span class='ocrx_word' id='word_1_282' title='bbox 547 3232 644 3296; x_wconf 83' lang='lat' dir='ltr'><strong>enimn</strong></span> <span class='ocrx_word' id='word_1_283' title='bbox 660 3231 690 3294; x_wconf 92' lang='lat' dir='ltr'><strong>in</strong></span> <span class='ocrx_word' id='word_1_284' title='bbox 707 3232 824 3295; x_wconf 88' lang='lat' dir='ltr'><strong>inleruo</strong></span> <span class='ocrx_word' id='word_1_285' title='bbox 840 3231 959 3309; x_wconf 86' lang='lat' dir='ltr'><strong>dieitur,</strong></span> <span class='ocrx_word' id='word_1_286' title='bbox 983 3253 1041 3295; x_wconf 89' lang='lat' dir='ltr'><strong>nou</strong></span> <span class='ocrx_word' id='word_1_287' title='bbox 1059 3253 1125 3296; x_wconf 84' lang='lat' dir='ltr'><strong>esse</strong></span> <span class='ocrx_word' id='word_1_288' title='bbox 1145 3233 1267 3296; x_wconf 85' lang='lat' dir='ltr'><strong>destitu-</strong></span> 
     </span>
     <span class='ocr_line' id='line_1_31' title="bbox 108 3333 1268 3422; baseline 0 -24"><span class='ocrx_word' id='word_1_289' title='bbox 108 3346 171 3398; x_wconf 85' lang='lat' dir='ltr'><strong>tam</strong></span> <span class='ocrx_word' id='word_1_290' title='bbox 187 3333 348 3418; x_wconf 76' lang='lat' dir='ltr'><strong>signiiem3</strong></span> <span class='ocrx_word' id='word_1_291' title='bbox 370 3345 499 3400; x_wconf 78' lang='lat' dir='ltr'><strong>cononem</strong></span> <span class='ocrx_word' id='word_1_292' title='bbox 516 3345 612 3398; x_wconf 82' lang='lat' dir='ltr'><strong>autem</strong></span> <span class='ocrx_word' id='word_1_293' title='bbox 628 3333 751 3412; x_wconf 81' lang='lat' dir='ltr'><strong>eddidit,</strong></span> <span class='ocrx_word' id='word_1_294' title='bbox 775 3345 808 3398; x_wconf 89' lang='lat' dir='ltr'><strong>nt</strong></span> <span class='ocrx_word' id='word_1_295' title='bbox 822 3343 955 3398; x_wconf 82' lang='lat' dir='ltr'><strong>sanetum</strong></span> <span class='ocrx_word' id='word_1_296' title='bbox 974 3355 1080 3422; x_wconf 88' lang='lat' dir='ltr'><strong>eorpus</strong></span> <span class='ocrx_word' id='word_1_297' title='bbox 1097 3334 1268 3401; x_wconf 86' lang='lat' dir='ltr'><strong>ostenderet</strong></span> 
     </span>
     <span class='ocr_line' id='line_1_32' title="bbox 108 3435 1267 3524; baseline 0 -24"><span class='ocrx_word' id='word_1_298' title='bbox 108 3435 189 3522; x_wconf 89' lang='lat' dir='ltr'><strong>qnotl</strong></span> <span class='ocrx_word' id='word_1_299' title='bbox 210 3436 429 3521; x_wconf 73' lang='lat' dir='ltr'><strong>corruptionem</strong></span> <span class='ocrx_word' id='word_1_300' title='bbox 447 3455 506 3500; x_wconf 89' lang='lat' dir='ltr'><strong>non</strong></span> <span class='ocrx_word' id='word_1_301' title='bbox 521 3437 612 3516; x_wconf 87' lang='lat' dir='ltr'><strong>vidit,</strong></span> <span class='ocrx_word' id='word_1_302' title='bbox 636 3435 687 3500; x_wconf 85' lang='lat' dir='ltr'><strong>setl</strong></span> <span class='ocrx_word' id='word_1_303' title='bbox 707 3446 774 3522; x_wconf 87' lang='lat' dir='ltr'><strong>post</strong></span> <span class='ocrx_word' id='word_1_304' title='bbox 791 3436 918 3506; x_wconf 82' lang='lat' dir='ltr'><strong>triduum</strong></span> <span class='ocrx_word' id='word_1_305' title='bbox 938 3437 1138 3524; x_wconf 90' lang='lat' dir='ltr'><strong>inoorruptum</strong></span> <span class='ocrx_word' id='word_1_306' title='bbox 1161 3447 1192 3502; x_wconf 91' lang='lat' dir='ltr'><strong>et</strong></span> <span class='ocrx_word' id='word_1_307' title='bbox 1214 3437 1267 3500; x_wconf 84' lang='lat' dir='ltr'><strong>iun·</strong></span> 
     </span>
     <span class='ocr_line' id='line_1_33' title="bbox 108 3535 866 3624; baseline -0.004 -20"><span class='ocrx_word' id='word_1_308' title='bbox 108 3537 289 3604; x_wconf 73' lang='lat' dir='ltr'><strong>mortalitate</strong></span> <span class='ocrx_word' id='word_1_309' title='bbox 311 3537 341 3601; x_wconf 89' lang='lat' dir='ltr'><strong>iu</strong></span> <span class='ocrx_word' id='word_1_310' title='bbox 364 3550 516 3602; x_wconf 84' lang='lat' dir='ltr'><strong>aeternum</strong></span> <span class='ocrx_word' id='word_1_311' title='bbox 538 3539 700 3624; x_wconf 80' lang='lat' dir='ltr'><strong>praeditum</strong></span> <span class='ocrx_word' id='word_1_312' title='bbox 724 3535 866 3604; x_wconf 81' lang='lat' dir='ltr'><strong>surrexit.</strong></span> 
     </span>
    </p>

    <p class='ocr_par' dir='ltr' id='par_1_4' title="bbox 108 3637 1417 4549">
     <span class='ocr_line' id='line_1_34' title="bbox 199 3637 1263 3726; baseline 0.001 -23"><span class='ocrx_word' id='word_1_313' title='bbox 199 3637 248 3703; x_wconf 74' lang='lat' dir='ltr'><strong>&#39;l&#39;u</strong></span> <span class='ocrx_word' id='word_1_314' title='bbox 275 3659 348 3704; x_wconf 88' lang='lat' dir='ltr'><strong>vero</strong></span> <span class='ocrx_word' id='word_1_315' title='bbox 369 3640 442 3706; x_wconf 82' lang='lat' dir='ltr'><strong>haee</strong></span> <span class='ocrx_word' id='word_1_316' title='bbox 465 3652 567 3706; x_wconf 86' lang='lat' dir='ltr'><strong>nostra</strong></span> <span class='ocrx_word' id='word_1_317' title='bbox 594 3661 718 3726; x_wconf 83' lang='lat' dir='ltr'><strong>oorpora</strong></span> <span class='ocrx_word' id='word_1_318' title='bbox 742 3650 876 3704; x_wconf 78' lang='lat' dir='ltr'><strong>scorteos</strong></span> <span class='ocrx_word' id='word_1_319' title='bbox 900 3657 968 3705; x_wconf 86' lang='lat' dir='ltr'><strong>esse</strong></span> <span class='ocrx_word' id='word_1_320' title='bbox 990 3641 1104 3706; x_wconf 82' lang='lat' dir='ltr'><strong>tunicas</strong></span> <span class='ocrx_word' id='word_1_321' title='bbox 1126 3642 1263 3720; x_wconf 82' lang='lat' dir='ltr'><strong>offirmas,</strong></span> 
     </span>
     <span class='ocr_line' id='line_1_35' title="bbox 109 3739 1266 3828; baseline -0.002 -20"><span class='ocrx_word' id='word_1_322' title='bbox 109 3763 178 3808; x_wconf 90' lang='lat' dir='ltr'><strong>oum</strong></span> <span class='ocrx_word' id='word_1_323' title='bbox 199 3743 228 3805; x_wconf 85' lang='lat' dir='ltr'><strong>it</strong></span> <span class='ocrx_word' id='word_1_324' title='bbox 253 3743 396 3807; x_wconf 70' lang='lat' dir='ltr'><strong>orationis</strong></span> <span class='ocrx_word' id='word_1_325' title='bbox 414 3763 599 3828; x_wconf 79' lang='lat' dir='ltr'><strong>consequens</strong></span> <span class='ocrx_word' id='word_1_326' title='bbox 615 3743 710 3808; x_wconf 86' lang='lat' dir='ltr'><strong>series</strong></span> <span class='ocrx_word' id='word_1_327' title='bbox 731 3743 856 3810; x_wconf 83' lang='lat' dir='ltr'><strong>refellet.</strong></span> <span class='ocrx_word' id='word_1_328' title='bbox 903 3739 964 3808; x_wconf 82' lang='lat' dir='ltr'><strong>Setl</strong></span> <span class='ocrx_word' id='word_1_329' title='bbox 984 3742 1057 3810; x_wconf 84' lang='lat' dir='ltr'><strong>laaeo</strong></span> <span class='ocrx_word' id='word_1_330' title='bbox 1074 3743 1111 3808; x_wconf 87' lang='lat' dir='ltr'><strong>ab</strong></span> <span class='ocrx_word' id='word_1_331' title='bbox 1133 3743 1191 3809; x_wconf 88' lang='lat' dir='ltr'><strong>illis</strong></span> <span class='ocrx_word' id='word_1_332' title='bbox 1214 3743 1266 3808; x_wconf 88' lang='lat' dir='ltr'><strong>tibi</strong></span> 
     </span>
     <span class='ocr_line' id='line_1_36' title="bbox 109 3843 1266 3932; baseline 0 -21"><span class='ocrx_word' id='word_1_333' title='bbox 109 3843 292 3924; x_wconf 82' lang='lat' dir='ltr'><strong>seminibus,</strong></span> <span class='ocrx_word' id='word_1_334' title='bbox 318 3865 441 3930; x_wconf 92' lang='lat' dir='ltr'><strong>quornm</strong></span> <span class='ocrx_word' id='word_1_335' title='bbox 458 3865 497 3910; x_wconf 84' lang='lat' dir='ltr'><strong>ex</strong></span> <span class='ocrx_word' id='word_1_336' title='bbox 520 3845 672 3931; x_wconf 79' lang='lat' dir='ltr'><strong>gentilium</strong></span> <span class='ocrx_word' id='word_1_337' title='bbox 696 3844 960 3932; x_wconf 72' lang='lat' dir='ltr'><strong>superstitionem</strong></span> <span class='ocrx_word' id='word_1_338' title='bbox 980 3845 1087 3911; x_wconf 82' lang='lat' dir='ltr'><strong>fabulis</strong></span> <span class='ocrx_word' id='word_1_339' title='bbox 1107 3855 1189 3912; x_wconf 86' lang='lat' dir='ltr'><strong>satus</strong></span> <span class='ocrx_word' id='word_1_340' title='bbox 1211 3867 1266 3911; x_wconf 85' lang='lat' dir='ltr'><strong>ex-</strong></span> 
     </span>
     <span class='ocr_line' id='line_1_37' title="bbox 109 3945 1266 4035; baseline -0.001 -22"><span class='ocrx_word' id='word_1_341' title='bbox 109 3946 234 4035; x_wconf 73' lang='lat' dir='ltr'><strong>cepisti,</strong></span> <span class='ocrx_word' id='word_1_342' title='bbox 256 3947 367 4011; x_wconf 87' lang='lat' dir='ltr'><strong>inieota</strong></span> <span class='ocrx_word' id='word_1_343' title='bbox 386 3945 503 4013; x_wconf 81' lang='lat' dir='ltr'><strong>videtur</strong></span> <span class='ocrx_word' id='word_1_344' title='bbox 524 3947 639 4034; x_wconf 85' lang='lat' dir='ltr'><strong>opinio:</strong></span> <span class='ocrx_word' id='word_1_345' title='bbox 664 3971 720 4013; x_wconf 85' lang='lat' dir='ltr'><strong>neo</strong></span> <span class='ocrx_word' id='word_1_346' title='bbox 738 3969 798 4012; x_wconf 92' lang='lat' dir='ltr'><strong>oon</strong></span> <span class='ocrx_word' id='word_1_347' title='bbox 817 3959 848 4012; x_wconf 90' lang='lat' dir='ltr'><strong>et</strong></span> <span class='ocrx_word' id='word_1_348' title='bbox 868 3967 908 4011; x_wconf 85' lang='lat' dir='ltr'><strong>ex</strong></span> <span class='ocrx_word' id='word_1_349' title='bbox 925 3948 1013 4032; x_wconf 87' lang='lat' dir='ltr'><strong>impia</strong></span> <span class='ocrx_word' id='word_1_350' title='bbox 1034 3948 1083 4011; x_wconf 91' lang='lat' dir='ltr'><strong>illa</strong></span> <span class='ocrx_word' id='word_1_351' title='bbox 1108 3949 1266 4012; x_wconf 86' lang='lat' dir='ltr'><strong>ratiocina-</strong></span> 
     </span>
     <span class='ocr_line' id='line_1_38' title="bbox 109 4048 1265 4135; baseline 0.001 -21"><span class='ocrx_word' id='word_1_352' title='bbox 109 4053 193 4116; x_wconf 80' lang='lat' dir='ltr'><strong>tione</strong></span> <span class='ocrx_word' id='word_1_353' title='bbox 208 4048 375 4134; x_wconf 83' lang='lat' dir='ltr'><strong>ioitleliqne</strong></span> <span class='ocrx_word' id='word_1_354' title='bbox 391 4051 427 4114; x_wconf 80' lang='lat' dir='ltr'><strong>tle</strong></span> <span class='ocrx_word' id='word_1_355' title='bbox 444 4051 661 4116; x_wconf 86' lang='lat' dir='ltr'><strong>resurreetione</strong></span> <span class='ocrx_word' id='word_1_356' title='bbox 678 4052 832 4135; x_wconf 80' lang='lat' dir='ltr'><strong>dogmate,</strong></span> <span class='ocrx_word' id='word_1_357' title='bbox 856 4049 931 4134; x_wconf 86' lang='lat' dir='ltr'><strong>quotl</strong></span> <span class='ocrx_word' id='word_1_358' title='bbox 946 4049 976 4115; x_wconf 92' lang='lat' dir='ltr'><strong>in</strong></span> <span class='ocrx_word' id='word_1_359' title='bbox 995 4060 1023 4113; x_wconf 89' lang='lat' dir='ltr'><strong>te</strong></span> <span class='ocrx_word' id='word_1_360' title='bbox 1040 4050 1165 4114; x_wconf 82' lang='lat' dir='ltr'><strong>indidem</strong></span> <span class='ocrx_word' id='word_1_361' title='bbox 1183 4052 1265 4115; x_wconf 85' lang='lat' dir='ltr'><strong>exni-</strong></span> 
     </span>
     <span class='ocr_line' id='line_1_39' title="bbox 110 4151 1263 4238; baseline -0.002 -20"><span class='ocrx_word' id='word_1_362' title='bbox 110 4165 205 4218; x_wconf 87' lang='lat' dir='ltr'><strong>tatnm</strong></span> <span class='ocrx_word' id='word_1_363' title='bbox 230 4165 292 4230; x_wconf 86' lang='lat' dir='ltr'><strong>est,</strong></span> <span class='ocrx_word' id='word_1_364' title='bbox 322 4163 352 4216; x_wconf 90' lang='lat' dir='ltr'><strong>et</strong></span> <span class='ocrx_word' id='word_1_365' title='bbox 375 4168 393 4216; x_wconf 81' lang='lat' dir='ltr'><strong>a</strong></span> <span class='ocrx_word' id='word_1_366' title='bbox 416 4151 560 4234; x_wconf 80' lang='lat' dir='ltr'><strong>Graecis,</strong></span> <span class='ocrx_word' id='word_1_367' title='bbox 591 4153 640 4238; x_wconf 91' lang='lat' dir='ltr'><strong>qui</strong></span> <span class='ocrx_word' id='word_1_368' title='bbox 666 4171 703 4218; x_wconf 90' lang='lat' dir='ltr'><strong>eo</strong></span> <span class='ocrx_word' id='word_1_369' title='bbox 727 4163 756 4217; x_wconf 89' lang='lat' dir='ltr'><strong>te</strong></span> <span class='ocrx_word' id='word_1_370' title='bbox 782 4153 985 4232; x_wconf 81' lang='lat' dir='ltr'><strong>deduxerunt,</strong></span> <span class='ocrx_word' id='word_1_371' title='bbox 1016 4163 1064 4216; x_wconf 90' lang='lat' dir='ltr'><strong>est</strong></span> <span class='ocrx_word' id='word_1_372' title='bbox 1088 4153 1263 4238; x_wconf 79' lang='lat' dir='ltr'><strong>proiectum.</strong></span> 
     </span>
     <span class='ocr_line' id='line_1_40' title="bbox 109 4255 1417 4340; baseline -0.001 -20"><span class='ocrx_word' id='word_1_373' title='bbox 109 4258 257 4320; x_wconf 67' lang='lat' dir='ltr'><strong>Armant</strong></span> <span class='ocrx_word' id='word_1_374' title='bbox 272 4258 355 4331; x_wconf 66' lang='lat' dir='ltr'><strong>mn,</strong></span> <span class='ocrx_word' id='word_1_375' title='bbox 379 4255 485 4340; x_wconf 83' lang='lat' dir='ltr'><strong>inquit,</strong></span> <span class='ocrx_word' id='word_1_376' title='bbox 508 4260 589 4321; x_wconf 75' lang='lat' dir='ltr'><strong>tomo</strong></span> <span class='ocrx_word' id='word_1_377' title='bbox 603 4279 659 4320; x_wconf 80' lang='lat' dir='ltr'><strong>non</strong></span> <span class='ocrx_word' id='word_1_378' title='bbox 675 4261 799 4338; x_wconf 69' lang='lat' dir='ltr'><strong>capoten</strong></span> <span class='ocrx_word' id='word_1_379' title='bbox 813 4275 885 4340; x_wconf 77' lang='lat' dir='ltr'><strong>quoe</strong></span> <span class='ocrx_word' id='word_1_380' title='bbox 899 4267 968 4318; x_wconf 76' lang='lat' dir='ltr'><strong>root</strong></span> <span class='ocrx_word' id='word_1_381' title='bbox 981 4257 1117 4336; x_wconf 66' lang='lat' dir='ltr'><strong>epatre,</strong></span> <span class='ocrx_word' id='word_1_382' title='bbox 1140 4259 1263 4320; x_wconf 76' lang='lat' dir='ltr'><strong>snrtttntr</strong></span> <span class='ocrx_word' id='word_1_383' title='bbox 1276 4267 1417 4319; x_wconf 62' lang='lat' dir='ltr'><strong>ecorum</strong></span> 
     </span>
     <span class='ocr_line' id='line_1_41' title="bbox 108 4355 1264 4440; baseline 0 -18"><span class='ocrx_word' id='word_1_384' title='bbox 108 4363 184 4422; x_wconf 68' lang='lat' dir='ltr'><strong>enter</strong></span> <span class='ocrx_word' id='word_1_385' title='bbox 201 4369 246 4420; x_wconf 79' lang='lat' dir='ltr'><strong>est</strong></span> <span class='ocrx_word' id='word_1_386' title='bbox 262 4361 322 4432; x_wconf 87' lang='lat' dir='ltr'><strong>itii,</strong></span> <span class='ocrx_word' id='word_1_387' title='bbox 345 4361 413 4440; x_wconf 74' lang='lat' dir='ltr'><strong>quein</strong></span> <span class='ocrx_word' id='word_1_388' title='bbox 434 4364 604 4440; x_wconf 77' lang='lat' dir='ltr'><strong>spirituliter</strong></span> <span class='ocrx_word' id='word_1_389' title='bbox 621 4365 811 4424; x_wconf 79' lang='lat' dir='ltr'><strong>erominntur.</strong></span> <span class='ocrx_word' id='word_1_390' title='bbox 858 4355 1020 4422; x_wconf 85' lang='lat' dir='ltr'><strong>Enimvero</strong></span> <span class='ocrx_word' id='word_1_391' title='bbox 1042 4358 1067 4423; x_wconf 85' lang='lat' dir='ltr'><strong>si</strong></span> <span class='ocrx_word' id='word_1_392' title='bbox 1086 4369 1154 4424; x_wconf 85' lang='lat' dir='ltr'><strong>note</strong></span> <span class='ocrx_word' id='word_1_393' title='bbox 1173 4359 1264 4424; x_wconf 88' lang='lat' dir='ltr'><strong>violo·</strong></span> 
     </span>
     <span class='ocr_line' id='line_1_42' title="bbox 109 4459 1266 4549; baseline -0.002 -23"><span class='ocrx_word' id='word_1_394' title='bbox 109 4473 172 4526; x_wconf 82' lang='lat' dir='ltr'><strong>tum</strong></span> <span class='ocrx_word' id='word_1_395' title='bbox 188 4459 490 4532; x_wconf 82' lang='lat' dir='ltr'><strong>mandatumtnuioao</strong></span> <span class='ocrx_word' id='word_1_396' title='bbox 505 4461 606 4548; x_wconf 88' lang='lat' dir='ltr'><strong>primis</strong></span> <span class='ocrx_word' id='word_1_397' title='bbox 620 4463 729 4528; x_wconf 79' lang='lat' dir='ltr'><strong>nostrin</strong></span> <span class='ocrx_word' id='word_1_398' title='bbox 744 4461 912 4549; x_wconf 72' lang='lat' dir='ltr'><strong>puerulum</strong></span> <span class='ocrx_word' id='word_1_399' title='bbox 924 4471 1025 4528; x_wconf 86' lang='lat' dir='ltr'><strong>essent</strong></span> <span class='ocrx_word' id='word_1_400' title='bbox 1040 4460 1168 4542; x_wconf 85' lang='lat' dir='ltr'><strong>oblatae,</strong></span> <span class='ocrx_word' id='word_1_401' title='bbox 1193 4483 1266 4525; x_wconf 90' lang='lat' dir='ltr'><strong>uon·</strong></span> 
     </span>
    </p>
   </div>
   <div class='ocr_carea' id='block_1_3' title="bbox 985 4563 1062 4632">
    <p class='ocr_par' dir='ltr' id='par_1_5' title="bbox 985 4563 1062 4632">
     <span class='ocr_line' id='line_1_43' title="bbox 985 4563 1062 4632; baseline -0.013 0"><span class='ocrx_word' id='word_1_402' title='bbox 985 4563 1062 4632; x_wconf 78' lang='lat'><strong>23*</strong></span> 
     </span>
    </p>
   </div>
   <div class='ocr_carea' id='block_1_4' title="bbox 0 0 1598 4928">
    <p class='ocr_par' dir='ltr' id='par_1_6' title="bbox 0 0 1598 4928">
     <span class='ocr_line' id='line_1_44' title="bbox 0 0 1598 4928; baseline 0 0"><span class='ocrx_word' id='word_1_403' title='bbox 0 0 1598 4928; x_wconf 95' lang='lat' dir='ltr'><strong> </strong></span> 
     </span>
    </p>
   </div>
  </div>
 </body>
</html>
