3154 4930
349 253 484 307 rnuann
503 251 981 307 nrr.n.ron.n.naun.uxv1.
1184 233 1248 302 443

93 395 190 461 neque
208 375 323 461 penitus
342 374 476 459 extingui
493 373 597 460 possit,
621 371 729 458 poterit
745 391 849 436 rursus
867 371 952 436 novis
969 391 1004 436 ao
1022 369 1181 436 maioribus
1198 391 1248 434 oo·
1284 451 1288 462 ‚

92 477 148 564 piis
166 477 299 542 conflatis
316 477 454 556 uincere,
480 477 596 560 vimque
617 474 695 538 iilam
717 495 733 537 a
752 475 874 539 meliore
893 474 949 537 deo
965 485 1112 559 receptam
1132 474 1249 538 auferre

92 582 206 660 denuo3
232 599 349 662 exque
373 579 509 663 sequitur
533 577 640 640 muitum
665 576 743 640 iiiios
768 575 906 662 opinione
928 575 1070 640 resistere
1093 586 1247 661 perpetuu,

92 703 188 766 neque
204 679 410 766 comprehendi
429 699 554 764 unquam
572 689 660 762 etque
678 679 708 742 iu
727 689 901 765 potestatem
914 687 1007 764 ‘posse
1023 679 1133 762 redigi,
1157 679 1201 742 sio
1217 687 1249 742 ut

91 785 210 847 assidue
226 783 360 868 diripiat,
386 803 421 846 ac
435 782 566 846 vicissim
584 781 746 867 diripiatur.
792 781 878 866 Quod
896 782 921 847 si
942 781 1020 845 istud
1035 779 1139 845 vesani
1156 780 1249 844 uoni-

91 906 147 950 nes
162 883 342 969 summisque
357 885 508 948 erroribus
523 885 674 948 excaecati
690 885 838 964 dixerint,
863 895 1051 970 posteaquam
1066 883 1161 948 bortrus
1177 883 1249 946 deun

91 987 253 1074 particulae
275 986 369 1064 iliius,
394 987 540 1072 quaesibi
559 999 659 1071 erepte
680 989 794 1066 iuerat,
817 999 995 1050 annaturem
1014 984 1069 1049 sibi
1091 985 1249 1068 aiiqnaodo

91 1088 304 1167 vindicaverit,
329 1099 397 1152 tunc
416 1089 597 1174 principatus
620 1109 655 1152 ac
676 1097 836 1174 potestates
858 1089 1022 1152 constrariae
1047 1087 1182 1152 iectionis
1205 1087 1249 1150 iu·

89 1192 264 1256 terneeioue
283 1192 446 1256 deleturum
465 1211 550 1269 esse,
576 1193 631 1256 ioo
654 1192 770 1276 inquam
791 1192 817 1256 si
837 1191 983 1271 dixerint,
1007 1190 1032 1256 si
1051 1190 1171 1254 crnniuo
1194 1209 1248 1252 ex-

89 1295 229 1378 tinguere
244 1314 279 1357 ao
297 1294 420 1380 perdere
436 1292 544 1358 bouum
561 1295 646 1358 deum
663 1293 861 1369 asseruerint,
887 1293 983 1358 nuiius
1004 1293 1090 1357 aitcri
1107 1292 1250 1376 imposto-

90 1396 135 1460 ris
153 1397 232 1460 iiiius
250 1415 317 1460 osse
336 1395 456 1459 decreto
480 1395 563 1460 iocus
587 1395 713 1482 poterit,
743 1417 800 1482 quo
823 1398 910 1460 docet
929 1396 1036 1461 bonum
1061 1395 1140 1458 idum
1163 1395 1249 1458 denen

89 1499 199 1563 iustum
221 1519 278 1562 non
299 1517 386 1576 esse,
410 1517 507 1582 neqne
529 1499 744 1584 deiinqnentem
771 1499 829 1563 uiio
849 1498 956 1562 iudicio
974 1500 1130 1574 damnare,
1155 1517 1250 1580 oeque

90 1600 247 1666 tormentis
264 1600 423 1678 subiicere,
448 1621 503 1664 noo
520 1601 667 1666 occidere.
712 1600 791 1666 Nam
807 1603 831 1664 si
847 1600 1005 1681 diabolum,
1030 1611 1080 1662 eut
1093 1621 1250 1685 quoecum-

90 1725 149 1789 que
166 1705 281 1769 demnm
299 1715 344 1767 est
363 1703 498 1790 opposita
515 1704 562 1767 iiia
579 1705 643 1782 vis,
666 1705 796 1768 emedio
814 1705 916 1768 toliere
932 1723 966 1766 ee
985 1703 1141 1788 prodigere
1160 1721 1249 1764 euoe-

90 1820 152 1885 tnr,
177 1817 227 1870 aut
252 1827 292 1872 cx
313 1805 542 1892 eires-sententie
561 1805 656 1870 bontas
673 1825 742 1870 csse
760 1807 892 1882 desinet,
915 1817 944 1870 ut
967 1805 996 1868 in
1015 1803 1093 1868 iiiios
1115 1805 1250 1868 cretione

90 1911 219 1996 positum
237 1918 294 1986 est,
319 1921 367 1974 aut
384 1910 409 1973 si
428 1906 616 1973 nihilominus
633 1909 726 1973 bonus
744 1921 802 1986 est,
827 1907 931 1974 malum
948 1907 1070 1993 insuper
1082 1905 1248 1990 extinguet,

90 2011 273 2098 proindeque
290 2012 366 2076 idem
385 2011 448 2094 ipse
473 2012 530 2074 crit
551 2012 625 2076 coeii
645 2031 679 2076 ac
700 2023 796 2076 terrae
817 2011 953 2076 conditor
976 2011 1127 2087 dominus,
1152 2017 1185 2074 ut
1205 2020 1252 2074 est

87 2134 211 2192 reuera,
231 2113 278 2197 qui
298 2113 453 2199 unicnique
471 2135 522 2199 pro
535 2135 657 2200 operum
670 2137 790 2179 suorum
811 2113 925 2178 ratione
942 2111 1069 2197 praemia
1085 2111 1249 2189 constituit,

88 2217 139 2300 qui
160 2235 213 2300 pro
236 2215 344 2281 eximia
367 2216 496 2280 bonitate
514 2217 542 2282 ei
563 2218 611 2302 qui
628 2217 723 2282 bonus
743 2229 806 2296 ert,
831 2228 862 2280 et
877 2217 906 2280 in
930 2218 1098 2280 exercenda
1120 2213 1251 2278 bonitate

88 2317 251 2396 laborarit,
282 2319 403 2403 perinde
427 2320 534 2382 bornum
557 2321 706 2404 rependit,
737 2319 764 2382 ei
788 2340 861 2384 vero
886 2319 933 2404 qui
959 2319 1033 2382 maia
1057 2315 1249 2395 commiserit,

88 2421 169 2506 quod
185 2419 293 2486 inustum
310 2432 357 2485 est
372 2421 477 2484 reddit.
525 2419 574 2484 En
591 2420 696 2505 quibus
713 2421 847 2486 omnibus
863 2419 1031 2486 Marrichaei
1049 2420 1144 2482 oratio
1160 2418 1249 2482 reici·

87 2523 179 2601 ditur,
212 2544 286 2608 quae
313 2524 349 2588 ed
375 2519 553 2588 contrariam
579 2525 739 2590 doctrinam
766 2525 943 2609 depravatos
966 2524 1113 2588 homiuum
1135 2523 1250 2586 animos

84 2627 219 2691 abducit.

177 2725 237 2794 Sed
257 2749 334 2792 nuuc
355 2728 434 2792 iliius
451 2729 556 2813 dogma
580 2731 615 2793 ed
638 2729 777 2808 verbum,
803 2731 843 2794 uti
862 2739 1093 2794 consentaneum
1110 2737 1174 2806 est,
1198 2727 1249 2790 ad·
1285 2739 1345 2804 rap

84 2831 234 2911 scribam,
259 2851 299 2894 ex
317 2830 455 2894 Archelai
473 2852 562 2914 opero
581 2835 657 2916 quod
675 2833 818 2896 adversus
837 2834 959 2897 eundem
977 2830 1057 2894 iilum
1078 2829 1185 2908 edidit,
1208 2849 1249 2892 ex
1271 2807 1358 2859 xxv·
1461 2880 1467 2893 .

83 2935 127 2998 iis
144 2953 219 3017 quac
235 2932 409 3018 aTyrirooe
426 2933 568 3020 discipulo
583 2935 660 2998 iiiios
678 2946 844 3020 receperat,
865 2936 901 2998 de
916 2956 974 3019 quo
988 2935 1165 2997 mentionem
1180 2943 1249 2996 utute

85 3037 226 3100 fecimus.
273 3033 350 3100 Nam
369 3059 433 3100 curu
452 3038 617 3102 Archelaus
634 3039 788 3122 episcopus
805 3050 833 3101 et
851 3035 1013 3101 Menoetius
1029 3039 1065 3100 de
1081 3033 1180 3100 Matris
1198 3035 1250 3098 do·

82 3137 237 3224 gmatibus
263 3136 433 3224 Tyrbonem
460 3140 713 3226 interrogassent,
746 3140 818 3204 haec
842 3141 890 3204 ilie
913 3139 978 3225 ipsa
1002 3140 1152 3226 respoudit
1174 3157 1249 3222 quae

82 3263 146 3306 nos
169 3261 208 3306 ex
231 3261 267 3304 eo
290 3242 364 3306 libro
387 3243 609 3329 descripsimus.
656 3241 790 3328 Suntque
813 3243 968 3308 eiusmodi.

424 3549 614 3602 MnNtcflnet
632 3550 725 3602 turta
743 3551 916 3605 DOGMATA.

178 3651 211 3720 Si
229 3652 398 3719 Manichaei
423 3655 507 3718 iidem
533 3675 715 3736 cognoscere
735 3654 850 3733 velitis,
876 3675 958 3718 ense
980 3655 1112 3719 breviter
1130 3653 1248 3740 exposi-

80 3769 148 3822 tam
169 3758 277 3821 audite.
325 3755 381 3822 tlte
397 3757 485 3840 igitur
502 3757 572 3820 deos
589 3757 722 3841 geminos
740 3757 827 3837 coiit,
852 3758 1016 3842 ingenitos,
1041 3779 1057 3821 u
1075 3769 1168 3822 seorct
1184 3756 1250 3820 exi·

77 3871 224 3938 stantes,
250 3859 445 3945 sempiternos
467 3861 651 3944 invicemque
674 3861 852 3925 contrnrios.
898 3857 1030 3943 Quorum
1053 3861 1174 3924 aiterum
1199 3860 1250 3922 bo-

81 3985 180 4040 nurn,
204 3963 309 4026 maium
326 3963 449 4026 aiterum
467 3964 586 4041 deiinit,
611 3973 698 4046 atque
718 3961 767 4025 uni
789 3964 861 4028 iuris
882 3985 988 4046 rupturen
1005 3963 1143 4048 imponit,
1168 3974 1250 4026 tenc·

77 4071 210 4132 brarunr
237 4065 333 4130 citeri.
387 4067 434 4129 Ad
458 4067 531 4128 iocis
556 4077 654 4150 partes
680 4065 805 4129 hominis
834 4065 961 4129 animam
983 4069 1131 4150 pertinere
1155 4078 1247 4152 putat,

75 4287 112 4344 et
137 4282 195 4342 κατ’
217 4281 294 4342 udrdu
318 4291 356 4339 rd.
379 4291 454 4351 princ.
489 4284 545 4342 κατ’
568 4282 653 4354 utitis,
687 4293 744 4338 reret
768 4291 939 4352 rumpendum.
973 4291 1119 4340 Perductum
1143 4285 1183 4344 ὅτι
1206 4305 1250 4354 pro

71 4361 166 4411 delete
179 4359 298 4419 partiente
315 4348 350 4422 ἦ,
366 4359 403 4406 rd.
420 4360 501 4408 Peion.
688 4349 734 4408 dre
753 4361 879 4420 participio
900 4361 1019 4408 adstruxit
1036 4359 1183 4421 Epiphanius
1200 4363 1250 4410 ium

127 4429 166 4476 iit.
182 4417 202 4488 ἦ
216 4418 257 4476 ‘o'rt
273 4427 326 4474 tutet
340 4427 451 4487 pruebrm
465 4441 549 4476 mones.
583 4429 652 4476 Peto·
685 4438 759 4486 supro
777 4427 901 4489 nomos,
922 4429 959 4476 ti.
977 4419 1018 4478 ’ὅτι
1039 4432 1093 4487 τοῖς
1113 4423 1154 4482 da'
1169 4423 1248 4482 αὐτοῦ

68 4497 142 4548 vius
157 4497 217 4544 rent
232 4485 252 4558 ἦ
270 4490 314 4545 ἔτι.
348 4495 443 4544 uadem
456 4485 475 4560 d
489 4487 543 4554 ἅτε,
561 4495 654 4557 npetu
687 4489 901 4561 insecucutione
917 4489 1093 4564 desectione.
