3168 4926
377 255 513 308 ransart
530 255 594 307 aaa.
608 257 640 308 n.
657 257 738 310 son.
753 259 771 310 r.
790 257 887 310 naen.
902 258 946 310 ar.
1195 249 1236 316 dt

85 385 116 438 ut
131 374 188 440 alio
206 374 272 439 loeo
289 374 383 442 dusius
401 375 598 461 disputamus,
630 375 816 441 adscivisset.
863 375 922 462 Qui
938 379 1027 463 igitur
1044 379 1151 446 nntium
1169 401 1235 448 eam

86 488 175 541 matre
197 478 439 542 consuetudinem
464 478 620 558 habuerat,
654 479 703 563 qui
727 479 776 542 dlii
801 491 884 564 pater
905 501 973 545 esse
998 483 1110 569 potuit?
1152 480 1235 550 Fieri

85 579 159 644 istud
180 580 300 644 omuino
322 601 381 644 uon
404 589 512 666 potest.

164 684 207 746 At
222 683 299 746 enim
316 679 415 763 dices,
447 679 510 748 Cur
525 703 596 768 ergo
612 683 752 749 viridius
767 683 926 770 appellatus
941 696 1005 764 est,
1029 686 1086 752 nisi
1104 707 1166 752 eam
1183 689 1236 754 ob·
1254 689 1369 760 espxt.

87 784 209 850 timeret?
254 781 313 868 Qui
332 785 376 848 sio
392 784 520 865 dubitat,
550 785 617 871 quid
635 787 685 850 dex
702 797 787 852 vetus
805 789 897 852 ferret
914 787 1043 874 ignorat.
1087 788 1235 858 Nimirum

85 889 157 951 enim
173 909 214 951 ex
231 909 290 973 qno
307 887 373 952 niro
389 887 496 951 femina
513 889 656 974 desponsa
674 891 785 969 inerat,
809 890 872 956 siue
887 890 971 974 nir'go
990 902 1085 972 esset,
1109 893 1173 958 sive
1189 915 1238 980 pa·

85 1000 163 1054 terna
179 989 277 1054 adhue
293 991 322 1052 in
338 991 424 1053 domo
439 991 575 1074 degeret,
601 990 719 1056 nomine
735 1002 820 1056 tenus
836 1014 914 1056 uxor
930 993 1090 1058 disebatur.
1136 993 1238 1080 Quare

83 1094 202 1176 augelus
220 1091 266 1158 sio
284 1089 437 1176 iosephnm
455 1092 625 1177 alloquitur:
648 1097 828 1158 Nola'tainera
842 1101 970 1177 neeapere
984 1101 1128 1178 comagena
1145 1105 1389 1163 monemuth-10²0·

83 1195 127 1258 Ae
148 1216 185 1258 ue
208 1196 275 1279 quis
292 1215 424 1258 errorem
448 1194 477 1259 iu
496 1195 658 1281 evangeliis
675 1197 764 1260 uitam
781 1217 848 1262 esse
865 1200 1042 1283 suspicetur.
1087 1198 1143 1265 Est
1159 1203 1236 1269 euim

83 1297 163 1380 plane
179 1296 359 1383 stupendum
376 1297 431 1361 hue
444 1298 629 1384 mysterium,
652 1319 687 1362 ao
699 1320 790 1384 supra
806 1299 961 1366 humanum
978 1313 1091 1386 oaptuua
1108 1313 1168 1368 tota
1180 1303 1238 1370 iste

83 1400 231 1477 narratio,
263 1411 295 1463 et
317 1421 392 1484 quse
415 1400 487 1464 sotis
509 1400 629 1486 spiritus
656 1403 749 1465 saneti
779 1403 844 1467 titiis
869 1403 947 1466 clara
971 1405 1009 1468 sit
1034 1413 1064 1468 et
1088 1407 1234 1492 exposita.

82 1505 154 1564 Erat
163 1507 270 1583 agriter,
291 1500 397 1586 inquit,
416 1507 647 1584 quust'uanorum
660 1508 756 1580 XXX,
769 1507 863 1586 fidus,
888 1507 1093 1586 utputodotw,
1111 1513 1234 1591 Iosepdi,

82 1607 201 1686 pan'jm'e
216 1607 285 1678 att,
317 1609 370 1687 qus·
378 1607 440 1686 finit
453 1609 595 1668 Mottdnn.
644 1603 721 1668 Tum
737 1607 773 1670 ad
792 1606 990 1680 Abrahamum
1005 1629 1098 1694 usque
1114 1631 1239 1696 genera·

82 1705 166 1770 tionis
187 1707 300 1769 seriem
323 1707 449 1785 retexit,
483 1727 575 1792 aquo
593 1703 764 1772 Matthaeus
781 1729 908 1776 exorsus
926 1720 982 1774 est.
1030 1709 1089 1776 Sed
1109 1725 1138 1778 et
1154 1711 1237 1780 Noe·

81 1831 154 1872 mum
170 1818 313 1894 superat,
346 1819 376 1872 et
393 1810 429 1873 ad
443 1810 588 1873 Adamum
606 1811 757 1895 pervenitq
790 1822 821 1874 ut
835 1831 901 1876 eum
916 1813 966 1897 qui
982 1812 1091 1897 pmmus
1108 1815 1236 1880 omnium

80 1913 219 1976 formatus
238 1923 302 1975 erat
319 1912 356 1974 ab
371 1932 408 1976 eo
423 1908 470 1997 qui
489 1933 529 1976 ex
544 1912 622 1976 ittius
637 1933 746 1990 massa,
769 1913 856 1978 beate
870 1915 1004 1979 nimirum
1019 1915 1145 2002 virgine,
1169 1941 1237 2004 praa

80 2025 201 2098 pagatas
217 2015 326 2093 fluerat,
345 2014 517 2079 adsalutem
533 2026 712 2079 monstraret
727 2037 794 2080 esse
809 2018 983 2100 quaesitum.
1012 2017 1089 2084 Nam
1108 2031 1138 2085 et
1152 2019 1236 2086 huius

79 2114 187 2199 ipsius,
219 2117 269 2200 qui
287 2117 370 2180 dotus
386 2127 433 2181 est
446 2118 608 2201 quondam,
640 2129 669 2182 et
684 2129 868 2204 posterorum
885 2119 975 2204 ipsius
992 2141 1097 2186 oaussa
1115 2123 1238 2188 desnen-

79 2217 137 2296 tin,
170 2238 275 2282 eorum
296 2219 441 2284 duntaxat
462 2218 509 2302 qui
527 2220 723 2304 sempiternae
742 2221 821 2285 ritae
837 2221 1026 2288 hereditatem
1044 2225 1162 2308 assequi
1176 2236 1238 2290 sta·

79 2320 159 2383 dent.
198 2318 324 2384 Domum
341 2340 414 2384 vero
429 2320 572 2386 Aditum
590 2343 704 2406 quoque
720 2335 957 2408 praetergressus
972 2325 1024 2403 ait,
1042 2329 1166 2409 Qnisus't
1178 2333 1233 2392 ἀεὶ.

165 2419 239 2486 lade
261 2443 350 2509 porro
368 2424 523 2488 manifesto
541 2435 656 2488 onustat
675 2423 720 2488 dei
740 2425 818 2489 idum
840 2426 975 2498 extitisse
992 2425 1097 2506 tilium,
1130 2427 1178 2512 qui
1197 2449 1238 2494 ex

79 2523 187 2588 Adami
205 2525 321 2588 semiue
338 2527 506 2592 ooudnuata
523 2526 712 2592 suooessioue
729 2545 819 2594 nenne
837 2529 984 2614 praeditus
1000 2529 1131 2594 advenit.
1177 2528 1238 2596 Ve-

78 2647 142 2690 rum
166 2647 205 2691 ne
221 2627 267 2692 sie
284 2627 400 2712 quidem
418 2628 498 2693 oaesi
516 2629 649 2692 homines
666 2640 772 2694 tantam
790 2630 884 2694 lueem
900 2631 1051 2717 percipere
1067 2643 1236 2718 potuerunt,

78 2731 129 2792 aed
158 2729 239 2794 nitro
266 2751 284 2793 a
310 2730 436 2794 veritate
463 2729 636 2796 aberrantes
665 2745 694 2796 et
717 2753 848 2798 errorem
871 2732 1050 2799 asoisueutes
1074 2736 1237 2802 ostholioae

78 2832 232 2896 doetrinae
248 2833 499 2898 contradicebant.
544 2831 595 2898 Sin
618 2835 694 2898 enim
715 2836 906 2900 obiioiebauta
937 2833 1016 2900 Ense
1039 2838 1155 2903 tertium
1178 2841 1237 2904 iam

78 2934 266 3020 evangelium
287 2957 305 2998 a
324 2931 409 2999 Luna
433 2937 642 3022 senseriptum.
687 2935 732 3002 Ee
750 2940 853 3024 quippe
872 2938 1022 3023 prouincia
1037 2935 1139 3006 Lucae
1157 2961 1237 3006 eom·

79 3039 169 3102 missa
185 3037 236 3101 nui
253 3035 407 3102 eLxxtt
423 3039 571 3124 disoipuiis
585 3060 657 3123 quos
669 3036 784 3104 Christi
796 3043 844 3106 itte
856 3062 954 3106 sermo
965 3042 1132 3134 dissiparat,
1151 3065 1237 3128 quem

78 3140 183 3204 deiude
202 3137 312 3204 Penius
330 3141 480 3225 apostolus
499 3143 661 3205 revocavit.
710 3141 786 3210 Hniu
800 3143 890 3225 igitur
906 3145 1091 3228 praedicandi
1108 3167 1237 3229 evange·

78 3242 106 3306 ti
124 3265 233 3308 munus
247 3253 294 3306 est
310 3243 469 3307 creditum:
493 3244 578 3327 idque
596 3245 659 3330 ipso
675 3245 798 3328 primurn
815 3246 844 3308 iu
862 3244 1019 3324 Dalnratia,
1044 3245 1152 3325 Gallia,
1178 3247 1236 3312 lta·

78 3345 114 3408 iia
130 3357 161 3410 et
178 3341 355 3410 Maeedonia
371 3347 533 3431 praestititq
557 3347 652 3410 sedin
670 3347 765 3410 Gallia
781 3367 850 3431 prae
867 3348 990 3412 ceteris:
1017 3359 1047 3412 ut
1062 3350 1097 3414 de
1112 3352 1236 3414 nouaui-

76 3447 111 3510 tis
128 3447 288 3512 comitibus
305 3448 366 3510 suis
385 3445 492 3511 Paulus
512 3448 540 3510 iu
561 3447 692 3533 epistolis
709 3459 849 3514 testatur:
882 3454 1031 3526 Cresoras,
1063 3451 1173 3536 inquit,
1204 3455 1235 3514 ιἰι

78 3553 184 3612 Μία.
231 3547 414 3628 Nauorum,
438 3535 619 3630 nudatum,
643 3552 797 3636 degendum
814 3562 878 3630 est,
902 3563 934 3616 ut
948 3552 1117 3635 quibusdam
1133 3553 1235 3617 imme·

76 3653 133 3716 rito
155 3652 285 3738 piaeuit,
308 3651 361 3715 sed
383 3651 412 3714 in
429 3647 545 3732 Gallia.
820 3713 823 3720 ,

159 3751 223 3820 set
248 3763 280 3817 ut
301 3754 335 3817 ad
358 3753 521 3817 institutum
544 3755 672 3818 redeam.
719 3752 796 3820 Cum
814 3753 914 3822 Lucas
937 3756 972 3820 ab
989 3755 1177 3822 interioritas
1194 3757 1231 3822 ad
1250 3777 1310 3848 ⁰⁸10·
1324 3777 1384 3831 xn.

75 3856 230 3942 superiora
248 3854 457 3940 generationes
473 3855 676 3941 perduxisset,
709 3879 744 3922 ao
764 3858 893 3926 divinum
913 3860 1031 3924 verbum
1050 3881 1067 3922 e
1085 3861 1167 3924 oneto
1183 3859 1233 3926 de·

74 3959 187 4044 lapsum
204 3977 273 4023 esse
288 3957 495 4042 significasset,
518 3957 662 4043 simulque
675 3972 830 4046 susceptae
844 3961 940 4026 oannis
956 3961 991 4026 ab
1006 3961 1108 4026 eodem
1123 3973 1233 4048 myste-

74 4061 150 4125 rium
166 4061 332 4144 attigisset,
362 4060 403 4123 uti
421 4080 526 4124 oaeeos
542 4061 673 4125 homines
691 4061 726 4125 ab
745 4083 847 4126 errore
864 4073 1034 4141 remearet,
1059 4063 1114 4128 hoo
1128 4064 1169 4129 itt·
1187 4076 1231 4133 tn·

74 4184 144 4227 meu
168 4162 288 4247 assequi
310 4161 515 4247 nequiverunt.
561 4161 608 4229 0t
631 4163 658 4228 id
681 4163 785 4227 deinde
803 4163 922 4250 spiritus
940 4175 1058 4228 sanetus
1077 4163 1228 4248 loannem,

73 4265 202 4330 invitam
218 4265 286 4332 lieet
304 4283 339 4331 ao
356 4263 497 4350 reiigione
514 4268 636 4352 quadam
656 4276 687 4330 et
701 4263 789 4330 animi
803 4266 1006 4332 moderatione
1021 4267 1227 4352 defugientem

74 4369 110 4432 ad
128 4367 315 4432 scribendum
332 4367 516 4450 evangelium
533 4369 656 4455 impulit,
677 4369 781 4434 affeetu
795 4370 852 4434 iam
867 4378 974 4452 aetate,
995 4379 1094 4457 utpote
1108 4371 1156 4456 qui
1170 4371 1230 4434 iam

73 4507 149 4556 tituto
168 4501 229 4573 sat,
246 4507 273 4554 ut
289 4513 351 4569 quta
367 4503 438 4570 fosite
453 4519 483 4556 es
497 4510 577 4571 prim
591 4508 657 4558 uasto
672 4503 791 4574 κηρύττει
806 4507 898 4570 mutuno
913 4509 988 4571 potutt
1002 4509 1119 4558 minuant

977 4598 995 4658 ⁵
1012 4591 1026 4622 U
