<?xml version="1.0" encoding="UTF-8"?>
<!DOCTYPE html PUBLIC "-//W3C//DTD XHTML 1.0 Transitional//EN"
    "http://www.w3.org/TR/xhtml1/DTD/xhtml1-transitional.dtd">
<html xmlns="http://www.w3.org/1999/xhtml" xml:lang="en" lang="en">
 <head>
  <title>
</title>
<meta http-equiv="Content-Type" content="text/html;charset=utf-8" />
  <meta name='ocr-system' content='tesseract 3.04.00' />
  <meta name='ocr-capabilities' content='ocr_page ocr_carea ocr_par ocr_line ocrx_word'/>
</head>
<body>
  <div class='ocr_page' id='page_1' title='image "./corporishaerese02oehlgoog_0131.png"; bbox 0 0 3128 4930; ppageno 0'>
   <div class='ocr_carea' id='block_1_1' title="bbox 347 274 1078 342">
    <p class='ocr_par' dir='ltr' id='par_1_1' title="bbox 347 274 1078 342">
     <span class='ocr_line' id='line_1_1' title="bbox 347 274 1078 342; baseline 0.007 -6"><span class='ocrx_word' id='word_1_1' title='bbox 347 274 407 336; x_wconf 84' lang='lat'><strong><em>110</em></strong></span> <span class='ocrx_word' id='word_1_2' title='bbox 769 287 890 342; x_wconf 65' lang='lat' dir='ltr'><strong>sxxcw</strong></span> <span class='ocrx_word' id='word_1_3' title='bbox 907 289 1078 342; x_wconf 80' lang='grc' dir='ltr'>ΕΡΙΡΗΑΝΙΙ</span> 
     </span>
    </p>
   </div>
   <div class='ocr_carea' id='block_1_2' title="bbox 139 395 1504 2239">
    <p class='ocr_par' dir='ltr' id='par_1_2' title="bbox 343 395 1504 492">
     <span class='ocr_line' id='line_1_2' title="bbox 343 395 1504 492; baseline 0.005 -24"><span class='ocrx_word' id='word_1_4' title='bbox 343 395 422 489; x_wconf 74' lang='grc' dir='ltr'><strong><em>γελει·</em></strong></span> <span class='ocrx_word' id='word_1_5' title='bbox 438 423 501 483; x_wconf 88' lang='grc' dir='ltr'><strong><em>σοι,</em></strong></span> <span class='ocrx_word' id='word_1_6' title='bbox 522 398 593 478; x_wconf 84' lang='grc' dir='ltr'><strong><em>τούς</em></strong></span> <span class='ocrx_word' id='word_1_7' title='bbox 608 404 828 490; x_wconf 77' lang='grc' dir='ltr'><strong><em>πρεσβυτέρους</em></strong></span> <span class='ocrx_word' id='word_1_8' title='bbox 847 427 904 472; x_wconf 87' lang='grc' dir='ltr'><strong><em>σου</em></strong></span> <span class='ocrx_word' id='word_1_9' title='bbox 925 407 977 470; x_wconf 83' lang='grc' dir='ltr'><strong><em>καί</em></strong></span> <span class='ocrx_word' id='word_1_10' title='bbox 1003 407 1104 490; x_wconf 84' lang='grc' dir='ltr'><strong><em>ίροῦσί</em></strong></span> <span class='ocrx_word' id='word_1_11' title='bbox 1120 427 1183 472; x_wconf 89' lang='grc' dir='ltr'><strong><em>σοι·</em></strong></span> <span class='ocrx_word' id='word_1_12' title='bbox 1208 403 1280 472; x_wconf 83' lang='grc' dir='ltr'><strong><em>Ὅτε</em></strong></span> <span class='ocrx_word' id='word_1_13' title='bbox 1302 407 1463 492; x_wconf 73' lang='grc' dir='ltr'><strong><em>διεμέριζεν</em></strong></span> <span class='ocrx_word' id='word_1_14' title='bbox 1486 403 1504 474; x_wconf 73' lang='grc' dir='ltr'><strong><em>α’</em></strong></span> 
     </span>
    </p>

    <p class='ocr_par' dir='ltr' id='par_1_3' title="bbox 139 502 1503 593">
     <span class='ocr_line' id='line_1_3' title="bbox 139 502 1503 593; baseline 0.004 -24"><span class='ocrx_word' id='word_1_15' title='bbox 139 535 147 552; x_wconf 87' lang='lat'><em>·</em></span> <span class='ocrx_word' id='word_1_16' title='bbox 218 523 270 570; x_wconf 73' lang='lat'>1³¹8·</span> <span class='ocrx_word' id='word_1_17' title='bbox 283 511 329 557; x_wconf 73' lang='lat'><strong><em>⁴⁵¹·</em></strong></span> <span class='ocrx_word' id='word_1_18' title='bbox 346 503 476 587; x_wconf 80' lang='grc' dir='ltr'><strong><em>ύψιστος</em></strong></span> <span class='ocrx_word' id='word_1_19' title='bbox 492 507 582 588; x_wconf 74' lang='grc' dir='ltr'><strong><em>ἔθνη,</em></strong></span> <span class='ocrx_word' id='word_1_20' title='bbox 606 502 647 582; x_wconf 83' lang='grc' dir='ltr'><strong><em>άς</em></strong></span> <span class='ocrx_word' id='word_1_21' title='bbox 663 505 827 592; x_wconf 85' lang='grc' dir='ltr'><strong><em>διίσπειρεν</em></strong></span> <span class='ocrx_word' id='word_1_22' title='bbox 847 507 933 583; x_wconf 87' lang='grc' dir='ltr'><strong><em>υίούς</em></strong></span> <span class='ocrx_word' id='word_1_23' title='bbox 949 505 1057 590; x_wconf 74' lang='grc' dir='ltr'><strong><em>Ἀδάμ,</em></strong></span> <span class='ocrx_word' id='word_1_24' title='bbox 1081 511 1196 590; x_wconf 82' lang='grc' dir='ltr'><strong><em>ίστησεν</em></strong></span> <span class='ocrx_word' id='word_1_25' title='bbox 1212 508 1281 593; x_wconf 80' lang='grc' dir='ltr'><strong><em>ὅρια</em></strong></span> <span class='ocrx_word' id='word_1_26' title='bbox 1302 512 1404 576; x_wconf 80' lang='grc' dir='ltr'><strong><em>ἐθνῶν</em></strong></span> <span class='ocrx_word' id='word_1_27' title='bbox 1424 508 1503 575; x_wconf 77' lang='grc' dir='ltr'><strong><em>κατά</em></strong></span> 
     </span>
    </p>

    <p class='ocr_par' dir='ltr' id='par_1_4' title="bbox 235 597 1501 695">
     <span class='ocr_line' id='line_1_4' title="bbox 235 597 1501 695; baseline 0.002 -21"><span class='ocrx_word' id='word_1_28' title='bbox 235 638 240 647; x_wconf 80' lang='grc'>’</span> <span class='ocrx_word' id='word_1_29' title='bbox 345 597 479 693; x_wconf 80' lang='grc' dir='ltr'><strong><em>άριθμύν</em></strong></span> <span class='ocrx_word' id='word_1_30' title='bbox 495 605 625 694; x_wconf 81' lang='grc' dir='ltr'><strong><em>άγγὲλων</em></strong></span> <span class='ocrx_word' id='word_1_31' title='bbox 640 615 729 674; x_wconf 82' lang='grc' dir='ltr'><em>θεοῦ·</em></span> <span class='ocrx_word' id='word_1_32' title='bbox 750 613 802 674; x_wconf 83' lang='grc' dir='ltr'><strong><em>καλ</em></strong></span> <span class='ocrx_word' id='word_1_33' title='bbox 820 609 948 695; x_wconf 80' lang='grc' dir='ltr'><strong><em>ἐγενήθη</em></strong></span> <span class='ocrx_word' id='word_1_34' title='bbox 965 612 1048 695; x_wconf 83' lang='grc' dir='ltr'><strong><em>μερίς</em></strong></span> <span class='ocrx_word' id='word_1_35' title='bbox 1063 615 1168 694; x_wconf 91' lang='grc' dir='ltr'><strong><em>κυρίου</em></strong></span> <span class='ocrx_word' id='word_1_36' title='bbox 1188 610 1259 688; x_wconf 87' lang='grc' dir='ltr'><strong><em>λαύς</em></strong></span> <span class='ocrx_word' id='word_1_37' title='bbox 1275 609 1367 677; x_wconf 83' lang='grc' dir='ltr'><strong><em>αύτοῦ</em></strong></span> <span class='ocrx_word' id='word_1_38' title='bbox 1383 610 1501 694; x_wconf 67' lang='grc' dir='ltr'><strong><em>Ἰακώβ,</em></strong></span> 
     </span>
    </p>

    <p class='ocr_par' dir='ltr' id='par_1_5' title="bbox 343 704 1502 800">
     <span class='ocr_line' id='line_1_5' title="bbox 343 704 1502 800; baseline 0.003 -24"><span class='ocrx_word' id='word_1_39' title='bbox 343 716 496 794; x_wconf 81' lang='grc' dir='ltr'><strong><em>σχοίνισμα</em></strong></span> <span class='ocrx_word' id='word_1_40' title='bbox 512 715 708 796; x_wconf 76' lang='grc' dir='ltr'><strong><em>κληρονομίας</em></strong></span> <span class='ocrx_word' id='word_1_41' title='bbox 723 710 816 779; x_wconf 86' lang='grc' dir='ltr'><strong><em>αύτοῦ</em></strong></span> <span class='ocrx_word' id='word_1_42' title='bbox 832 710 953 796; x_wconf 80' lang='grc' dir='ltr'><strong><em>Ἰσραήλ</em></strong></span> <span class='ocrx_word' id='word_1_43' title='bbox 997 715 1040 776; x_wconf 82' lang='grc' dir='ltr'><strong><em>Εί</em></strong></span> <span class='ocrx_word' id='word_1_44' title='bbox 1054 704 1109 778; x_wconf 81' lang='grc' dir='ltr'><strong><em>οῦν</em></strong></span> <span class='ocrx_word' id='word_1_45' title='bbox 1125 711 1161 778; x_wconf 78' lang='grc' dir='ltr'><strong><em>τά</em></strong></span> <span class='ocrx_word' id='word_1_46' title='bbox 1184 717 1260 796; x_wconf 78' lang='grc' dir='ltr'><strong><em>ἔθνη</em></strong></span> <span class='ocrx_word' id='word_1_47' title='bbox 1277 711 1336 780; x_wconf 83' lang='grc' dir='ltr'><strong><em>ύπά</em></strong></span> <span class='ocrx_word' id='word_1_48' title='bbox 1360 711 1502 800; x_wconf 79' lang='grc' dir='ltr'><strong><em>άγγέλους</em></strong></span> 
     </span>
    </p>

    <p class='ocr_par' dir='ltr' id='par_1_6' title="bbox 346 811 1502 902">
     <span class='ocr_line' id='line_1_6' title="bbox 346 811 1502 902; baseline 0.003 -23"><span class='ocrx_word' id='word_1_49' title='bbox 346 815 402 880; x_wconf 81' lang='grc' dir='ltr'><strong><em>εέσί</em></strong></span> <span class='ocrx_word' id='word_1_50' title='bbox 420 815 594 900; x_wconf 70' lang='grc' dir='ltr'><strong><em>τεταγμένα,</em></strong></span> <span class='ocrx_word' id='word_1_51' title='bbox 618 817 740 891; x_wconf 75' lang='grc' dir='ltr'><strong><em>δικαίως</em></strong></span> <span class='ocrx_word' id='word_1_52' title='bbox 757 811 833 894; x_wconf 80' lang='grc' dir='ltr'><strong><em>εἷπε,</em></strong></span> <span class='ocrx_word' id='word_1_53' title='bbox 856 822 961 880; x_wconf 89' lang='grc' dir='ltr'><strong><em>Λῦσον</em></strong></span> <span class='ocrx_word' id='word_1_54' title='bbox 975 813 1045 892; x_wconf 89' lang='grc' dir='ltr'><strong><em>τούς</em></strong></span> <span class='ocrx_word' id='word_1_55' title='bbox 1059 817 1200 902; x_wconf 85' lang='grc' dir='ltr'><strong><em>τίσοαρας</em></strong></span> <span class='ocrx_word' id='word_1_56' title='bbox 1216 814 1356 902; x_wconf 81' lang='grc' dir='ltr'><strong><em>άγγέλους</em></strong></span> <span class='ocrx_word' id='word_1_57' title='bbox 1372 815 1447 893; x_wconf 85' lang='grc' dir='ltr'><strong><em>τούς</em></strong></span> <span class='ocrx_word' id='word_1_58' title='bbox 1470 820 1502 882; x_wconf 80' lang='grc' dir='ltr'><strong><em>δν</em></strong></span> 
     </span>
    </p>

    <p class='ocr_par' dir='ltr' id='par_1_7' title="bbox 343 914 1502 1006">
     <span class='ocr_line' id='line_1_7' title="bbox 343 914 1502 1006; baseline 0.002 -24"><span class='ocrx_word' id='word_1_59' title='bbox 343 923 385 1005; x_wconf 77' lang='grc' dir='ltr'><strong><em>τῷ</em></strong></span> <span class='ocrx_word' id='word_1_60' title='bbox 402 914 550 1006; x_wconf 80' lang='grc' dir='ltr'><strong><em>Εύφράτη</em></strong></span> <span class='ocrx_word' id='word_1_61' title='bbox 569 917 802 1001; x_wconf 72' lang='grc' dir='ltr'><strong><em>καθεζομένους,</em></strong></span> <span class='ocrx_word' id='word_1_62' title='bbox 824 921 875 984; x_wconf 80' lang='grc' dir='ltr'><strong><em>ταί</em></strong></span> <span class='ocrx_word' id='word_1_63' title='bbox 897 920 1091 1002; x_wconf 81' lang='grc' dir='ltr'><strong><em>ίτιεχομίνους</em></strong></span> <span class='ocrx_word' id='word_1_64' title='bbox 1110 919 1277 1003; x_wconf 71' lang='grc' dir='ltr'><strong><em>ἐπιτρέπειν</em></strong></span> <span class='ocrx_word' id='word_1_65' title='bbox 1297 927 1360 995; x_wconf 83' lang='grc' dir='ltr'><strong><em>τοῖς</em></strong></span> <span class='ocrx_word' id='word_1_66' title='bbox 1381 923 1502 985; x_wconf 80' lang='grc' dir='ltr'><strong><em>ἔθνεσιν</em></strong></span> 
     </span>
    </p>

    <p class='ocr_par' dir='ltr' id='par_1_8' title="bbox 344 1019 1502 1107">
     <span class='ocr_line' id='line_1_8' title="bbox 344 1019 1502 1107; baseline 0.002 -23"><span class='ocrx_word' id='word_1_67' title='bbox 344 1022 386 1096; x_wconf 84' lang='grc' dir='ltr'><strong><em>είς</em></strong></span> <span class='ocrx_word' id='word_1_68' title='bbox 402 1019 543 1102; x_wconf 83' lang='grc' dir='ltr'><strong><em>πόλεμον,</em></strong></span> <span class='ocrx_word' id='word_1_69' title='bbox 565 1021 622 1096; x_wconf 71' lang='grc' dir='ltr'><strong><em>ἕως</em></strong></span> <span class='ocrx_word' id='word_1_70' title='bbox 640 1029 746 1105; x_wconf 81' lang='grc' dir='ltr'><strong><em>καιροῦ</em></strong></span> <span class='ocrx_word' id='word_1_71' title='bbox 765 1025 977 1104; x_wconf 73' lang='grc' dir='ltr'><strong><em>μακροθυμίας</em></strong></span> <span class='ocrx_word' id='word_1_72' title='bbox 995 1026 1117 1107; x_wconf 87' lang='grc' dir='ltr'><strong><em>κυρίου,</em></strong></span> <span class='ocrx_word' id='word_1_73' title='bbox 1140 1024 1196 1098; x_wconf 72' lang='grc' dir='ltr'><strong><em>ἕως</em></strong></span> <span class='ocrx_word' id='word_1_74' title='bbox 1216 1020 1369 1106; x_wconf 83' lang='grc' dir='ltr'><strong><em>προςτάξει</em></strong></span> <span class='ocrx_word' id='word_1_75' title='bbox 1393 1019 1431 1087; x_wconf 91' lang='grc' dir='ltr'><strong><em>δι’</em></strong></span> <span class='ocrx_word' id='word_1_76' title='bbox 1449 1019 1502 1086; x_wconf 47' lang='grc' dir='ltr'><strong><em>αύε</em></strong></span> 
     </span>
    </p>

    <p class='ocr_par' dir='ltr' id='par_1_9' title="bbox 343 1119 1500 1210">
     <span class='ocr_line' id='line_1_9' title="bbox 343 1119 1500 1210; baseline 0.003 -23"><span class='ocrx_word' id='word_1_77' title='bbox 343 1128 403 1188; x_wconf 82' lang='grc' dir='ltr'><strong><em>τῦν</em></strong></span> <span class='ocrx_word' id='word_1_78' title='bbox 420 1124 553 1188; x_wconf 84' lang='grc' dir='ltr'><strong><em>ἐκδικίαν</em></strong></span> <span class='ocrx_word' id='word_1_79' title='bbox 574 1124 711 1208; x_wconf 70' lang='grc' dir='ltr'><strong><em>γενέσθαι</em></strong></span> <span class='ocrx_word' id='word_1_80' title='bbox 727 1131 787 1188; x_wconf 75' lang='grc' dir='ltr'><strong><em>τοῖν</em></strong></span> <span class='ocrx_word' id='word_1_81' title='bbox 807 1119 901 1188; x_wconf 89' lang='grc' dir='ltr'><strong><em>αύτοῦ</em></strong></span> <span class='ocrx_word' id='word_1_82' title='bbox 921 1119 1022 1209; x_wconf 83' lang='grc' dir='ltr'><strong><em>άγίων.</em></strong></span> <span class='ocrx_word' id='word_1_83' title='bbox 1065 1122 1266 1210; x_wconf 85' lang='grc' dir='ltr'><strong><em>Ἐκρατοῦντο</em></strong></span> <span class='ocrx_word' id='word_1_84' title='bbox 1284 1121 1340 1209; x_wconf 86' lang='grc' dir='ltr'><strong><em>γάρ</em></strong></span> <span class='ocrx_word' id='word_1_85' title='bbox 1356 1127 1389 1189; x_wconf 83' lang='grc' dir='ltr'><strong><em>οί</em></strong></span> <span class='ocrx_word' id='word_1_86' title='bbox 1406 1128 1500 1191; x_wconf 82' lang='grc' dir='ltr'><strong><em>ίπιτε·</em></strong></span> 
     </span>
    </p>

    <p class='ocr_par' dir='ltr' id='par_1_10' title="bbox 342 1221 1500 1312">
     <span class='ocr_line' id='line_1_10' title="bbox 342 1221 1500 1312; baseline 0.002 -22"><span class='ocrx_word' id='word_1_87' title='bbox 342 1225 481 1310; x_wconf 82' lang='grc' dir='ltr'><strong><em>ταγμίνοι</em></strong></span> <span class='ocrx_word' id='word_1_88' title='bbox 502 1222 619 1310; x_wconf 84' lang='grc' dir='ltr'><strong><em>άγγελοι</em></strong></span> <span class='ocrx_word' id='word_1_89' title='bbox 641 1221 701 1291; x_wconf 85' lang='grc' dir='ltr'><strong><em>ύπύ</em></strong></span> <span class='ocrx_word' id='word_1_90' title='bbox 727 1231 780 1290; x_wconf 92' lang='grc' dir='ltr'><strong><em>τοῦ</em></strong></span> <span class='ocrx_word' id='word_1_91' title='bbox 802 1225 983 1307; x_wconf 90' lang='grc' dir='ltr'><strong><em>πνεύματος,</em></strong></span> <span class='ocrx_word' id='word_1_92' title='bbox 1005 1225 1045 1308; x_wconf 78' lang='grc' dir='ltr'><em>μή</em></span> <span class='ocrx_word' id='word_1_93' title='bbox 1067 1228 1181 1309; x_wconf 73' lang='grc' dir='ltr'><strong><em>ἔχοντες</em></strong></span> <span class='ocrx_word' id='word_1_94' title='bbox 1196 1225 1302 1312; x_wconf 88' lang='grc' dir='ltr'><strong><em>καιρδν</em></strong></span> <span class='ocrx_word' id='word_1_95' title='bbox 1324 1230 1500 1312; x_wconf 77' lang='grc' dir='ltr'><strong><em>ἐπιδρομῆς,</em></strong></span> 
     </span>
    </p>

    <p class='ocr_par' dir='ltr' id='par_1_11' title="bbox 342 1325 1501 1412">
     <span class='ocr_line' id='line_1_11' title="bbox 342 1325 1501 1412; baseline 0.001 -19"><span class='ocrx_word' id='word_1_96' title='bbox 342 1326 393 1393; x_wconf 85' lang='grc' dir='ltr'><strong><em>διά</em></strong></span> <span class='ocrx_word' id='word_1_97' title='bbox 407 1326 441 1394; x_wconf 82' lang='grc' dir='ltr'><strong><em>τά</em></strong></span> <span class='ocrx_word' id='word_1_98' title='bbox 458 1325 547 1410; x_wconf 77' lang='grc' dir='ltr'><strong><em>μήπω</em></strong></span> <span class='ocrx_word' id='word_1_99' title='bbox 567 1325 646 1393; x_wconf 89' lang='grc' dir='ltr'><strong><em>λύειν</em></strong></span> <span class='ocrx_word' id='word_1_100' title='bbox 665 1326 767 1404; x_wconf 83' lang='grc' dir='ltr'><strong><em>αύτοῖς</em></strong></span> <span class='ocrx_word' id='word_1_101' title='bbox 783 1327 838 1410; x_wconf 79' lang='grc' dir='ltr'><strong><em>τὴν</em></strong></span> <span class='ocrx_word' id='word_1_102' title='bbox 860 1332 960 1411; x_wconf 84' lang='grc' dir='ltr'><strong><em>δίκην,</em></strong></span> <span class='ocrx_word' id='word_1_103' title='bbox 981 1335 1035 1393; x_wconf 92' lang='grc' dir='ltr'><strong><em>τοῦ</em></strong></span> <span class='ocrx_word' id='word_1_104' title='bbox 1051 1327 1088 1392; x_wconf 85' lang='grc' dir='ltr'><strong><em>τά</em></strong></span> <span class='ocrx_word' id='word_1_105' title='bbox 1103 1327 1192 1394; x_wconf 84' lang='grc' dir='ltr'><strong><em>λοιπά</em></strong></span> <span class='ocrx_word' id='word_1_106' title='bbox 1208 1331 1283 1412; x_wconf 82' lang='grc' dir='ltr'><strong><em>ίθνη</em></strong></span> <span class='ocrx_word' id='word_1_107' title='bbox 1299 1328 1424 1394; x_wconf 87' lang='grc' dir='ltr'><strong><em>λύεσθαι</em></strong></span> <span class='ocrx_word' id='word_1_108' title='bbox 1442 1333 1501 1395; x_wconf 74' lang='grc' dir='ltr'><strong><em>δνε·</em></strong></span> 
     </span>
    </p>

    <p class='ocr_par' dir='ltr' id='par_1_12' title="bbox 342 1428 1500 1518">
     <span class='ocr_line' id='line_1_12' title="bbox 342 1428 1500 1518; baseline 0.002 -22"><span class='ocrx_word' id='word_1_109' title='bbox 342 1455 394 1496; x_wconf 84' lang='grc' dir='ltr'><strong><em>κεν</em></strong></span> <span class='ocrx_word' id='word_1_110' title='bbox 409 1437 463 1514; x_wconf 82' lang='grc' dir='ltr'><strong><em>τῆς</em></strong></span> <span class='ocrx_word' id='word_1_111' title='bbox 482 1430 558 1515; x_wconf 88' lang='grc' dir='ltr'><strong><em>πρδς</em></strong></span> <span class='ocrx_word' id='word_1_112' title='bbox 574 1428 644 1507; x_wconf 86' lang='grc' dir='ltr'><strong><em>τούς</em></strong></span> <span class='ocrx_word' id='word_1_113' title='bbox 660 1428 762 1516; x_wconf 88' lang='grc' dir='ltr'><strong><em>άγίους</em></strong></span> <span class='ocrx_word' id='word_1_114' title='bbox 778 1429 902 1515; x_wconf 83' lang='grc' dir='ltr'><strong><em>ῦβρεως.</em></strong></span> <span class='ocrx_word' id='word_1_115' title='bbox 945 1429 1079 1496; x_wconf 88' lang='grc' dir='ltr'><strong><em>Λύονται</em></strong></span> <span class='ocrx_word' id='word_1_116' title='bbox 1095 1432 1127 1496; x_wconf 86' lang='grc' dir='ltr'><strong><em>δέ</em></strong></span> <span class='ocrx_word' id='word_1_117' title='bbox 1144 1434 1176 1496; x_wconf 89' lang='grc' dir='ltr'><strong><em>οί</em></strong></span> <span class='ocrx_word' id='word_1_118' title='bbox 1194 1437 1324 1498; x_wconf 87' lang='grc' dir='ltr'><strong><em>τοιοῦτοι</em></strong></span> <span class='ocrx_word' id='word_1_119' title='bbox 1345 1434 1398 1497; x_wconf 85' lang='grc' dir='ltr'><strong><em>καί</em></strong></span> <span class='ocrx_word' id='word_1_120' title='bbox 1412 1435 1500 1518; x_wconf 76' lang='grc' dir='ltr'><strong><em>ἐπίρ-</em></strong></span> 
     </span>
    </p>

    <p class='ocr_par' dir='ltr' id='par_1_13' title="bbox 343 1531 1500 1624">
     <span class='ocr_line' id='line_1_13' title="bbox 343 1531 1500 1624; baseline 0.002 -25"><span class='ocrx_word' id='word_1_121' title='bbox 343 1559 441 1617; x_wconf 84' lang='grc' dir='ltr'><strong><em>χονται</em></strong></span> <span class='ocrx_word' id='word_1_122' title='bbox 456 1541 493 1624; x_wconf 68' lang='grc' dir='ltr'><strong><em>τῇ</em></strong></span> <span class='ocrx_word' id='word_1_123' title='bbox 508 1541 564 1623; x_wconf 73' lang='grc' dir='ltr'><strong><em>γῇ,</em></strong></span> <span class='ocrx_word' id='word_1_124' title='bbox 588 1531 630 1610; x_wconf 80' lang='grc' dir='ltr'><strong><em>τίς</em></strong></span> <span class='ocrx_word' id='word_1_125' title='bbox 646 1531 791 1616; x_wconf 80' lang='grc' dir='ltr'><strong><em>Ἰωάννης</em></strong></span> <span class='ocrx_word' id='word_1_126' title='bbox 805 1532 983 1618; x_wconf 78' lang='grc' dir='ltr'><strong><em>προφητεύει</em></strong></span> <span class='ocrx_word' id='word_1_127' title='bbox 1001 1535 1051 1598; x_wconf 87' lang='grc' dir='ltr'><strong><em>καί</em></strong></span> <span class='ocrx_word' id='word_1_128' title='bbox 1067 1537 1098 1600; x_wconf 90' lang='grc' dir='ltr'><strong><em>οί</em></strong></span> <span class='ocrx_word' id='word_1_129' title='bbox 1112 1536 1211 1600; x_wconf 87' lang='grc' dir='ltr'><strong><em>λοιποί</em></strong></span> <span class='ocrx_word' id='word_1_130' title='bbox 1229 1541 1391 1618; x_wconf 82' lang='grc' dir='ltr'><strong><em>προφῆται.</em></strong></span> <span class='ocrx_word' id='word_1_131' title='bbox 1438 1539 1500 1601; x_wconf 79' lang='grc' dir='ltr'><strong><em>Καὶ</em></strong></span> 
     </span>
    </p>

    <p class='ocr_par' dir='ltr' id='par_1_14' title="bbox 343 1633 1500 1722">
     <span class='ocr_line' id='line_1_14' title="bbox 343 1633 1500 1722; baseline 0.003 -22"><span class='ocrx_word' id='word_1_132' title='bbox 343 1635 399 1722; x_wconf 82' lang='grc' dir='ltr'><strong><em>γάρ</em></strong></span> <span class='ocrx_word' id='word_1_133' title='bbox 415 1636 583 1719; x_wconf 82' lang='grc' dir='ltr'><strong><em>κινούμενοι</em></strong></span> <span class='ocrx_word' id='word_1_134' title='bbox 599 1639 632 1702; x_wconf 87' lang='grc' dir='ltr'><strong><em>οί</em></strong></span> <span class='ocrx_word' id='word_1_135' title='bbox 646 1633 761 1722; x_wconf 84' lang='grc' dir='ltr'><strong><em>άγγελοι</em></strong></span> <span class='ocrx_word' id='word_1_136' title='bbox 779 1641 896 1702; x_wconf 76' lang='grc' dir='ltr'><strong><em>κινοῦσι</em></strong></span> <span class='ocrx_word' id='word_1_137' title='bbox 911 1633 947 1700; x_wconf 87' lang='grc' dir='ltr'><strong><em>τά</em></strong></span> <span class='ocrx_word' id='word_1_138' title='bbox 961 1638 1037 1718; x_wconf 74' lang='grc' dir='ltr'><strong><em>ἔθνη</em></strong></span> <span class='ocrx_word' id='word_1_139' title='bbox 1054 1639 1096 1712; x_wconf 86' lang='grc' dir='ltr'><strong><em>είς</em></strong></span> <span class='ocrx_word' id='word_1_140' title='bbox 1111 1633 1207 1721; x_wconf 74' lang='grc' dir='ltr'><strong><em>δρμήν</em></strong></span> <span class='ocrx_word' id='word_1_141' title='bbox 1223 1638 1361 1714; x_wconf 84' lang='grc' dir='ltr'><strong><em>ἐκδικίας.</em></strong></span> <span class='ocrx_word' id='word_1_142' title='bbox 1407 1637 1500 1703; x_wconf 62' lang='grc' dir='ltr'><strong><em>’Ὅτι</em></strong></span> 
     </span>
    </p>

    <p class='ocr_par' dir='ltr' id='par_1_15' title="bbox 343 1733 1500 1824">
     <span class='ocr_line' id='line_1_15' title="bbox 343 1733 1500 1824; baseline 0.001 -19"><span class='ocrx_word' id='word_1_143' title='bbox 343 1740 376 1805; x_wconf 86' lang='grc' dir='ltr'><strong><em>δέ</em></strong></span> <span class='ocrx_word' id='word_1_144' title='bbox 398 1743 544 1824; x_wconf 87' lang='grc' dir='ltr'><strong><em>πυρίνους</em></strong></span> <span class='ocrx_word' id='word_1_145' title='bbox 558 1741 609 1804; x_wconf 84' lang='grc' dir='ltr'><strong><em>καί</em></strong></span> <span class='ocrx_word' id='word_1_146' title='bbox 624 1738 763 1815; x_wconf 87' lang='grc' dir='ltr'><strong><em>θειύδεις</em></strong></span> <span class='ocrx_word' id='word_1_147' title='bbox 779 1741 830 1804; x_wconf 90' lang='grc' dir='ltr'><strong><em>καί</em></strong></span> <span class='ocrx_word' id='word_1_148' title='bbox 848 1733 1044 1814; x_wconf 88' lang='grc' dir='ltr'><strong><em>ύαιιινθίυους</em></strong></span> <span class='ocrx_word' id='word_1_149' title='bbox 1063 1737 1206 1823; x_wconf 81' lang='grc' dir='ltr'><strong><em>θάραιιας</em></strong></span> <span class='ocrx_word' id='word_1_150' title='bbox 1227 1744 1374 1821; x_wconf 89' lang='grc' dir='ltr'><strong><em>σημαίνει,</em></strong></span> <span class='ocrx_word' id='word_1_151' title='bbox 1398 1737 1500 1817; x_wconf 80' lang='grc' dir='ltr'><strong><em>ούδείς</em></strong></span> 
     </span>
    </p>

    <p class='ocr_par' dir='ltr' id='par_1_16' title="bbox 343 1838 1499 1927">
     <span class='ocr_line' id='line_1_16' title="bbox 343 1838 1499 1927; baseline 0.002 -21"><span class='ocrx_word' id='word_1_152' title='bbox 343 1838 526 1925; x_wconf 80' lang='grc' dir='ltr'><strong><em>άμφιβάλλει.</em></strong></span> <span class='ocrx_word' id='word_1_153' title='bbox 568 1840 690 1906; x_wconf 81' lang='grc' dir='ltr'><strong><em>Ἐκεῖνα</em></strong></span> <span class='ocrx_word' id='word_1_154' title='bbox 707 1840 761 1927; x_wconf 83' lang='grc' dir='ltr'><strong><em>γάρ</em></strong></span> <span class='ocrx_word' id='word_1_155' title='bbox 781 1840 817 1906; x_wconf 88' lang='grc' dir='ltr'><strong><em>τά</em></strong></span> <span class='ocrx_word' id='word_1_156' title='bbox 840 1843 917 1923; x_wconf 78' lang='grc' dir='ltr'><strong><em>ἔθνη</em></strong></span> <span class='ocrx_word' id='word_1_157' title='bbox 937 1839 997 1906; x_wconf 86' lang='grc' dir='ltr'><strong><em>άπδ</em></strong></span> <span class='ocrx_word' id='word_1_158' title='bbox 1021 1848 1075 1924; x_wconf 78' lang='grc' dir='ltr'><strong><em>τῆς</em></strong></span> <span class='ocrx_word' id='word_1_159' title='bbox 1097 1840 1235 1922; x_wconf 82' lang='grc' dir='ltr'><strong><em>τοιαύτης</em></strong></span> <span class='ocrx_word' id='word_1_160' title='bbox 1255 1841 1345 1927; x_wconf 77' lang='grc' dir='ltr'><strong><em>χρόας</em></strong></span> <span class='ocrx_word' id='word_1_161' title='bbox 1363 1845 1421 1926; x_wconf 75' lang='grc' dir='ltr'><strong><em>ἔχει</em></strong></span> <span class='ocrx_word' id='word_1_162' title='bbox 1444 1840 1499 1926; x_wconf 64' lang='grc' dir='ltr'><strong><em>τὴν</em></strong></span> 
     </span>
    </p>

    <p class='ocr_par' dir='ltr' id='par_1_17' title="bbox 344 1941 1500 2031">
     <span class='ocr_line' id='line_1_17' title="bbox 344 1941 1500 2031; baseline 0 -21"><span class='ocrx_word' id='word_1_163' title='bbox 344 1941 496 2026; x_wconf 88' lang='grc' dir='ltr'><strong><em>άμφίασιν.</em></strong></span> <span class='ocrx_word' id='word_1_164' title='bbox 544 1943 587 2009; x_wconf 84' lang='grc' dir='ltr'><strong><em>Τά</em></strong></span> <span class='ocrx_word' id='word_1_165' title='bbox 610 1943 734 2031; x_wconf 76' lang='grc' dir='ltr'><strong><em>μὲνγὰρ</em></strong></span> <span class='ocrx_word' id='word_1_166' title='bbox 752 1942 867 2025; x_wconf 84' lang='grc' dir='ltr'><strong><em>θειύδη</em></strong></span> <span class='ocrx_word' id='word_1_167' title='bbox 883 1941 983 2026; x_wconf 89' lang='grc' dir='ltr'><strong><em>ίμάτια</em></strong></span> <span class='ocrx_word' id='word_1_168' title='bbox 999 1944 1073 2028; x_wconf 81' lang='grc' dir='ltr'><strong><em>χρόα</em></strong></span> <span class='ocrx_word' id='word_1_169' title='bbox 1090 1948 1133 2018; x_wconf 88' lang='grc' dir='ltr'><strong><em>τίς</em></strong></span> <span class='ocrx_word' id='word_1_170' title='bbox 1149 1945 1328 2026; x_wconf 83' lang='grc' dir='ltr'><strong><em>ἐστιμηλίνη</em></strong></span> <span class='ocrx_word' id='word_1_171' title='bbox 1344 1943 1424 2010; x_wconf 82' lang='grc' dir='ltr'><strong><em>οῦτω</em></strong></span> <span class='ocrx_word' id='word_1_172' title='bbox 1447 1971 1500 2010; x_wconf 86' lang='grc' dir='ltr'><strong><em>κα-</em></strong></span> 
     </span>
    </p>

    <p class='ocr_par' dir='ltr' id='par_1_18' title="bbox 342 2043 1499 2239">
     <span class='ocr_line' id='line_1_18' title="bbox 342 2043 1499 2136; baseline 0.002 -26"><span class='ocrx_word' id='word_1_173' title='bbox 342 2047 470 2129; x_wconf 78' lang='grc' dir='ltr'><strong><em>λουμένη</em></strong></span> <span class='ocrx_word' id='word_1_174' title='bbox 487 2048 567 2131; x_wconf 81' lang='grc' dir='ltr'><strong><em>ἐρία·</em></strong></span> <span class='ocrx_word' id='word_1_175' title='bbox 588 2045 624 2110; x_wconf 82' lang='grc' dir='ltr'><strong><em>τά</em></strong></span> <span class='ocrx_word' id='word_1_176' title='bbox 641 2048 672 2112; x_wconf 83' lang='grc' dir='ltr'><strong><em>δί</em></strong></span> <span class='ocrx_word' id='word_1_177' title='bbox 687 2046 815 2134; x_wconf 86' lang='grc' dir='ltr'><strong><em>πύρινα,</em></strong></span> <span class='ocrx_word' id='word_1_178' title='bbox 838 2049 888 2110; x_wconf 84' lang='grc' dir='ltr'><strong><em>ίνα</em></strong></span> <span class='ocrx_word' id='word_1_179' title='bbox 905 2051 973 2136; x_wconf 78' lang='grc' dir='ltr'><strong><em>είπη</em></strong></span> <span class='ocrx_word' id='word_1_180' title='bbox 989 2045 1027 2111; x_wconf 88' lang='grc' dir='ltr'><strong><em>τά</em></strong></span> <span class='ocrx_word' id='word_1_181' title='bbox 1043 2043 1176 2132; x_wconf 83' lang='grc' dir='ltr'><strong><em>κοκκηρά</em></strong></span> <span class='ocrx_word' id='word_1_182' title='bbox 1191 2045 1354 2130; x_wconf 91' lang='grc' dir='ltr'><strong><em>ἐνδύματα,</em></strong></span> <span class='ocrx_word' id='word_1_183' title='bbox 1376 2050 1428 2113; x_wconf 79' lang='grc' dir='ltr'><strong><em>καί</em></strong></span> <span class='ocrx_word' id='word_1_184' title='bbox 1446 2045 1499 2112; x_wconf 85' lang='grc' dir='ltr'><strong><em>ύα-</em></strong></span> 
     </span>
     <span class='ocr_line' id='line_1_19' title="bbox 342 2147 1023 2239; baseline -0.004 -22"><span class='ocrx_word' id='word_1_185' title='bbox 342 2153 478 2230; x_wconf 90' lang='grc' dir='ltr'><strong><em>κίνθινα,</em></strong></span> <span class='ocrx_word' id='word_1_186' title='bbox 500 2153 551 2215; x_wconf 74' lang='grc' dir='ltr'><strong><em>’ίνα</em></strong></span> <span class='ocrx_word' id='word_1_187' title='bbox 572 2151 651 2239; x_wconf 82' lang='grc' dir='ltr'><strong><em>δείξη</em></strong></span> <span class='ocrx_word' id='word_1_188' title='bbox 673 2147 727 2232; x_wconf 78' lang='grc' dir='ltr'><strong><em>τήν</em></strong></span> <span class='ocrx_word' id='word_1_189' title='bbox 749 2153 909 2232; x_wconf 85' lang='grc' dir='ltr'><strong><em>καλλαίνην</em></strong></span> <span class='ocrx_word' id='word_1_190' title='bbox 931 2151 1023 2235; x_wconf 82' lang='grc' dir='ltr'><strong><em>ἐρέαν.</em></strong></span> 
     </span>
    </p>
   </div>
   <div class='ocr_carea' id='block_1_3' title="bbox 262 2346 1499 2439">
    <p class='ocr_par' dir='ltr' id='par_1_19' title="bbox 262 2346 1499 2439">
     <span class='ocr_line' id='line_1_20' title="bbox 262 2346 1499 2439; baseline 0 -19"><span class='ocrx_word' id='word_1_191' title='bbox 262 2396 268 2412; x_wconf 88' lang='lat'>·</span> <span class='ocrx_word' id='word_1_192' title='bbox 306 2355 323 2414; x_wconf 58' lang='grc' dir='ltr'>ἰ</span> <span class='ocrx_word' id='word_1_193' title='bbox 424 2351 508 2420; x_wconf 83' lang='grc' dir='ltr'><strong><em>Ἀλλά</em></strong></span> <span class='ocrx_word' id='word_1_194' title='bbox 531 2346 613 2420; x_wconf 86' lang='grc' dir='ltr'><strong><em>ούτοι</em></strong></span> <span class='ocrx_word' id='word_1_195' title='bbox 633 2353 675 2437; x_wconf 71' lang='grc' dir='ltr'><strong><em>μὴ</em></strong></span> <span class='ocrx_word' id='word_1_196' title='bbox 693 2356 846 2437; x_wconf 83' lang='grc' dir='ltr'><strong><em>δεξάμενοι</em></strong></span> <span class='ocrx_word' id='word_1_197' title='bbox 864 2359 980 2436; x_wconf 88' lang='grc' dir='ltr'><strong><em>πνεῦμα</em></strong></span> <span class='ocrx_word' id='word_1_198' title='bbox 999 2351 1085 2439; x_wconf 81' lang='grc' dir='ltr'><strong><em>ῦγιον</em></strong></span> <span class='ocrx_word' id='word_1_199' title='bbox 1102 2351 1309 2435; x_wconf 84' lang='grc' dir='ltr'><strong><em>άνακρίνονται</em></strong></span> <span class='ocrx_word' id='word_1_200' title='bbox 1330 2353 1385 2436; x_wconf 80' lang='grc' dir='ltr'><strong><em>μίν</em></strong></span> <span class='ocrx_word' id='word_1_201' title='bbox 1408 2379 1499 2420; x_wconf 85' lang='grc' dir='ltr'><strong><em>πνευ-</em></strong></span> 
     </span>
    </p>
   </div>
   <div class='ocr_carea' id='block_1_4' title="bbox 340 2454 1498 3466">
    <p class='ocr_par' dir='ltr' id='par_1_20' title="bbox 340 2454 1498 3466">
     <span class='ocr_line' id='line_1_21' title="bbox 342 2454 1497 2542; baseline 0 -20"><span class='ocrx_word' id='word_1_202' title='bbox 342 2465 486 2542; x_wconf 80' lang='grc' dir='ltr'><strong><em>ματικῶς,</em></strong></span> <span class='ocrx_word' id='word_1_203' title='bbox 510 2455 551 2541; x_wconf 78' lang='grc' dir='ltr'><strong><em>μή</em></strong></span> <span class='ocrx_word' id='word_1_204' title='bbox 569 2464 707 2533; x_wconf 83' lang='grc' dir='ltr'><strong><em>νοοῦντες</em></strong></span> <span class='ocrx_word' id='word_1_205' title='bbox 721 2456 758 2522; x_wconf 88' lang='grc' dir='ltr'><strong><em>τά</em></strong></span> <span class='ocrx_word' id='word_1_206' title='bbox 773 2463 827 2522; x_wconf 89' lang='grc' dir='ltr'><strong><em>τοῦ</em></strong></span> <span class='ocrx_word' id='word_1_207' title='bbox 843 2454 1026 2539; x_wconf 86' lang='grc' dir='ltr'><strong><em>πνεύματος,</em></strong></span> <span class='ocrx_word' id='word_1_208' title='bbox 1047 2458 1098 2521; x_wconf 82' lang='grc' dir='ltr'><strong><em>καί</em></strong></span> <span class='ocrx_word' id='word_1_209' title='bbox 1119 2454 1194 2522; x_wconf 72' lang='grc' dir='ltr'><strong><em>κατὰ</em></strong></span> <span class='ocrx_word' id='word_1_210' title='bbox 1210 2455 1262 2522; x_wconf 84' lang='grc' dir='ltr'><strong><em>τδν</em></strong></span> <span class='ocrx_word' id='word_1_211' title='bbox 1281 2455 1367 2541; x_wconf 87' lang='grc' dir='ltr'><strong><em>λύγον</em></strong></span> <span class='ocrx_word' id='word_1_212' title='bbox 1389 2455 1497 2538; x_wconf 82' lang='grc' dir='ltr'><strong><em>βουλά-</em></strong></span> 
     </span>
     <span class='ocr_line' id='line_1_22' title="bbox 342 2554 1498 2648; baseline -0.003 -21"><span class='ocrx_word' id='word_1_213' title='bbox 342 2585 425 2644; x_wconf 87' lang='grc' dir='ltr'><strong><em>μενοι</em></strong></span> <span class='ocrx_word' id='word_1_214' title='bbox 438 2563 541 2646; x_wconf 80' lang='grc' dir='ltr'><strong><em>λέγειν,</em></strong></span> <span class='ocrx_word' id='word_1_215' title='bbox 563 2561 614 2625; x_wconf 84' lang='grc' dir='ltr'><strong><em>καί</em></strong></span> <span class='ocrx_word' id='word_1_216' title='bbox 631 2557 687 2625; x_wconf 88' lang='grc' dir='ltr'><strong><em>ούκ</em></strong></span> <span class='ocrx_word' id='word_1_217' title='bbox 703 2558 812 2636; x_wconf 77' lang='grc' dir='ltr'><strong><em>εἰδότες</em></strong></span> <span class='ocrx_word' id='word_1_218' title='bbox 825 2558 862 2624; x_wconf 86' lang='grc' dir='ltr'><strong><em>τά</em></strong></span> <span class='ocrx_word' id='word_1_219' title='bbox 878 2561 910 2624; x_wconf 78' lang='grc' dir='ltr'><strong><em>ἐν</em></strong></span> <span class='ocrx_word' id='word_1_220' title='bbox 924 2567 960 2648; x_wconf 73' lang='grc' dir='ltr'><strong><em>τῇ</em></strong></span> <span class='ocrx_word' id='word_1_221' title='bbox 978 2554 1048 2647; x_wconf 79' lang='grc' dir='ltr'><strong><em>άγίρι</em></strong></span> <span class='ocrx_word' id='word_1_222' title='bbox 1064 2561 1201 2646; x_wconf 71' lang='grc' dir='ltr'><strong><em>ἐκκλησίᾳ</em></strong></span> <span class='ocrx_word' id='word_1_223' title='bbox 1216 2564 1386 2642; x_wconf 85' lang='grc' dir='ltr'><strong><em>χαρίσματα,</em></strong></span> <span class='ocrx_word' id='word_1_224' title='bbox 1410 2556 1498 2624; x_wconf 80' lang='grc' dir='ltr'><strong><em>άτινα</em></strong></span> 
     </span>
     <span class='ocr_line' id='line_1_23' title="bbox 342 2657 1497 2750; baseline -0.001 -23"><span class='ocrx_word' id='word_1_225' title='bbox 342 2661 464 2744; x_wconf 79' lang='grc' dir='ltr'><strong><em>άληθῶς</em></strong></span> <span class='ocrx_word' id='word_1_226' title='bbox 479 2665 530 2727; x_wconf 78' lang='grc' dir='ltr'><strong><em>καὶ</em></strong></span> <span class='ocrx_word' id='word_1_227' title='bbox 546 2660 699 2738; x_wconf 73' lang='grc' dir='ltr'><strong><em>εὐσταθῶς</em></strong></span> <span class='ocrx_word' id='word_1_228' title='bbox 715 2663 745 2727; x_wconf 83' lang='grc' dir='ltr'><strong><em>ἐν</em></strong></span> <span class='ocrx_word' id='word_1_229' title='bbox 758 2660 1017 2744; x_wconf 79' lang='grc' dir='ltr'><strong><em>παρακολουθήσει</em></strong></span> <span class='ocrx_word' id='word_1_230' title='bbox 1032 2663 1083 2726; x_wconf 85' lang='grc' dir='ltr'><strong><em>καί</em></strong></span> <span class='ocrx_word' id='word_1_231' title='bbox 1098 2663 1253 2750; x_wconf 70' lang='grc' dir='ltr'><strong><em>ἐρρωμένῳ</em></strong></span> <span class='ocrx_word' id='word_1_232' title='bbox 1268 2667 1311 2748; x_wconf 77' lang='grc' dir='ltr'><strong><em>νῷ</em></strong></span> <span class='ocrx_word' id='word_1_233' title='bbox 1327 2657 1359 2725; x_wconf 79' lang='grc' dir='ltr'><strong><em>τά</em></strong></span> <span class='ocrx_word' id='word_1_234' title='bbox 1375 2667 1497 2744; x_wconf 78' lang='grc' dir='ltr'><strong><em>πνεῦμα</em></strong></span> 
     </span>
     <span class='ocr_line' id='line_1_24' title="bbox 342 2761 1497 2850; baseline 0.002 -22"><span class='ocrx_word' id='word_1_235' title='bbox 342 2763 374 2830; x_wconf 90' lang='grc' dir='ltr'><strong><em>τδ</em></strong></span> <span class='ocrx_word' id='word_1_236' title='bbox 391 2763 476 2850; x_wconf 83' lang='grc' dir='ltr'><strong><em>άγιον</em></strong></span> <span class='ocrx_word' id='word_1_237' title='bbox 494 2763 670 2849; x_wconf 85' lang='grc' dir='ltr'><strong><em>διηγήσατο,</em></strong></span> <span class='ocrx_word' id='word_1_238' title='bbox 693 2767 727 2829; x_wconf 85' lang='grc' dir='ltr'><strong><em>οί</em></strong></span> <span class='ocrx_word' id='word_1_239' title='bbox 743 2789 774 2829; x_wconf 88' lang='grc' dir='ltr'><strong><em>τι</em></strong></span> <span class='ocrx_word' id='word_1_240' title='bbox 789 2763 869 2849; x_wconf 83' lang='grc' dir='ltr'><strong><em>δίγιοι</em></strong></span> <span class='ocrx_word' id='word_1_241' title='bbox 883 2771 1037 2849; x_wconf 80' lang='grc' dir='ltr'><strong><em>προφῆται</em></strong></span> <span class='ocrx_word' id='word_1_242' title='bbox 1055 2766 1107 2829; x_wconf 86' lang='grc' dir='ltr'><strong><em>καί</em></strong></span> <span class='ocrx_word' id='word_1_243' title='bbox 1129 2767 1160 2829; x_wconf 90' lang='grc' dir='ltr'><strong><em>οί</em></strong></span> <span class='ocrx_word' id='word_1_244' title='bbox 1175 2764 1253 2850; x_wconf 83' lang='grc' dir='ltr'><strong><em>άγιοι</em></strong></span> <span class='ocrx_word' id='word_1_245' title='bbox 1270 2761 1441 2828; x_wconf 88' lang='grc' dir='ltr'><strong><em>άπόστολοι·</em></strong></span> <span class='ocrx_word' id='word_1_246' title='bbox 1464 2767 1497 2830; x_wconf 84' lang='grc' dir='ltr'><strong><em>ἐν</em></strong></span> 
     </span>
     <span class='ocr_line' id='line_1_25' title="bbox 341 2862 1497 2952; baseline -0.001 -21"><span class='ocrx_word' id='word_1_247' title='bbox 341 2862 388 2941; x_wconf 87' lang='grc' dir='ltr'><strong><em>οίς</em></strong></span> <span class='ocrx_word' id='word_1_248' title='bbox 404 2868 454 2931; x_wconf 84' lang='grc' dir='ltr'><strong><em>καί</em></strong></span> <span class='ocrx_word' id='word_1_249' title='bbox 477 2863 598 2952; x_wconf 82' lang='grc' dir='ltr'><strong><em>ύάγισς</em></strong></span> <span class='ocrx_word' id='word_1_250' title='bbox 613 2864 756 2948; x_wconf 79' lang='grc' dir='ltr'><strong><em>Ἰωάννης</em></strong></span> <span class='ocrx_word' id='word_1_251' title='bbox 777 2865 826 2933; x_wconf 85' lang='grc' dir='ltr'><strong><em>διά</em></strong></span> <span class='ocrx_word' id='word_1_252' title='bbox 846 2871 900 2932; x_wconf 90' lang='grc' dir='ltr'><strong><em>τοῦ</em></strong></span> <span class='ocrx_word' id='word_1_253' title='bbox 925 2863 1092 2952; x_wconf 85' lang='grc' dir='ltr'><strong><em>εύαγγελίου</em></strong></span> <span class='ocrx_word' id='word_1_254' title='bbox 1113 2867 1163 2932; x_wconf 84' lang='grc' dir='ltr'><strong><em>καί</em></strong></span> <span class='ocrx_word' id='word_1_255' title='bbox 1181 2875 1240 2932; x_wconf 74' lang='grc' dir='ltr'><strong><em>τοῖν</em></strong></span> <span class='ocrx_word' id='word_1_256' title='bbox 1261 2869 1422 2932; x_wconf 75' lang='grc' dir='ltr'><strong><em>ἐπιστολῶν</em></strong></span> <span class='ocrx_word' id='word_1_257' title='bbox 1443 2869 1497 2931; x_wconf 84' lang='grc' dir='ltr'><strong><em>καί</em></strong></span> 
     </span>
     <span class='ocr_line' id='line_1_26' title="bbox 341 2966 1486 3055; baseline 0.003 -23"><span class='ocrx_word' id='word_1_258' title='bbox 341 2976 394 3051; x_wconf 78' lang='grc' dir='ltr'><strong><em>τῆς</em></strong></span> <span class='ocrx_word' id='word_1_259' title='bbox 413 2966 646 3050; x_wconf 81' lang='grc' dir='ltr'><strong><em>Ἀπωιαλύψεως</em></strong></span> <span class='ocrx_word' id='word_1_260' title='bbox 666 2971 698 3034; x_wconf 88' lang='grc' dir='ltr'><strong><em>ἐκ</em></strong></span> <span class='ocrx_word' id='word_1_261' title='bbox 719 2973 774 3034; x_wconf 90' lang='grc' dir='ltr'><strong><em>τοῦ</em></strong></span> <span class='ocrx_word' id='word_1_262' title='bbox 794 2966 889 3034; x_wconf 85' lang='grc' dir='ltr'><strong><em>αδτοῦ</em></strong></span> <span class='ocrx_word' id='word_1_263' title='bbox 913 2973 1088 3053; x_wconf 77' lang='grc' dir='ltr'><strong><em>χαρίσματος</em></strong></span> <span class='ocrx_word' id='word_1_264' title='bbox 1111 2977 1165 3034; x_wconf 90' lang='grc' dir='ltr'><strong><em>τοῦ</em></strong></span> <span class='ocrx_word' id='word_1_265' title='bbox 1191 2966 1278 3055; x_wconf 86' lang='grc' dir='ltr'><strong><em>άγίου</em></strong></span> <span class='ocrx_word' id='word_1_266' title='bbox 1300 2972 1486 3052; x_wconf 84' lang='grc' dir='ltr'><strong><em>μεταδίδωκε</em></strong></span> 
     </span>
     <span class='ocr_line' id='line_1_27' title="bbox 345 3068 1495 3160; baseline 0.003 -25"><span class='ocrx_word' id='word_1_267' title='bbox 345 3070 464 3136; x_wconf 84' lang='grc' dir='ltr'><strong><em>Φθάνει</em></strong></span> <span class='ocrx_word' id='word_1_268' title='bbox 478 3071 510 3136; x_wconf 83' lang='grc' dir='ltr'><strong><em>δέ</em></strong></span> <span class='ocrx_word' id='word_1_269' title='bbox 529 3071 580 3137; x_wconf 87' lang='grc' dir='ltr'><strong><em>καί</em></strong></span> <span class='ocrx_word' id='word_1_270' title='bbox 596 3069 640 3136; x_wconf 79' lang='grc' dir='ltr'><strong><em>ἐπ’</em></strong></span> <span class='ocrx_word' id='word_1_271' title='bbox 657 3068 765 3146; x_wconf 83' lang='grc' dir='ltr'><strong><em>αύτούς</em></strong></span> <span class='ocrx_word' id='word_1_272' title='bbox 782 3069 814 3136; x_wconf 87' lang='grc' dir='ltr'><strong><em>τδ</em></strong></span> <span class='ocrx_word' id='word_1_273' title='bbox 831 3073 986 3157; x_wconf 84' lang='grc' dir='ltr'><strong><em>είρημίνον</em></strong></span> <span class='ocrx_word' id='word_1_274' title='bbox 1001 3069 1062 3152; x_wconf 82' lang='grc' dir='ltr'><strong><em>δἐι,</em></strong></span> <span class='ocrx_word' id='word_1_275' title='bbox 1089 3077 1136 3160; x_wconf 80' lang='grc' dir='ltr'><strong><em>Τῷ</em></strong></span> <span class='ocrx_word' id='word_1_276' title='bbox 1153 3075 1373 3155; x_wconf 80' lang='grc' dir='ltr'><strong><em>βλασφημοῦντι</em></strong></span> <span class='ocrx_word' id='word_1_277' title='bbox 1396 3075 1440 3149; x_wconf 80' lang='grc' dir='ltr'><strong><em>είς</em></strong></span> <span class='ocrx_word' id='word_1_278' title='bbox 1461 3071 1495 3138; x_wconf 83' lang='grc' dir='ltr'><strong><em>τύ</em></strong></span> 
     </span>
     <span class='ocr_line' id='line_1_28' title="bbox 341 3171 1496 3263; baseline 0.003 -25"><span class='ocrx_word' id='word_1_279' title='bbox 341 3181 457 3255; x_wconf 87' lang='grc' dir='ltr'><strong><em>πνεῦμα</em></strong></span> <span class='ocrx_word' id='word_1_280' title='bbox 472 3172 505 3238; x_wconf 85' lang='grc' dir='ltr'><strong><em>τύ</em></strong></span> <span class='ocrx_word' id='word_1_281' title='bbox 520 3172 605 3260; x_wconf 82' lang='grc' dir='ltr'><strong><em>δι’γιον</em></strong></span> <span class='ocrx_word' id='word_1_282' title='bbox 619 3171 676 3238; x_wconf 84' lang='grc' dir='ltr'><strong><em>οῦκ</em></strong></span> <span class='ocrx_word' id='word_1_283' title='bbox 691 3171 874 3256; x_wconf 76' lang='grc' dir='ltr'><strong><em>ἀφεθήσεται</em></strong></span> <span class='ocrx_word' id='word_1_284' title='bbox 891 3171 970 3262; x_wconf 76' lang='grc' dir='ltr'><strong><em>αύτῷ</em></strong></span> <span class='ocrx_word' id='word_1_285' title='bbox 987 3171 1056 3239; x_wconf 79' lang='grc' dir='ltr'><strong><em>ούδέ</em></strong></span> <span class='ocrx_word' id='word_1_286' title='bbox 1072 3177 1104 3240; x_wconf 85' lang='grc' dir='ltr'><strong><em>ἐν</em></strong></span> <span class='ocrx_word' id='word_1_287' title='bbox 1121 3181 1161 3263; x_wconf 78' lang='grc' dir='ltr'><strong><em>τῷ</em></strong></span> <span class='ocrx_word' id='word_1_288' title='bbox 1177 3181 1232 3239; x_wconf 90' lang='grc' dir='ltr'><strong><em>νῦν</em></strong></span> <span class='ocrx_word' id='word_1_289' title='bbox 1248 3177 1350 3254; x_wconf 81' lang='grc' dir='ltr'><strong><em>αίιδνι,</em></strong></span> <span class='ocrx_word' id='word_1_290' title='bbox 1374 3172 1447 3241; x_wconf 85' lang='grc' dir='ltr'><strong><em>ούδέ</em></strong></span> <span class='ocrx_word' id='word_1_291' title='bbox 1463 3177 1496 3241; x_wconf 82' lang='grc' dir='ltr'><strong><em>ἐν</em></strong></span> 
     </span>
     <span class='ocr_line' id='line_1_29' title="bbox 341 3273 1494 3367; baseline 0.003 -28"><span class='ocrx_word' id='word_1_292' title='bbox 341 3281 382 3363; x_wconf 76' lang='grc' dir='ltr'><strong><em>τῷ</em></strong></span> <span class='ocrx_word' id='word_1_293' title='bbox 399 3277 535 3358; x_wconf 79' lang='grc' dir='ltr'><strong><em>μέλλοντι.</em></strong></span> <span class='ocrx_word' id='word_1_294' title='bbox 582 3277 642 3341; x_wconf 82' lang='grc' dir='ltr'><strong><em>Καὶ</em></strong></span> <span class='ocrx_word' id='word_1_295' title='bbox 658 3275 713 3362; x_wconf 79' lang='grc' dir='ltr'><strong><em>γάρ</em></strong></span> <span class='ocrx_word' id='word_1_296' title='bbox 731 3274 805 3343; x_wconf 78' lang='grc' dir='ltr'><strong><em>κατά</em></strong></span> <span class='ocrx_word' id='word_1_297' title='bbox 822 3283 881 3342; x_wconf 85' lang='grc' dir='ltr'><strong><em>τῦν</em></strong></span> <span class='ocrx_word' id='word_1_298' title='bbox 897 3275 1037 3362; x_wconf 72' lang='grc' dir='ltr'><strong><em>ῥημάτων</em></strong></span> <span class='ocrx_word' id='word_1_299' title='bbox 1052 3282 1112 3342; x_wconf 79' lang='grc' dir='ltr'><strong><em>τῶν</em></strong></span> <span class='ocrx_word' id='word_1_300' title='bbox 1129 3273 1188 3342; x_wconf 87' lang='grc' dir='ltr'><strong><em>ύπδ</em></strong></span> <span class='ocrx_word' id='word_1_301' title='bbox 1204 3283 1258 3344; x_wconf 88' lang='grc' dir='ltr'><strong><em>τοῦ</em></strong></span> <span class='ocrx_word' id='word_1_302' title='bbox 1274 3275 1442 3367; x_wconf 89' lang='grc' dir='ltr'><strong><em>πνεύματος</em></strong></span> <span class='ocrx_word' id='word_1_303' title='bbox 1457 3281 1494 3342; x_wconf 87' lang='grc' dir='ltr'><strong><em>εί-</em></strong></span> 
     </span>
     <span class='ocr_line' id='line_1_30' title="bbox 340 3371 834 3466; baseline 0 -23"><span class='ocrx_word' id='word_1_304' title='bbox 340 3380 476 3464; x_wconf 89' lang='grc' dir='ltr'><strong><em>ρημίνων</em></strong></span> <span class='ocrx_word' id='word_1_305' title='bbox 496 3371 580 3445; x_wconf 86' lang='grc' dir='ltr'><strong><em>ούτοι</em></strong></span> <span class='ocrx_word' id='word_1_306' title='bbox 601 3377 834 3466; x_wconf 73' lang='grc' dir='ltr'><strong><em>ἐστρατεύσαντο.</em></strong></span> 
     </span>
    </p>
   </div>
   <div class='ocr_carea' id='block_1_5' title="bbox 98 3581 1494 4182">
    <p class='ocr_par' dir='ltr' id='par_1_21' title="bbox 340 3581 1494 3981">
     <span class='ocr_line' id='line_1_31' title="bbox 428 3581 1494 3671; baseline 0.004 -24"><span class='ocrx_word' id='word_1_307' title='bbox 428 3590 495 3648; x_wconf 85' lang='grc' dir='ltr'><strong><em>Τῦν</em></strong></span> <span class='ocrx_word' id='word_1_308' title='bbox 510 3584 543 3648; x_wconf 78' lang='grc' dir='ltr'><strong><em>δὲ</em></strong></span> <span class='ocrx_word' id='word_1_309' title='bbox 562 3582 706 3650; x_wconf 89' lang='grc' dir='ltr'><strong><em>τοιούτων</em></strong></span> <span class='ocrx_word' id='word_1_310' title='bbox 721 3586 773 3650; x_wconf 85' lang='grc' dir='ltr'><strong><em>καί</em></strong></span> <span class='ocrx_word' id='word_1_311' title='bbox 786 3583 936 3651; x_wconf 90' lang='grc' dir='ltr'><strong><em>τοσούτων</em></strong></span> <span class='ocrx_word' id='word_1_312' title='bbox 952 3585 1111 3671; x_wconf 82' lang='grc' dir='ltr'><strong><em>είρημένων</em></strong></span> <span class='ocrx_word' id='word_1_313' title='bbox 1127 3581 1201 3650; x_wconf 88' lang='grc' dir='ltr'><strong><em>κατά</em></strong></span> <span class='ocrx_word' id='word_1_314' title='bbox 1222 3591 1275 3666; x_wconf 81' lang='grc' dir='ltr'><strong><em>τῆς</em></strong></span> <span class='ocrx_word' id='word_1_315' title='bbox 1291 3583 1430 3668; x_wconf 86' lang='grc' dir='ltr'><strong><em>τοιαύτης</em></strong></span> <span class='ocrx_word' id='word_1_316' title='bbox 1449 3589 1494 3652; x_wconf 82' lang='grc' dir='ltr'><strong><em>αί·</em></strong></span> 
     </span>
     <span class='ocr_line' id='line_1_32' title="bbox 340 3684 1491 3772; baseline 0.002 -20"><span class='ocrx_word' id='word_1_317' title='bbox 340 3688 449 3772; x_wconf 84' lang='grc' dir='ltr'><strong><em>ρίσεως</em></strong></span> <span class='ocrx_word' id='word_1_318' title='bbox 471 3689 582 3762; x_wconf 82' lang='grc' dir='ltr'><strong><em>ίκανῦς</em></strong></span> <span class='ocrx_word' id='word_1_319' title='bbox 605 3689 679 3770; x_wconf 73' lang='grc' dir='ltr'><strong><em>ἔχειν</em></strong></span> <span class='ocrx_word' id='word_1_320' title='bbox 697 3692 836 3771; x_wconf 90' lang='grc' dir='ltr'><strong><em>νομίσας,</em></strong></span> <span class='ocrx_word' id='word_1_321' title='bbox 859 3689 910 3753; x_wconf 84' lang='grc' dir='ltr'><strong><em>καί</em></strong></span> <span class='ocrx_word' id='word_1_322' title='bbox 930 3684 971 3763; x_wconf 85' lang='grc' dir='ltr'><strong><em>άς</em></strong></span> <span class='ocrx_word' id='word_1_323' title='bbox 988 3685 1206 3772; x_wconf 75' lang='grc' dir='ltr'><strong><em>σκολόπενδραν</em></strong></span> <span class='ocrx_word' id='word_1_324' title='bbox 1223 3685 1245 3770; x_wconf 75' lang='grc' dir='ltr'><em>ἢ</em></span> <span class='ocrx_word' id='word_1_325' title='bbox 1264 3689 1364 3752; x_wconf 88' lang='grc' dir='ltr'><strong><em>ίοῦλον</em></strong></span> <span class='ocrx_word' id='word_1_326' title='bbox 1386 3687 1491 3754; x_wconf 79' lang='grc' dir='ltr'><strong><em>καλού·</em></strong></span> 
     </span>
     <span class='ocr_line' id='line_1_33' title="bbox 340 3787 1493 3878; baseline 0.002 -24"><span class='ocrx_word' id='word_1_327' title='bbox 340 3812 427 3872; x_wconf 89' lang='grc' dir='ltr'><strong><em>μενον</em></strong></span> <span class='ocrx_word' id='word_1_328' title='bbox 444 3787 565 3872; x_wconf 81' lang='grc' dir='ltr'><strong><em>ἕρπετύν</em></strong></span> <span class='ocrx_word' id='word_1_329' title='bbox 579 3789 751 3869; x_wconf 91' lang='grc' dir='ltr'><strong><em>πολύποδα,</em></strong></span> <span class='ocrx_word' id='word_1_330' title='bbox 772 3787 871 3874; x_wconf 77' lang='grc' dir='ltr'><strong><em>ὀλίγον</em></strong></span> <span class='ocrx_word' id='word_1_331' title='bbox 885 3789 938 3870; x_wconf 78' lang='grc' dir='ltr'><strong><em>μὲν</em></strong></span> <span class='ocrx_word' id='word_1_332' title='bbox 953 3795 990 3878; x_wconf 67' lang='grc' dir='ltr'><strong><em>τῇ</em></strong></span> <span class='ocrx_word' id='word_1_333' title='bbox 1004 3787 1142 3871; x_wconf 88' lang='grc' dir='ltr'><strong><em>δυνάμει,</em></strong></span> <span class='ocrx_word' id='word_1_334' title='bbox 1164 3797 1201 3878; x_wconf 75' lang='grc' dir='ltr'><strong><em>τῇ</em></strong></span> <span class='ocrx_word' id='word_1_335' title='bbox 1225 3793 1422 3878; x_wconf 75' lang='grc' dir='ltr'><strong><em>ιπεριοδυνίςε</em></strong></span> <span class='ocrx_word' id='word_1_336' title='bbox 1437 3798 1493 3858; x_wconf 85' lang='grc' dir='ltr'><strong><em>τοῦ</em></strong></span> 
     </span>
     <span class='ocr_line' id='line_1_34' title="bbox 340 3891 1493 3981; baseline 0.001 -26"><span class='ocrx_word' id='word_1_337' title='bbox 340 3893 404 3970; x_wconf 81' lang='grc' dir='ltr'><strong><em>ἰοῦ,</em></strong></span> <span class='ocrx_word' id='word_1_338' title='bbox 427 3891 584 3957; x_wconf 88' lang='grc' dir='ltr'><strong><em>πολύπουν</em></strong></span> <span class='ocrx_word' id='word_1_339' title='bbox 600 3893 632 3956; x_wconf 78' lang='grc' dir='ltr'><strong><em>δὲ</em></strong></span> <span class='ocrx_word' id='word_1_340' title='bbox 647 3893 698 3956; x_wconf 82' lang='grc' dir='ltr'><strong><em>καί</em></strong></span> <span class='ocrx_word' id='word_1_341' title='bbox 716 3897 966 3976; x_wconf 64' lang='grc' dir='ltr'><strong><em>αμιικροείκελον,</em></strong></span> <span class='ocrx_word' id='word_1_342' title='bbox 988 3899 1025 3981; x_wconf 68' lang='grc' dir='ltr'><strong><em>τῇ</em></strong></span> <span class='ocrx_word' id='word_1_343' title='bbox 1036 3897 1098 3956; x_wconf 84' lang='grc' dir='ltr'><strong><em>τοῦ</em></strong></span> <span class='ocrx_word' id='word_1_344' title='bbox 1115 3897 1192 3957; x_wconf 87' lang='grc' dir='ltr'><strong><em>θεοῦ</em></strong></span> <span class='ocrx_word' id='word_1_345' title='bbox 1209 3891 1333 3974; x_wconf 76' lang='grc' dir='ltr'><strong><em>δυνάμει</em></strong></span> <span class='ocrx_word' id='word_1_346' title='bbox 1349 3895 1401 3958; x_wconf 81' lang='grc' dir='ltr'><strong><em>καί</em></strong></span> <span class='ocrx_word' id='word_1_347' title='bbox 1425 3891 1493 3975; x_wconf 83' lang='grc' dir='ltr'><strong><em>άλη-</em></strong></span> 
     </span>
    </p>

    <p class='ocr_par' dir='ltr' id='par_1_22' title="bbox 98 3992 1493 4182">
     <span class='ocr_line' id='line_1_35' title="bbox 98 3992 1493 4084; baseline 0.004 -29"><span class='ocrx_word' id='word_1_348' title='bbox 98 4069 103 4080; x_wconf 41' lang='grc'><em>,</em></span> <span class='ocrx_word' id='word_1_349' title='bbox 216 4021 268 4067; x_wconf 76' lang='grc' dir='ltr'><strong><em>μς.</em></strong></span> <span class='ocrx_word' id='word_1_350' title='bbox 282 4011 327 4056; x_wconf 70' lang='grc' dir='ltr'><strong><em>τοῦ.</em></strong></span> <span class='ocrx_word' id='word_1_351' title='bbox 341 3998 411 4080; x_wconf 77' lang='grc' dir='ltr'><strong><em>θείᾳ</em></strong></span> <span class='ocrx_word' id='word_1_352' title='bbox 434 3992 703 4075; x_wconf 79' lang='grc' dir='ltr'><strong><em>ιιαταπατήσαντες,</em></strong></span> <span class='ocrx_word' id='word_1_353' title='bbox 733 3996 781 4060; x_wconf 86' lang='grc' dir='ltr'><strong><em>ἐπί</em></strong></span> <span class='ocrx_word' id='word_1_354' title='bbox 802 3993 855 4070; x_wconf 85' lang='grc' dir='ltr'><strong><em>τάς</em></strong></span> <span class='ocrx_word' id='word_1_355' title='bbox 878 3995 945 4078; x_wconf 71' lang='grc' dir='ltr'><strong><em>ἑξῆς</em></strong></span> <span class='ocrx_word' id='word_1_356' title='bbox 968 3993 1057 4059; x_wconf 88' lang='grc' dir='ltr'><strong><em>πάλιν</em></strong></span> <span class='ocrx_word' id='word_1_357' title='bbox 1075 3998 1285 4079; x_wconf 80' lang='grc' dir='ltr'><strong><em>προβαίνοντες</em></strong></span> <span class='ocrx_word' id='word_1_358' title='bbox 1304 3993 1361 4059; x_wconf 88' lang='grc' dir='ltr'><strong><em>σύν</em></strong></span> <span class='ocrx_word' id='word_1_359' title='bbox 1379 3999 1419 4084; x_wconf 75' lang='grc' dir='ltr'><strong><em>τῇ</em></strong></span> <span class='ocrx_word' id='word_1_360' title='bbox 1440 3999 1493 4061; x_wconf 83' lang='grc' dir='ltr'><strong><em>τοῦ</em></strong></span> 
     </span>
     <span class='ocr_line' id='line_1_36' title="bbox 338 4094 845 4182; baseline 0.004 -23"><span class='ocrx_word' id='word_1_361' title='bbox 338 4101 414 4160; x_wconf 89' lang='grc' dir='ltr'><strong><em>θεοῦ</em></strong></span> <span class='ocrx_word' id='word_1_362' title='bbox 436 4095 559 4180; x_wconf 88' lang='grc' dir='ltr'><strong><em>δυνάμει</em></strong></span> <span class='ocrx_word' id='word_1_363' title='bbox 580 4099 670 4179; x_wconf 87' lang='grc' dir='ltr'><strong><em>ίωμεν</em></strong></span> <span class='ocrx_word' id='word_1_364' title='bbox 691 4094 845 4182; x_wconf 88' lang='grc' dir='ltr'><strong><em>άγαπητοί.</em></strong></span> 
     </span>
    </p>
   </div>
   <div class='ocr_carea' id='block_1_6' title="bbox 373 4260 1493 4402">
    <p class='ocr_par' dir='ltr' id='par_1_23' title="bbox 373 4260 1493 4402">
     <span class='ocr_line' id='line_1_37' title="bbox 373 4260 1493 4337; baseline 0.007 -21"><span class='ocrx_word' id='word_1_365' title='bbox 373 4267 397 4316; x_wconf 75' lang='grc' dir='ltr'><strong><em>λ.</em></strong></span> <span class='ocrx_word' id='word_1_366' title='bbox 417 4260 472 4320; x_wconf 76' lang='grc' dir='ltr'><strong><em>’δτι</em></strong></span> <span class='ocrx_word' id='word_1_367' title='bbox 487 4273 591 4320; x_wconf 70' lang='lat' dir='ltr'><strong><em>rescribit</em></strong></span> <span class='ocrx_word' id='word_1_368' title='bbox 608 4273 726 4322; x_wconf 78' lang='grc' dir='ltr'><strong><em>Ρειουλαι.</em></strong></span> <span class='ocrx_word' id='word_1_369' title='bbox 929 4283 1002 4333; x_wconf 86' lang='grc' dir='ltr'><strong><em>ιυμεα</em></strong></span> <span class='ocrx_word' id='word_1_370' title='bbox 1017 4271 1082 4322; x_wconf 70' lang='lat' dir='ltr'><strong><em>haer.</em></strong></span> <span class='ocrx_word' id='word_1_371' title='bbox 1096 4265 1144 4333; x_wconf 63' lang='lat'><strong><em>4⁴,</em></strong></span> <span class='ocrx_word' id='word_1_372' title='bbox 1162 4267 1186 4323; x_wconf 80' lang='lat'><strong><em>7.</em></strong></span> <span class='ocrx_word' id='word_1_373' title='bbox 1203 4271 1239 4320; x_wconf 80' lang='grc' dir='ltr'><strong><em>δίι</em></strong></span> <span class='ocrx_word' id='word_1_374' title='bbox 1258 4273 1322 4320; x_wconf 79' lang='grc' dir='ltr'><strong><em>ταλαί</em></strong></span> <span class='ocrx_word' id='word_1_375' title='bbox 1338 4268 1493 4337; x_wconf 76' lang='grc' dir='ltr'><strong><em>περιυδνιία</em></strong></span> 
     </span>
     <span class='ocr_line' id='line_1_38' title="bbox 376 4333 1049 4402; baseline 0.012 -20"><span class='ocrx_word' id='word_1_376' title='bbox 376 4333 434 4384; x_wconf 69' lang='lat' dir='ltr'><strong><em>cn.</em></strong></span> <span class='ocrx_word' id='word_1_377' title='bbox 455 4335 567 4388; x_wconf 84' lang='lat' dir='ltr'><strong>xxxv.</strong></span> <span class='ocrx_word' id='word_1_378' title='bbox 583 4367 618 4378; x_wconf 93' lang='lat'>-</span> <span class='ocrx_word' id='word_1_379' title='bbox 653 4344 674 4392; x_wconf 87' lang='grc' dir='ltr'><strong><em>ι.</em></strong></span> <span class='ocrx_word' id='word_1_380' title='bbox 698 4341 739 4390; x_wconf 77' lang='grc' dir='ltr'><strong><em>ευ</em></strong></span> <span class='ocrx_word' id='word_1_381' title='bbox 764 4339 825 4388; x_wconf 66' lang='grc' dir='ltr'><strong><em>ωτι.</em></strong></span> <span class='ocrx_word' id='word_1_382' title='bbox 867 4340 896 4388; x_wconf 78' lang='grc' dir='ltr'><strong><em>ιι</em></strong></span> <span class='ocrx_word' id='word_1_383' title='bbox 929 4341 1049 4402; x_wconf 68' lang='grc' dir='ltr'><strong><em>κήρινα.</em></strong></span> 
     </span>
    </p>
   </div>
   <div class='ocr_carea' id='block_1_7' title="bbox 0 0 1568 4930">
    <p class='ocr_par' dir='ltr' id='par_1_24' title="bbox 0 0 1568 4930">
     <span class='ocr_line' id='line_1_39' title="bbox 0 0 1568 4930; baseline 0 1"><span class='ocrx_word' id='word_1_384' title='bbox 0 0 1568 4930; x_wconf 95' lang='lat' dir='ltr'><strong><em> </em></strong></span> 
     </span>
    </p>
   </div>
  </div>
 </body>
</html>
