3176 4930
361 249 497 304 reusam
514 251 578 304 aru.
592 249 622 304 u.
636 249 718 304 rom.
733 251 754 302 1.
770 249 870 302 ntes.
884 247 979 302 uxrv.
1185 235 1244 300 mr

96 367 226 434 iustitiae
237 369 333 456 aliquo
346 370 433 436 modo
448 391 516 436 esse
530 392 635 436 caussa
651 371 758 448 rideri,
777 370 860 434 sede
877 367 1024 433 contrario
1039 368 1249 452 temperantiae

96 483 185 555 utque
202 471 382 558 discipliuae.
425 467 476 538 Sic
492 483 589 538 autem
606 474 684 539 istud
700 473 793 558 ipsum
810 471 976 552 considera,
1001 492 1058 556 quo
1071 470 1164 554 magis
1181 469 1250 554 quid

95 573 184 638 eelim
200 595 372 657 assequare.
408 572 468 657 Qui
484 575 574 658 igitur
590 575 722 660 corporis
740 573 924 659 aegritudine
943 573 1089 652 laborant,
1112 594 1170 657 quo
1185 583 1250 636 tuu-

96 675 161 740 den
183 675 373 742 deducimus‘l
413 674 525 742 Nonne
541 678 577 742 ad
595 677 745 742 medicos?
788 677 938 762 Apparet,
962 676 1067 760 iuquit.
1112 672 1250 771 Quonam

95 797 169 840 reru
194 797 247 842 eos
270 779 319 864 qui
337 780 544 863 peccaverint?
587 777 697 845 Nonne
719 777 755 844 ad
777 779 908 842 iudices?
950 775 1086 842 Necesse
1108 787 1172 856 est,
1195 775 1248 841 ait.

94 875 262 962 Nimirum,
291 882 427 967 inquam,
457 892 489 945 ut
514 903 567 967 pro
590 882 627 946 iis
652 902 727 966 quae
751 879 952 944 commiserint
973 879 1049 944 iuste
1075 878 1252 964 puniuntur?

94 977 219 1046 Fateor.
265 979 377 1048 lustum
395 1003 483 1068 porro
499 1005 586 1048 omne
602 984 709 1048 bonum
724 993 811 1068 atque
828 982 981 1046 boueslum
1001 992 1058 1045 est.
1097 979 1253 1046 Asreusur

95 1094 153 1147 εει.
202 1081 263 1148 lem
288 1086 337 1170 qui
362 1085 438 1149 iuste
465 1085 591 1164 iudicat,
621 1085 772 1170 praeclare
801 1082 886 1164 lucitq
915 1094 996 1148 recte
1018 1084 1094 1147 enim
1122 1083 1250 1147 iuttcsrt

93 1182 166 1249 Nou
185 1186 314 1270 negavit.
361 1184 447 1270 Quod
465 1196 561 1252 autem
580 1188 687 1250 bunum
708 1197 766 1266 est,
790 1187 878 1249 ctiam
895 1185 966 1250 utile
980 1185 1107 1250 videtur.
1148 1183 1250 1268 Quare

94 1287 145 1372 qui
167 1287 335 1354 iudicantur
361 1288 515 1354 utilitatem
538 1289 674 1373 oapiuutq
704 1289 807 1353 borum
833 1287 938 1374 quippe
963 1305 1100 1372 repressa
1122 1286 1250 1372 nequitia

93 1390 276 1454 cruciatibus
289 1391 437 1470 evellitur,
458 1401 518 1455 uta
534 1391 655 1454 medicis
669 1390 849 1456 sectionibus
861 1411 895 1454 ac
910 1389 1131 1454 medicamentis
1145 1409 1251 1475 aegro·

95 1492 225 1556 tationes
248 1491 399 1559 tolluntur.
445 1489 563 1556 Etenim
589 1513 654 1558 cum
677 1493 726 1577 qui
749 1492 885 1556 iniuriam
912 1492 1015 1556 lecerit
1036 1513 1147 1578 poenas
1168 1492 1251 1556 luere

92 1595 171 1658 idem
192 1605 238 1658 εει
256 1606 345 1678 atque
365 1594 462 1658 animo
489 1595 615 1679 corrigi,
639 1604 670 1658 et
688 1595 837 1678 ingentem
857 1593 1006 1674 morbum,
1032 1594 1086 1659 boc
1110 1606 1157 1660 est
1178 1595 1252 1660 iniu-

93 1697 225 1776 stitiam,
249 1697 409 1782 deponere.
454 1695 525 1760 Nou
542 1696 727 1762 diffitebatur.
772 1694 851 1779 Quid
875 1707 935 1760 tum
956 1698 1079 1780 postea?
1121 1697 1169 1760 An
1194 1718 1252 1760 non

93 1819 147 1884 pro
162 1798 265 1862 delicti
281 1799 395 1863 ratione
411 1799 475 1862 iure
489 1798 526 1861 iis
542 1797 590 1884 qui
606 1798 764 1884 puniuntur
777 1796 867 1882 infligi
882 1818 992 1883 poenas
1007 1799 1172 1876 existimes,
1192 1819 1252 1864 uon

92 1899 182 1964 aliter
200 1911 288 1984 utque
302 1899 433 1984 aegrotis
453 1921 507 1986 pro
525 1901 679 1964 vulnerum
698 1900 813 1964 ratione
833 1899 944 1964 medica
961 1921 1065 1964 manus
1081 1900 1253 1965 adhibetur?

93 2002 214 2068 Annuit
231 2003 293 2067 ille.
337 1999 431 2086 lgitur
446 2001 494 2086 qui
513 2012 608 2066 morte
621 2001 707 2086 digna
724 2001 920 2082 commiserit,
942 2013 1109 2066 extremum
1126 2003 1154 2066 io
1172 2002 1252 2067 illum

92 2104 272 2190 supplicium
290 2104 469 2168 decernitur.
515 2101 574 2186 Qui
594 2103 719 2168 verbera
735 2104 875 2170 meruerit
892 2115 944 2170 aut
961 2105 1097 2184 vincula,
1120 2105 1252 2170 verberi·

93 2207 150 2270 bus
169 2216 224 2270 aot
239 2206 365 2270 uinculis
380 2215 549 2270 coercetur.
593 2203 676 2270 llaec
695 2205 744 2270 ille
765 2208 860 2270 lessus
877 2217 935 2270 est.
982 2205 1061 2271 Tum
1080 2228 1153 2290 ego,
1178 2205 1253 2272 Vin-

93 2309 149 2372 clis
169 2307 288 2392 itaque,
313 2307 503 2387 verberibus,
526 2318 615 2392 atque
633 2307 661 2372 id
682 2327 775 2392 genus
795 2307 944 2392 suppliciis
964 2309 1012 2393 qui
1031 2311 1184 2374 convictus
1207 2321 1253 2374 εει

94 2409 235 2487 efficitur,
260 2421 292 2474 ut
304 2410 341 2473 ab
356 2409 518 2475 sceleribus
533 2410 595 2474 suis
611 2408 781 2494 resipiscat,
805 2431 841 2474 uc
856 2410 917 2488 ric,
942 2422 1078 2494 tanquam
1098 2410 1251 2475 distortum

93 2511 227 2596 liguum,
249 2511 403 2576 tormentis
421 2512 589 2596 corrigitur.
635 2509 798 2576 Verissime
813 2513 843 2575 id
861 2512 974 2595 quidem
998 2532 1121 2588 curras,
1144 2513 1249 2596 inquit.

92 2611 168 2678 Non
188 2627 248 2678 tam
267 2613 343 2678 euim
359 2614 397 2678 ob
413 2614 603 2698 praeteritum
620 2615 730 2678 crimen
749 2635 833 2698 quam
854 2614 941 2678 futuri
960 2615 1082 2680 cavendi
1096 2614 1191 2699 gratia
1209 2615 1253 2680 iu·

93 2717 157 2782 dex
173 2717 204 2780 in
221 2716 301 2782 illum
321 2715 538 2780 animadvertit.
584 2716 733 2801 Apparet,
756 2716 862 2801 inquit.
906 2713 1022 2802 Quippe
1039 2717 1154 2782 vincula
1174 2717 1253 2782 illius

93 2821 131 2882 ad
152 2819 286 2883 laciuora
305 2819 442 2902 impetum
465 2818 644 2903 reprimuntq
668 2819 734 2882 duur
751 2838 826 2902 quae
846 2818 918 2883 velit
937 2840 989 2902 pro
1012 2820 1132 2884 arbitrio
1156 2821 1253 2884 lacere

92 2941 155 2985 unu
173 2919 357 3006 permittunt.
396 2917 493 2986 Recte
506 2920 637 2986 omuino.
676 2919 791 3005 Ergoa
808 2921 955 3006 peccando
972 2921 1152 3006 prohibetur,
1177 2923 1253 3006 quod

93 3043 164 3086 eum
192 3022 311 3086 vincula
336 3022 428 3087 libere
451 3021 481 3086 in
506 3022 670 3108 voluptates
693 3023 882 3108 praecipitem
908 3023 979 3090 terri
1001 3024 1171 3109 probibent,
1201 3025 1254 3088 sed

92 3135 292 3210 compescunt
310 3123 424 3208 potius,
453 3145 489 3188 ac
509 3124 649 3190 iustitiam
673 3125 772 3190 colere
791 3127 967 3211 perdocent,
996 3125 1090 3190 donee
1110 3125 1255 3190 eiusmodi
1318 3128 1321 3138 '

92 3225 294 3311 castigatione
319 3225 540 3310 temperantiam
566 3227 729 3292 condiscat.
776 3224 839 3305 lta,
869 3228 980 3312 inquit,
1011 3229 1137 3294 videtur.
1181 3226 1253 3294 Nou

91 3327 189 3413 igitur
208 3327 321 3413 peccati
344 3349 478 3394 caussam
501 3327 618 3394 vincula
638 3330 785 3395 sustinere
809 3331 963 3409 videntur,
986 3330 1038 3395 sed
1061 3331 1134 3396 baec
1157 3332 1254 3416 potius

91 3431 132 3492 ad
159 3429 286 3494 officium
313 3441 472 3509 revocant,
496 3452 531 3494 ac
553 3431 691 3496 iustiores
710 3432 853 3511 officiunt,
883 3454 948 3497 cum
971 3434 1051 3496 velut
1071 3432 1254 3518 praesidiarii

91 3532 251 3598 cuiusdam
274 3531 476 3597 medicamenti
495 3533 560 3597 loeo
577 3531 654 3613 siut,
677 3533 788 3598 austeri
807 3535 922 3618 quidem
941 3534 1018 3599 illius
1041 3555 1075 3598 ac
1097 3535 1254 3614 mordacis,

89 3635 151 3700 sed
168 3645 268 3698 tumen
285 3634 529 3718 praesentissimi.
573 3633 766 3722 Perspicuum
781 3635 850 3701 illud
867 3646 924 3714 est,
949 3635 1053 3720 iuquit.
1091 3634 1169 3721 Quid
1188 3657 1255 3722 pur-

89 3738 154 3802 rol
182 3755 260 3821 age,
284 3756 400 3801 rursum
418 3757 492 3821 quse
514 3738 650 3822 superius
671 3739 766 3822 positu
785 3748 857 3802 suut
875 3739 1085 3823 expendamus.
1131 3736 1201 3803 Non
1225 3750 1255 3806 tu

88 3859 208 3924 corpus
224 3838 262 3902 ob
281 3838 415 3905 delictum
437 3841 578 3923 quoddam
603 3840 720 3906 animae
736 3839 882 3908 vinculum
906 3861 974 3906 csse
1000 3840 1145 3904 statuistil
1189 3837 1254 3924 Ego

89 3961 175 4006 vero
191 3950 302 4019 statuo,
326 3939 430 4024 inquit.
475 3942 524 4005 Ad
541 3941 612 4006 baec
627 3963 752 4028 peccare
768 3964 833 4008 cum
848 3963 972 4026 corpore
989 3942 1127 4019 animem,
1150 3941 1176 4006 si
1192 3943 1255 4028 qui·
1312 3943 1316 3949 ’

88 4047 168 4110 dem
193 4042 387 4121 adulterium,
417 4043 604 4128 parricidium
627 4057 657 4110 et
681 4043 814 4130 impietas
837 4055 955 4129 peccata
978 4055 1063 4124 suut,
1092 4065 1167 4130 quae
1189 4067 1255 4112 cunr

88 4165 227 4228 corpure
244 4145 340 4208 anima
356 4147 523 4232 perpetrat?
566 4147 724 4210 bunoculo
743 4145 811 4225 illo,
835 4147 943 4230 Atqui,
967 4145 1102 4230 inquam,
1126 4147 1255 4212 vinctum

87 4247 201 4314 scelus
222 4246 331 4311 nullum
356 4247 538 4312 eurumittere
562 4267 651 4334 posse
675 4249 848 4314 latebamus.
893 4245 978 4314 Fessi
1000 4248 1118 4314 omuino
1140 4271 1253 4332 sumus,

87 4349 208 4435 inquit,
232 4349 415 4412 vinculorum
433 4350 537 4436 quippe
553 4349 656 4414 dolore
672 4349 859 4435 cmuciatuque
877 4349 1023 4435 prohiberi
1040 4352 1140 4417 etiam.
1179 4350 1256 4418 Cur·

88 4473 154 4541 pus
177 4471 248 4516 reru
268 4471 338 4514 num
358 4451 471 4518 euirnae
489 4451 636 4518 vinculum
655 4455 719 4520 estl
762 4451 938 4519 Affirmevit.
982 4451 1153 4520 Utrumuam
1170 4453 1257 4539 igitur
