3116 4934
379 223 517 308 rausum
533 257 596 310 nra.
607 257 640 308 11.
658 257 740 308 rona.
752 257 772 308 r.
791 256 890 308 nanu.
902 255 973 307 nxr.
1192 243 1250 308 201

101 389 143 438 sto
160 381 234 438 caua
251 381 404 440 madum
415 390 446 440 et
460 379 538 440 tuit.
573 374 688 442 'Iamne
702 376 786 442 vides
804 377 927 440 eundem
941 375 971 440 in
987 374 1114 440 ecelesia
1131 395 1254 440 concor-

102 479 174 542 diam
193 479 373 564 eandemque
395 501 476 565 spem
500 501 534 544 ac
558 481 642 544 tidem
663 501 737 564 quae
753 480 909 564 unicuique
926 478 1085 543 secondum
1109 479 1255 564 propriam

103 582 158 646 rim
176 581 385 668 propriumque
403 582 512 646 laboris
530 593 679 648 certamen
699 584 866 666 gratificare
889 582 1006 645 studet?
1049 578 1166 644 Etenim
1187 602 1254 646 sau-

103 695 144 747 ata
164 685 212 748 dei
231 684 357 748 ecclesia
377 686 445 748 navi
466 686 579 750 atridam
596 685 700 750 similis
721 695 779 750 est.
823 681 921 750 Navis
940 703 1027 768 porro
1043 703 1101 748 uon
1120 695 1150 746 et
1170 683 1255 758 unica

103 785 215 866 tabula,
239 786 290 851 sed
311 807 351 850 ex
369 786 495 851 diversis
512 798 745 872 coagmentatur.
791 785 890 850 Habet
907 785 984 850 enim
1005 806 1045 849 ex
1064 807 1122 849 uuo
1140 786 1255 871 quidem
1329 861 1330 864 Ἴ

102 888 179 972 ligno
196 889 346 969 carinam,
371 891 421 953 sed
443 911 501 954 nou
523 911 581 954 uno
598 911 633 953 ac
649 889 772 973 simplici
793 888 897 953 modo:
922 888 1068 952 anchorae
1087 887 1192 952 deinde
1213 890 1255 952 al-

102 989 191 1054 terius
209 991 329 1074 generis
347 1001 432 1070 sunt,
457 1002 516 1056 turo
535 992 717 1078 peritomen,
743 991 888 1070 tabutata,
913 989 1070 1056 statumina
1088 1012 1123 1055 ac
1139 993 1252 1077 puppis,

101 1091 224 1156 laterum
250 1103 503 1179 transtrorumque
526 1105 643 1180 partes,
666 1095 751 1174 vela,
776 1105 927 1173 temones,
952 1092 1130 1178 phalangas,
1154 1115 1255 1158 manu·

103 1195 184 1275 bria,
207 1195 310 1260 clavos
328 1217 363 1260 ac
381 1197 494 1280 reliqua
518 1197 614 1262 omnia
637 1199 721 1262 vario
738 1219 778 1262 ex
800 1195 944 1260 materiae
965 1215 1076 1279 genere
1099 1217 1254 1280 coagmen·

101 1309 210 1361 untur.
256 1297 299 1362 At
319 1319 512 1384 unaquaeque
527 1299 650 1365 istarum
671 1300 834 1364 iracreseon
850 1298 937 1362 unico
955 1297 1035 1382 tigno
1050 1308 1191 1363 constans
1206 1319 1255 1363 ee·

102 1399 210 1464 etesiae
228 1410 326 1464 notam
345 1422 380 1465 ac
400 1401 735 1487 characterempraese
752 1401 926 1465 nonhabet.
965 1395 1079 1464 Contra
1097 1401 1144 1464 uei
1160 1402 1256 1465 eccle·

101 1503 140 1568 sia
154 1503 298 1568 honestas
315 1504 431 1589 nuptias
447 1505 589 1583 admittit,
614 1526 649 1568 ac
663 1505 856 1570 veneratione
874 1503 1071 1588 prosequitur.
1116 1507 1256 1568 Hoaeatoo
1267 1514 1407 1569 fictores.

100 1611 167 1669 enain
186 1611 305 1687 nuptiae
318 1619 401 1682 snat,
425 1619 456 1668 et
473 1619 552 1669 torus
569 1610 775 1670 conmaculatus.
823 1604 921 1670 Habet
935 1615 964 1668 et
980 1605 1201 1686 coattineutiam,
1226 1618 1255 1672 et

100 1708 213 1792 quidem
243 1709 441 1792 singularem,
476 1729 600 1794 eamque
630 1709 832 1786 commendat,
870 1718 969 1793 utpote
999 1729 1074 1792 quae
1106 1720 1255 1774 certamen

100 1813 243 1896 quoddam
269 1812 408 1897 suscipit,
438 1811 585 1897 ritumque
608 1812 701 1898 ipsam
724 1811 806 1896 quasi
832 1809 980 1895 potentior
1001 1810 1135 1896 despicit.
1187 1811 1255 1876 Nee

100 1915 194 1978 minus
210 1914 410 1998 virginitatem
433 1914 537 1994 habet,
563 1935 685 1999 eamque
702 1933 879 1999 magnopere
895 1912 1060 1998 praedicat,
1086 1915 1168 1998 quasi
1190 1937 1255 1980 curo

99 2017 206 2080 uirtute
225 2017 428 2095 coniunctam,
452 2017 660 2100 levissimaque
682 2037 778 2102 pcnua
801 2016 973 2101 praeditam.
1018 2012 1084 2081 Nec
1104 2016 1130 2080 ei
1151 2018 1257 2082 desunt

101 2120 173 2183 certi
188 2118 336 2199 homiues,
362 2120 410 2204 qui
427 2121 533 2184 mondo
541 2118 773 2212 ‘renuntiarunt,
799 2139 853 2182 uec
871 2118 1013 2182 adversus
1028 2139 1080 2183 eos
1098 2120 1145 2204 qui
1163 2121 1257 2186 adhoc

98 2222 253 2285 inmundo
271 2233 428 2286 versantur
442 2232 618 2306 arroganter
631 2221 825 2298 insolescunt,
849 2222 900 2284 sed
919 2219 955 2284 iis
973 2221 1045 2306 ipsis
1059 2222 1254 2288 delectantur.

100 2322 211 2407 Quales
239 2323 306 2388 olim
329 2325 453 2408 apostoli
478 2327 613 2404 suerunt,
646 2325 774 2388 omnium
801 2324 915 2388 scilicet
941 2343 1040 2388 rerum
1066 2326 1255 2409 possessione

100 2428 195 2490 auaui.
242 2423 306 2490 imo
325 2438 356 2490 et
378 2427 509 2491 salvator
530 2427 593 2512 ipse
616 2426 749 2491 dominus
773 2427 919 2504 omnium,
949 2445 1014 2488 cum
1037 2425 1068 2490 iu
1090 2427 1144 2490 han
1166 2449 1255 2492 carne

100 2529 233 2608 vireret,
258 2529 329 2593 nihil
348 2549 387 2592 ex
408 2529 488 2592 hisee
511 2529 639 2594 terrenis
658 2529 745 2594 rebus
765 2529 916 2614 possidere
934 2528 1038 2592 votuit.
1083 2523 1189 2613 Neque
1211 2540 1256 2594 ta·

100 2651 164 2694 meo
179 2630 293 2695 idcirco
311 2632 450 2696 mulieres
466 2632 532 2696 ilias
548 2633 672 2696 reiicere
687 2632 797 2711 votuit,
821 2629 967 2715 quaesibi
984 2652 1019 2694 ac
1037 2631 1099 2696 suis
1115 2633 1255 2717 apostolis

101 2733 313 2798 ministrarent.
359 2731 404 2798 lta
427 2735 503 2798 enim
527 2735 750 2819 scriptumest:
783 2739 859 2813 Quae
876 2737 985 2815 quadam
1008 2745 1121 2796 serame
1132 2737 1387 2818 samosataeus.

102 2838 178 2896 a'llum
193 2858 212 2897 o
229 2840 373 2912 Galilaea,
397 2842 590 2900 maautruates
605 2841 663 2919 ipsi
675 2849 703 2899 et
717 2841 753 2899 iis
768 2841 820 2920 pai
832 2859 895 2898 cum
911 2859 943 2898 eo
959 2848 1058 2911 munt,
1082 2841 1117 2899 de
1130 2843 1190 2900 rura
1201 2841 1255 2922 so-

100 2940 261 3000 cunutus.

184 3037 271 3123 Quod
290 3041 346 3104 nisi
367 3041 409 3106 ita
425 3063 459 3106 se
476 3063 525 3106 res
542 3041 679 3121 haberet,
704 3041 751 3126 qui
771 3043 887 3106 modom
909 3039 1022 3126 impleri
1041 3053 1142 3126 posset
1163 3043 1251 3108 iliud:
1270 3041 1330 3112 cap.
1347 3049 1387 3100 Π·

104 3147 197 3206 Venite
208 3149 249 3206 od
263 3149 408 3208 dexterum
423 3167 510 3208 aream
525 3148 672 3220 maduca,
697 3147 798 3227 parias
809 3157 894 3226 pater
908 3165 985 3206 meus
999 3148 1127 3208 eoelestis
1140 3153 1258 3228 porcor't
1267 3143 1353 3252 &app

102 3269 216 3328 mam
232 3269 251 3308 a
267 3253 466 3311 wasutuu'oue
483 3253 589 3312 mundi.
637 3251 757 3312 Esurain‘
767 3253 857 3322 enain,
881 3259 911 3309 et
923 3251 1039 3310 dedastr's
1056 3252 1127 3310 mr'ti
1139 3255 1255 3313 mondu-

102 3372 179 3426 core,
203 3355 301 3424 sitici,
328 3361 358 3412 ot
372 3354 489 3414 ddecus
512 3355 584 3414 mt’hi
604 3352 714 3426 haime,
737 3355 830 3414 nardus
845 3353 915 3432 fiai,
943 3362 972 3412 et
992 3356 1177 3430 cooperarius
1198 3376 1250 3416 me.

104 3449 183 3534 Quae
198 3454 299 3517 omnia
316 3455 460 3537 quomodo
478 3455 576 3518 iacere
595 3455 710 3518 modam
729 3454 912 3538 potuissent,
937 3453 994 3516 uisi
1011 3452 1097 3516 iustis
1114 3474 1153 3518 ex
1174 3456 1254 3519 iabo-

104 3555 178 3622 ribus
201 3567 291 3642 atque
312 3577 353 3620 ex
375 3558 497 3640 privatis
515 3556 700 3622 facoltatibus
716 3557 781 3621 inre
797 3555 973 3641 comparatis
991 3556 1156 3621 eademilio
1172 3579 1255 3642 prae·

104 3659 265 3724 stitisseuti
309 3655 395 3742 Quod
419 3659 446 3722 si
466 3659 514 3723 isti
538 3659 586 3745 qni
610 3659 694 3722 bonis
717 3680 750 3722 se
771 3659 905 3722 omnibus
926 3657 1062 3722 abdicant
1084 3668 1115 3722 et
1138 3670 1254 3745 aposto-

104 3758 184 3826 licum
201 3763 282 3825 vitae
297 3781 391 3845 genus
408 3763 616 3840 instituerunt,
640 3762 706 3828 otiis
723 3773 826 3826 essent
838 3761 966 3839 admisti,
991 3783 1049 3824 non
1065 3760 1159 3824 aliena
1174 3774 1256 3826 esset

103 3861 148 3926 ilia
162 3863 283 3928 vivendi
298 3864 394 3943 ratio,
412 3881 507 3949 oeque
523 3886 540 3928 a
559 3864 666 3929 divinis
681 3865 796 3949 legibus
811 3886 846 3929 ao
862 3862 1051 3949 praescriptis
1067 3863 1253 3943 abhorreret,

103 3967 176 4029 acsi
194 3965 339 4031 uxoribus
361 3967 483 4053 insuper
504 3988 574 4052 prae
596 3968 805 4053 temperantiae
829 3965 925 4030 studio
949 3967 1169 4046 renuntiarent,
1193 3968 1255 4031 iau-

103 4067 193 4133 dabiie
212 4079 293 4134 esset
312 4067 476 4132 institutum
498 4069 587 4151 ittot,
616 4091 669 4154 pro
692 4069 823 4152 eoquod
845 4069 960 4153 nuptias
983 4067 1102 4133 minime
1126 4070 1254 4136 detesta-

103 4181 212 4236 rentur.
265 4169 417 4238 Sed'cnm
445 4173 482 4236 iis
511 4172 560 4257 qui
586 4171 769 4236 matrimonia
793 4172 998 4236 contraxerint
1019 4174 1252 4240 cummunionem

134 4305 159 4358 7.
177 4305 254 4362 ἱστίου
271 4311 323 4360 cao.
338 4311 414 4361 Vener.
729 4307 788 4358 Gar.
805 4309 846 4358 tv.
865 4335 898 4348 -
931 4311 953 4361 1.
972 4311 1037 4360 Haec
1051 4313 1138 4374 umbo,
1155 4327 1215 4376 pace
1230 4316 1255 4364 a‘o

136 4375 159 4424 a.
178 4371 257 4429 ὅλκῶυ
274 4379 378 4439 suspicio
395 4381 488 4430 raons·
504 4381 518 4443 f
535 4383 557 4431 't
693 4381 759 4428 tataris
766 4379 837 4440 culpo
846 4379 1017 4442 mammeam,
1034 4382 1255 4444 redureadnsut'ssa,

135 4439 158 4491 9.
176 4437 203 4496 oti
219 4441 261 4498 τόν
279 4447 331 4495 eod.
349 4446 426 4496 Vertat.
694 4449 754 4496 atton
768 4441 877 4512 γυμνὸς,
902 4449 927 4497 a'n
944 4451 1011 4498 tantu
1027 4450 1132 4499 nudante
1143 4453 1254 4512 postam,

124 4508 158 4559 10·
175 4513 218 4565 τοῦ
234 4513 295 4566 θεοῦ
313 4515 365 4564 cod.
382 4517 458 4567 Vena.
695 4518 753 4566 sotts
767 4517 857 4578 protot.
