3168 4926
246 219 309 265 vm
726 191 923 244 rnxnrnrro.

246 353 312 398 sem
333 335 368 396 ia
381 330 535 396 Latinum
558 330 700 414 linquam
723 330 983 394 arammatmf‘
1025 329 1137 410 lnquo
1152 327 1234 394 libro
1250 327 1336 410 typis
1355 347 1407 394 ex·

247 442 501 524 scribendoque
525 439 690 522 diligentia
712 457 838 522 quaque
861 439 926 506 fide
948 441 1014 506 sint
1031 440 1152 506 versati
1172 439 1312 506 editores
1336 457 1408 504 eum

247 573 312 622 non
326 552 429 636 fugiet
447 552 501 635 qui
518 551 671 634 scriptum
691 570 762 617 cum
786 551 872 617 edito
896 550 1136 634 comparaverit.
1178 551 1263 617 Raro
1283 569 1409 616 errave·

248 668 324 732 runt
339 663 374 730 in
391 661 627 730 characteribus
642 663 761 729 veteris
775 681 889 728 manus
905 661 1164 744 interpretandis,
1185 661 1287 728 multa
1303 666 1410 727 sustu·

248 775 356 864 lenmt
371 773 438 840 stili
455 773 546 854 vitia,
568 773 627 838 sed
644 773 732 839 nulla
748 774 811 839 nisi
828 771 989 854 comessa,
1012 778 1045 838 et
1063 772 1103 838 ab
1125 773 1209 837 omni
1229 772 1410 838 temeritate

249 885 429 970 corrigendi
443 883 650 965 mutantique
665 882 869 950 laudabiliter
884 883 1113 948 abstinuerunt
1150 883 1332 948 Editionem
1347 883 1410 948 Ba-

250 997 420 1064 sileensem
444 1013 528 1060 anno
546 993 735 1060 MDGXXII.
758 995 883 1076 excepit
899 993 1091 1060 Parisiensis
1112 993 1259 1075 Dionysii
1278 993 1411 1072 Petavii,

251 1110 305 1194 qui
323 1126 394 1174 cum
408 1105 514 1173 verbis
528 1104 701 1186 Epiphanii
720 1105 772 1170 hic
786 1104 851 1171 illic
863 1110 950 1171 recte
969 1103 1147 1170 emendatis
1164 1109 1221 1170 aut
1236 1103 1412 1187 explicatis,

248 1226 317 1287 tum
343 1238 381 1286 eo
409 1224 460 1282 est
485 1216 526 1281 de
550 1215 704 1297 scriptore
728 1217 789 1281 boc
814 1214 980 1282 intellectu
1001 1232 1099 1296 saepe
1124 1214 1308 1283 difficillimo
1329 1214 1411 1280 bene

248 1331 382 1398 meritus
399 1327 484 1410 quod
501 1325 606 1392 denno
628 1345 666 1392 sc
686 1344 790 1408 paene
813 1327 853 1392 de
875 1327 1001 1408 integro
1024 1325 1122 1392 libros
1142 1326 1211 1391 eius
1235 1325 1269 1390 in
1292 1341 1411 1390 sermo-

249 1461 323 1509 nem
336 1437 487 1505 Latinum
509 1437 767 1520 interpretandos
789 1437 1181 1519 animadversionibuaque
1195 1436 1286 1502 varia
1307 1435 1412 1502 erudi-

249 1553 337 1619 tione
352 1547 456 1633 plenis
471 1549 680 1614 illustrandos
696 1549 845 1630 suscepit.
890 1545 955 1614 Sed
980 1549 1020 1613 de
1042 1548 1103 1613 hoc
1124 1548 1231 1630 possis
1255 1548 1325 1614 iure
1339 1567 1412 1614 con·

249 1660 355 1745 queri,
376 1659 463 1743 quod
479 1660 514 1724 in
534 1660 696 1724 enotanda
708 1659 860 1725 librorum
875 1663 951 1724 vett.
970 1657 1085 1740 quibus
1104 1659 1256 1724 utebatur
1277 1659 1412 1742 scriptu·

248 1789 357 1839 rarum
373 1770 590 1853 discrepantia
605 1770 700 1835 nimis
714 1789 811 1852 parce
828 1788 1005 1852 parumque
1024 1777 1173 1836 accurato
1187 1775 1334 1836 versatus
1354 1776 1413 1836 est

160 1952 164 1960 ,
250 1881 377 1949 Codicis
404 1881 488 1946 enim
515 1880 596 1964 regii
627 1880 777 1960 Parisini,
811 1899 905 1962 quem
935 1881 1007 1962 ipse
1031 1881 1229 1962 inspexerat,
1259 1899 1412 1963 perquam

249 2010 323 2058 raro
337 1990 377 2056 ab
397 2009 436 2057 eo
454 1990 541 2056 facta
554 1996 605 2058 est
621 1991 753 2071 mentio,
774 1991 984 2074 Vaticaniqne
1001 1991 1074 2056 libri
1092 1991 1312 2074 diversitates,
1333 2009 1413 2074 quas

251 2103 292 2169 ab
309 2101 440 2168 andrea
453 2101 585 2168 Sobotto
602 2107 770 2184 excerptas
788 2109 970 2184 acceperat,
991 2102 1107 2185 partim
1125 2101 1335 2184 interpolatas
1358 2107 1415 2168 aut

250 2212 414 2280 mutilatas
436 2213 572 2296 recepit,
601 2214 719 2296 partim
744 2214 870 2280 omnino
891 2213 1040 2296 neglexit.
1088 2213 1139 2278 Ita
1163 2212 1282 2278 facttum
1307 2217 1415 2280 estut

249 2325 434 2410 posteritati
456 2343 582 2408 quoque
609 2324 701 2406 larga
727 2343 821 2391 curae
847 2329 943 2406 atque
966 2324 1128 2390 sollertiae
1152 2324 1287 2390 maaria
1308 2323 1341 2388 in
1362 2324 1413 2390 bis

250 2435 379 2518 seriptis
396 2435 604 2501 emendandis
622 2440 719 2518 atque
737 2435 944 2518 expediendis
961 2435 1124 2502 manserit.
1159 2435 1312 2517 Legimus
1327 2434 1415 2516 apud

249 2544 430 2612 sannorum
453 2545 603 2611 sannen.
631 2546 684 2612 or.
711 2545 772 2612 vor.
792 2545 880 2612 vni
906 2527 1176 2628 pegaseum.
1203 2551 1335 2627 paratos
1357 2545 1413 2610 na-

249 2656 359 2724 buisse
373 2655 407 2722 in
424 2656 640 2739 Epiphaniam
657 2657 915 2738 commentarios,
935 2675 1113 2738 novamque
1131 2657 1321 2738 scriptorum
1343 2655 1412 2720 eius

250 2767 424 2834 editionem
447 2773 629 2834 curaturum
653 2765 754 2833 fuisse
786 2767 820 2832 P.
845 2765 1043 2847 Lanselium,
1071 2765 1211 2833 fortasse
1236 2767 1332 2834 etiarn
1353 2765 1412 2832 Ed.

248 2877 463 2959 Bemardum,
491 2878 546 2960 qui
573 2878 833 2944 commentarium
862 2896 955 2943 suum
984 2879 1017 2942 in
1045 2877 1218 2962 Epiphanii
1242 2877 1413 2944 Pansrium

252 2993 477 3054 commemoret
499 2989 533 3052 in
557 2989 642 3054 notis
669 2989 711 3053 ad
734 2987 905 3070 losephum
929 3006 1002 3070 pag.
1017 2987 1104 3070 323,
1134 2989 1287 3070 cuiusque
1309 3005 1413 3053 exem·

201 3184 208 3194 ι
249 3097 322 3182 pler
343 3098 419 3164 edit
441 3100 523 3182 Opp.
543 3099 716 3182 Epiphanii
740 3117 837 3164 manu
861 3099 964 3181 ipsius
992 3104 1138 3166 notatum
1164 3106 1198 3165 et
1220 3100 1413 3182 castigatum

248 3209 345 3275 bodie
367 3213 553 3275 asservatur
579 3209 666 3290 apud
687 3209 885 3276 oxonienses
910 3212 952 3292 (v.
974 3209 1074 3276 Catai.
1099 3211 1198 3278 Oodd.
1221 3209 1358 3294 Angliae
1380 3213 1414 3274 et

249 3317 322 3386 Hib.
338 3318 379 3384 II.
402 3337 475 3400 pag.
491 3319 563 3384 227.
586 3337 653 3385 nro.
669 3321 769 3401 7421,
791 3321 870 3404 lb),
900 3327 933 3386 et
958 3321 1020 3387 lac.
1038 3321 1197 3403 Ooletum,
1223 3321 1413 3390 instructum

250 3445 312 3512 ope
334 3427 452 3494 codicis
473 3447 532 3494 ms.
548 3428 704 3496 Marciani
720 3430 857 3511 CXXV„
887 3431 941 3514 qui
962 3431 1024 3496 brit
1044 3431 1119 3497 olim
1141 3433 1313 3499 cardinalis
1334 3433 1413 3500 Bes-

250 3539 402 3620 sarionis‚
432 3537 528 3605 etiam
551 3558 625 3606 esse
651 3557 766 3607 novam
788 3541 953 3624 scriptoris
976 3559 1108 3624 operum
1130 3542 1303 3609 editionem
1323 3544 1414 3610 moli·

248 3655 317 3716 tum
338 3649 480 3733 prodidit
500 3649 657 3716 Villoison
672 3651 813 3718 Anecdd.
834 3653 888 3718 Gr.
904 3651 961 3732 11,
983 3669 1055 3734 pag.
1072 3652 1144 3718 245.
1188 3653 1253 3720 Sed
1275 3660 1311 3722 ut
1328 3657 1413 3722 Lan·

249 3759 322 3826 selii
342 3761 559 3827 commentarii
579 3761 782 3842 interierunt,
803 3762 850 3827 ita
864 3763 905 3828 de
921 3761 1023 3828 Ooleti
1039 3763 1167 3829 schedis
1188 3764 1302 3848 reliqui
1322 3765 1413 3848 quid-

248 3887 345 3954 quam
364 3871 554 3955 investigari
579 3872 675 3937 bodie
702 3889 767 3938 non
787 3872 906 3954 potuit,
935 3879 968 3938 et
988 3874 1146 3940 Bemardi
1174 3875 1280 3941 saltim
1308 3893 1413 3941 exem·

247 3980 337 4064 plum
357 3979 438 4047 illud
455 3984 540 4065 quod
562 3983 864 4066 supramemoravi,
887 3985 1035 4066 quodque
1050 3984 1218 4052 Harlesius
1240 3986 1273 4052 in
1287 3985 1412 4052 addita-

248 4091 366 4157 mentis
382 4092 425 4158 ad
439 4093 577 4160 Fabricii
590 4093 671 4162 Bibl.
688 4094 742 4160 Gr.
760 4094 821 4160 vol.
835 4093 936 4177 vm,
958 4115 1031 4179 pag.
1049 4097 1121 4163 261.
1142 4099 1294 4178 tanquam
1316 4097 1412 4163 colla·

248 4206 316 4266 tum
338 4219 409 4267 cum
430 4203 521 4270 codd.
537 4223 613 4271 mss.
629 4206 722 4272 nobis
743 4207 933 4286 venditavit,
954 4204 1175 4271 nihilomnino
1191 4207 1333 4272 continet
1348 4207 1412 4273 nisi

249 4311 488 4379 emendationes
511 4313 633 4397 aliquot
652 4335 735 4400 quae
757 4323 824 4382 tam
845 4316 952 4399 exigui
973 4317 1125 4382 momenti
1147 4323 1224 4382 sunt
1244 4321 1281 4382 ut
1302 4317 1411 4382 melio-

247 4439 316 4490 rem
336 4428 461 4510 partem
482 4441 600 4510 operae
620 4425 801 4509 Epiphanio
823 4425 1029 4492 aBemardo
1050 4426 1240 4512 praestitae,
1266 4428 1294 4494 si
1315 4445 1410 4512 quam
