3186 4928
378 245 514 298 raanan
532 245 595 298 nra.
607 247 641 297 a.
659 245 741 298 rou.
755 247 775 296 r.
793 245 893 299 uana.
907 247 1001 300 nxrr.
1205 237 1266 304 343

112 365 226 430 nallnrn
244 365 292 451 qui
309 385 364 430 nos
385 367 421 430 ad
437 365 527 430 animi
547 365 783 453 perturbationes
801 366 929 432 attrabat
949 367 1028 450 (nana
1047 367 1102 432 boe
1118 369 1205 434 modo
1227 371 1267 436 ei·

113 481 159 532 tre
172 469 311 533 sudorem
328 490 364 532 no
381 469 512 532 laborem
529 469 652 532 salntem
670 467 803 532 obtinere
821 469 999 554 potuimus),
1022 471 1075 534 sed
1090 474 1164 555 qaod
1186 474 1269 536 rolu-

112 592 178 636 mas
204 571 235 634 id
260 570 379 634 minime
405 571 453 651 lit,
485 570 545 634 imo
564 571 593 634 id
616 571 712 656 potins
734 571 810 656 qnod
838 571 985 636 nolumus.
1037 571 1162 638 Probari
1189 576 1266 639 enirn

112 695 185 752 nos,
222 674 263 738 nti
291 673 436 751 diximus,
472 685 598 758 oportet.
657 670 733 738 Cam
762 673 834 738 baeo
863 673 952 758 igitur
980 675 1020 738 ita
1048 675 1126 754 sint,
1160 697 1268 761 nequa·

112 799 217 862 qaam,
242 776 395 854 oraine,
427 776 642 861 improbissimo
666 777 805 841 cedamus
828 777 923 854 hosti,
954 778 1006 840 sed
1027 782 1413 852 dee'armotaromspt.s,11.

110 893 268 954 eumentes,
294 899 367 964 qaae
391 900 446 944 nos
472 887 571 942 tuetur
592 901 626 942 ao
651 878 794 964 protegit,
824 884 949 942 rbete'ta'ae
969 883 1086 944 lavabam
1107 885 1264 958 induamus,

110 997 141 1046 et
163 987 318 1046 reamur
338 985 424 1063 pedes
448 987 477 1044 in
496 987 715 1064 praeparatione
734 985 878 1062 euangelii
892 987 990 1064 parab,
1021 988 1051 1045 in
1070 986 1198 1046 omnibns
1219 1007 1268 1046 sa-

111 1099 217 1148 mentes
232 1097 343 1148 erutum
359 1087 450 1165 fidei,
482 1089 511 1148 in
531 1107 586 1166 quo
604 1090 745 1166 possamus
765 1090 857 1146 ommia
879 1089 973 1147 meula
993 1091 1159 1168 nequissimi
1179 1089 1268 1148 losn’s

110 1193 206 1269 ignita
230 1193 424 1268 restrmgem:
457 1200 486 1250 et
505 1190 617 1267 galeam
644 1190 747 1253 sairam
768 1192 902 1268 arripite,
936 1199 966 1250 et
986 1191 1114 1269 gladium
1135 1194 1264 1270 apri-itae,

109 1295 187 1372 qaod
198 1303 242 1352 est
257 1293 369 1354 uerbum
384 1295 445 1364 dei,
471 1302 504 1352 att
515 1294 633 1371 poenalis
646 1301 724 1352 stare
740 1295 875 1352 adversus
892 1294 1010 1352 insidiiis
1025 1293 1147 1366 diaboli,
1171 1313 1205 1352 no
1221 1312 1268 1353 eo·

108 1398 266 1473 gitationes
292 1397 439 1455 damnare
464 1405 492 1454 et
516 1413 621 1454 omnem
647 1395 839 1467 altitudinem,
870 1414 943 1475 qaae
964 1397 1113 1456 extollitur
1133 1375 1419 1462 adomeastuarnan.

109 1500 257 1558 serentium
275 1500 330 1558 dei.
379 1499 515 1573 Quoniam
531 1517 586 1557 non
609 1507 653 1558 est
669 1497 749 1558 nobie
766 1499 929 1558 colluctatio
946 1501 1082 1558 edomans
1102 1502 1420 1577 sanguinemttptr.a‚1a.

109 1611 137 1660 et
152 1619 276 1660 amnem.
322 1595 406 1660 liaeo
425 1609 522 1660 autem
538 1595 604 1660 ideo
623 1597 688 1660 dieo
704 1599 779 1682 quod
796 1617 830 1662 ea
851 1599 889 1660 sit
904 1598 1033 1662 omnium
1053 1599 1177 1683 apastoli
1192 1598 1267 1662 sori·

111 1711 226 1786 ptornm
245 1701 332 1765 ratio.
377 1697 471 1763 Malta
489 1700 594 1785 quippe
611 1709 696 1780 sunt,
721 1721 795 1784 quae
814 1701 849 1764 tie
867 1721 924 1764 uno
941 1719 1054 1784 quoque
1071 1721 1171 1764 eorum
1192 1721 1266 1786 quae

110 1805 140 1866 in
156 1803 207 1867 illa
221 1803 344 1889 epistola
359 1801 585 1888 pronuntiantur
600 1787 794 1866 demonstrari
808 1813 942 1888 possunt,
963 1813 994 1866 ut
1007 1803 1043 1865 nti
1057 1813 1166 1866 rectam
1182 1803 1266 1866 fidem

109 1906 244 1992 apposite
261 1915 457 1990 aoenrateque
477 1905 553 1968 diota
571 1903 737 1968 videantur.
783 1902 843 1970 Sed
862 1906 980 1988 longum
1000 1905 1138 1970 osthane
1154 1905 1184 1968 in
1204 1925 1266 1968 mo-

109 2011 177 2074 dum
200 2009 316 2093 singula
339 2026 528 2092 persensere.
574 2004 712 2070 Formam
732 2007 809 2071 enim
830 2009 973 2072 duntaxat
995 2008 1071 2073 illius
1094 2029 1130 2072 ao
1147 2018 1266 2073 senten-

109 2112 179 2175 tiaro
197 2111 225 2174 ia
249 2111 416 2196 praesentia
434 2109 585 2174 declarare
602 2110 702 2173 statui.
746 2114 812 2173 Nan
834 2116 906 2172 enim
928 2115 1004 2193 qaod
1019 2115 1082 2173 oola
1104 2114 1156 2172 doe
1169 2113 1263 2194 sarab,
1280 2125 1374 2184 ttoni,
1387 2129 1418 2175 tt

108 2218 162 2278 sed
174 2219 251 2297 qaod
265 2218 315 2276 odi
326 2216 487 2296 laesaaea'o:
510 2211 628 2276 divinae
642 2211 758 2296 quidem
773 2213 829 2298 legi
846 2214 1005 2293 assentior,
1030 2234 1064 2277 aa
1079 2212 1184 2277 bonam
1200 2235 1267 2278 esse
1366 2195 1373 2222 '

110 2319 220 2382 fateor.
265 2313 327 2380 lana
345 2335 418 2380 vero
437 2335 497 2378 non
514 2313 584 2378 illud
608 2315 701 2400 ipsam
724 2335 781 2400 ego
803 2316 970 2396 committo,
992 2320 1043 2378 sed
1065 2320 1140 2398 qaod
1159 2317 1269 2378 labitur

108 2424 138 2482 in
157 2443 201 2482 me
216 2430 383 2501 peceatum:
406 2422 467 2479 sm'o
482 2421 553 2480 enim
568 2423 646 2500 quod
667 2441 722 2481 nan
741 2421 967 2493 habitaturae,
993 2422 1046 2480 liae
1066 2429 1112 2480 ert
1130 2423 1160 2480 in
1182 2441 1268 2481 earne

108 2545 186 2598 mea,
212 2524 323 2585 donam.
370 2518 530 2584 Praeclare
552 2521 630 2584 istud
651 2521 778 2605 quidem.
823 2518 998 2586 Meminisse
1015 2541 1071 2586 vos
1089 2520 1166 2584 enim
1189 2520 1267 2584 arbi-

109 2636 174 2690 tror
189 2625 258 2709 quid
274 2645 291 2688 a
307 2622 392 2688 nabis
409 2643 499 2708 snpra
514 2623 703 2688 eonstitntnnr
722 2623 820 2687 luerit.
854 2623 989 2688 Tametsi
1007 2623 1073 2686 dnm
1090 2622 1186 2686 omnia
1201 2643 1267 2708 per·

107 2727 194 2813 sequi
211 2727 333 2804 studeo,
358 2725 444 2811 paulo
462 2724 517 2788 sim
536 2725 669 2811 longior,
693 2725 892 2812 maioremque
913 2726 981 2790 mibi
1005 2746 1090 2810 qnam
1112 2725 1265 2809 sperabam

106 2831 137 2894 in
157 2831 296 2894 ambitam
315 2829 514 2892 oiroamdaotn
532 2828 572 2891 sit
593 2828 707 2905 oratio,
739 2849 823 2912 quern
847 2849 900 2893 nos
925 2847 1097 2913 pereurrere
1120 2849 1154 2892 aa
1176 2827 1266 2892 eoni-

107 2951 178 2997 eere
196 2931 377 2995 conabimur.
422 2929 542 3015 Alioqui
561 2931 669 2994 anitum
686 2931 715 2994 in
736 2931 886 3016 proposito
906 2942 1079 3016 argumento
1101 2931 1187 2995 inem
1211 2949 1266 2994 ex-

106 3036 272 3123 pediemns.

193 3135 236 3200 lta
253 3137 354 3220 igitur,
378 3135 403 3198 si
421 3135 628 3214 recordamini,
653 3135 883 3221 disputabamus.
915 3133 1037 3221 Ex-quo
1054 3137 1163 3222 primus
1180 3136 1266 3200 bomo
1284 3147 1344 3216 Cap.
1359 3147 1418 3198 Lx.

108 3243 330 3304 circumventos
346 3237 510 3302 mandatum
528 3237 573 3302 dei
592 3237 726 3318 violavit,
750 3238 817 3302 inde
834 3249 986 3324 peecatum
1005 3259 1046 3302 ex
1064 3259 1098 3302 ea
1116 3249 1268 3304 contuma-

108 3345 155 3408 eia
181 3352 373 3427 propagatum
389 3340 420 3402 in
435 3359 471 3404 eo
487 3341 586 3404 sedem
604 3340 805 3406 constituisse.
852 3338 905 3406 Sia
922 3341 999 3405 eninr
1017 3341 1139 3426 primum
1161 3353 1268 3407 exorta

107 3444 217 3512 seditio
235 3455 300 3523 est,
324 3464 359 3507 ae
380 3463 435 3506 nos
457 3442 635 3506 turbulentis
650 3442 858 3527 agitationibus
874 3465 909 3508 ao
932 3445 1096 3530 peregrinis
1114 3446 1267 3529 rogitatio-

108 3549 196 3614 nibas
211 3545 354 3632 implioari
371 3546 532 3630 coepimus.
577 3543 656 3610 Nam
673 3547 774 3610 divino
788 3546 839 3611 illo
856 3547 954 3610 afflatu
971 3547 1137 3624 destitutas,
1162 3569 1196 3610 ao
1216 3567 1266 3632 pe-

108 3652 190 3715 nitas
210 3650 372 3713 exhaustas
394 3648 555 3712 lutulentae
574 3648 641 3712 illae
664 3647 838 3734 eupiditates
859 3650 1069 3735 oppleverant,
1094 3669 1165 3733 quas
1188 3648 1267 3712 ealli-

107 3757 164 3819 dus
180 3754 210 3816 in
227 3773 282 3815 aas
298 3771 421 3837 serpens
434 3771 469 3813 aa
485 3761 636 3815 veterator
649 3751 785 3832 immisit,
805 3773 870 3816 eum
887 3752 978 3816 divini
996 3750 1105 3835 alioqui
1120 3751 1267 3835 praecepti

106 3857 191 3920 volnt
208 3854 310 3920 orbem
333 3853 417 3918 breui
434 3853 574 3938 temporis
591 3854 687 3939 spatio
709 3875 961 3940 peragrassemns.
1007 3851 1168 3939 Propterea
1190 3873 1267 3916 mor-

105 3971 168 4023 tem
187 3959 259 4021 deas
280 3957 316 4022 ad
335 3955 564 4041 extinguendum
588 3967 739 4040 peoeatum
760 3967 863 4021 nostra
889 3977 993 4022 caussa
1018 3955 1145 4041 reperit,
1169 3975 1205 4018 ne
1228 3975 1269 4020 ex

104 4060 324 4126 immortalibus
348 4059 451 4138 nobis,
476 4059 516 4122 nti
541 4059 649 4122 dietum
672 4070 735 4137 est,
759 4059 948 4124 efflorescens
970 4058 1133 4123 immortale
1154 4079 1268 4144 permn-

107 4175 209 4230 neret.
254 4159 332 4226 ilino
350 4161 485 4226 nimirum
505 4161 675 4248 apostolas,
700 4165 784 4237 Seio,
808 4161 919 4245 inquit,
944 4165 1075 4245 quombm
1089 4184 1145 4224 non
1159 4163 1419 4236 dubitaturumne

106 4274 138 4330 a'n
154 4290 209 4341 me,
235 4270 287 4328 loo
304 4271 391 4328 estin
407 4288 493 4328 corne
508 4287 583 4340 mea,
610 4267 719 4327 bonam.
768 4262 883 4348 Quibus
899 4264 999 4328 verbis
1016 4275 1165 4350 pennatam
1182 4265 1267 4328 motio

106 4369 274 4456 signifieat,
301 4369 377 4452 qnod
393 4387 433 4431 ex
449 4369 497 4432 illa
518 4368 608 4432 divini
627 4367 754 4433 mandati
779 4367 936 4431 violatione
959 4389 1012 4452 per
1029 4369 1216 4455 rapiditatem
1238 4368 1268 4430 in

141 4505 168 4561 3.
185 4501 341 4574 πολύτροπος
357 4507 461 4558 Plotius.
743 4501 765 4557 l.
785 4501 907 4574 diripere
923 4506 1026 4558 Plotius
