3148 4938
377 229 514 284 ennnuu
533 229 597 284 ets.
611 233 644 284 tt.
661 231 744 286 scut.
758 233 790 285 u.
807 231 907 284 naun.
920 231 1017 286 uxtx.
1208 221 1267 284 stt

104 351 255 416 creaturis
272 351 336 415 eius
354 362 555 438 anteponunt,
579 362 667 436 atque
683 352 722 416 its
740 353 824 416 velut
835 352 1018 436 gratificandi
1043 372 1148 416 caussa
1172 352 1273 416 rerltis

107 463 196 516 tenus
213 453 358 518 demereri
381 475 416 517 uc
440 453 600 518 conciliare
626 455 762 534 student,
795 455 915 540 perinde
938 477 973 518 uc
995 454 1043 538 qui
1066 453 1160 518 alteru
1184 475 1272 518 manu

106 556 286 633 verberant,
311 557 405 620 ulteru
425 556 580 640 inungunt.
616 555 732 642 Quippe
749 558 818 620 illud
838 557 932 642 ipsum
950 568 1054 640 suapte
1070 567 1176 640 sponte
1192 558 1273 620 velut

105 655 243 720 lteuclicii
264 658 330 721 luco
348 658 498 736 tribuunt,
522 669 610 742 atquc
634 658 673 720 ita
697 659 847 724 dictitautr
881 657 948 723 Nus
968 669 1135 722 creaturam
1155 658 1271 742 quidem

103 758 188 822 illum
208 779 275 823 esse
296 760 437 839 dicimus,
469 761 521 823 sed
544 782 603 823 tuuu
627 771 792 825 ceterorum
817 773 1017 826 creaturarum
1045 761 1151 823 inster.
1198 758 1270 824 ltcm

105 861 256 946 opificium
279 883 348 926 esse
375 863 540 940 credimus,
572 864 624 926 sed
648 885 707 927 non
731 865 892 928 cuiusmodi
919 874 1017 927 ccteru
1048 862 1161 948 opificia
1191 875 1270 928 sunt.

104 959 235 1028 Festum
256 964 392 1050 iusuper,
424 986 482 1028 nou
500 975 532 1030 ut
549 967 644 1029 luctus
663 966 711 1030 alii
735 977 815 1030 sunt.
861 964 902 1030 Ut
923 989 988 1032 cum
1006 979 1172 1032 ceterorum
1197 986 1272 1049 quae

104 1065 271 1149 gignuntur
288 1089 346 1130 uun
365 1067 460 1132 iuuetur
484 1087 551 1131 esse
572 1067 720 1147 dixerint,
753 1069 915 1134 utaturulcm
933 1069 960 1132 ei
976 1069 1200 1154 generationem
1223 1069 1273 1132 de-

105 1168 245 1247 trsltant,
276 1179 387 1232 etcum
413 1170 531 1233 minime
550 1170 675 1234 alicuius
697 1192 735 1234 ex
760 1172 905 1236 meuturis
928 1172 1053 1236 similem
1076 1171 1272 1250 asseruerint,

104 1291 211 1334 veram
228 1271 306 1335 illum
323 1285 489 1336 erecturam
512 1293 579 1336 esse
600 1271 751 1336 definiunt.
796 1271 873 1337 Nam
898 1273 1118 1358 cuiusquemodi
1137 1284 1274 1338 creature

104 1373 206 1456 alique
229 1373 284 1452 sit,
318 1385 454 1438 creauere
479 1385 575 1438 tumen
596 1385 659 1453 eet,
693 1397 727 1438 ac
746 1377 812 1438 licet
830 1375 956 1440 inlinitis
971 1377 1103 1462 partibus
1119 1385 1273 1461 praestan-

107 1475 168 1538 tius
193 1496 299 1540 nomen
323 1476 471 1556 obtinent,
502 1499 566 1542 cum
594 1477 714 1562 reliquis
740 1477 927 1542 nihilominus
950 1479 1096 1544 creaturis
1114 1477 1273 1562 adsequuri

107 1596 232 1642 necesse
253 1590 312 1642 cst.
356 1576 435 1642 Num
458 1600 553 1664 neque
569 1580 632 1658 sol,
663 1581 738 1664 quod
763 1581 874 1664 reliqua
892 1581 1048 1665 splendore
1068 1591 1206 1666 superet,
1229 1581 1273 1644 id-

106 1678 190 1742 circo
207 1691 344 1744 creatura
361 1701 419 1744 nou
439 1701 506 1745 esse
526 1692 638 1766 potest,
663 1683 782 1766 perinde
803 1705 837 1746 ac
854 1683 939 1767 lapis.
984 1681 1092 1766 Neque
1108 1684 1185 1768 quod
1204 1682 1272 1746 luna

106 1781 203 1846 stellis
219 1783 399 1868 splendidior
415 1783 472 1860 sit,
504 1783 541 1846 ob
559 1785 586 1847 id
605 1806 622 1846 a
640 1795 806 1848 creaturum
832 1807 930 1850 rerum
952 1805 1075 1850 numero
1093 1783 1271 1860 secernitur.

106 1889 185 1946 Eece
199 1890 288 1960 emur,
314 1884 355 1948 uit
369 1885 534 1971 scripturn,
559 1891 651 1948 omur'rr
664 1893 794 1950 seruiunt
809 1890 878 1963 o·t1·,·
905 1889 979 1972 quod
1000 1907 1200 1972 quaecumque
1223 1887 1274 1952 de·
1290 1881 1387 1992 ffiljp·

108 2008 188 2050 mum
205 1987 354 2067 esistunt,
378 1988 415 2051 ab
433 2009 470 2052 eo
488 1999 588 2052 creatu
606 2000 692 2068 suist,
717 1989 803 2074 eique
822 1991 974 2054 serviunt:
1009 1990 1177 2074 unigenitus
1200 2009 1273 2054 veru

108 2089 188 2152 filius
207 2089 318 2154 veritas
336 2100 399 2167 est,
433 2112 468 2154 ec
491 2111 593 2154 verum
619 2092 754 2156 verbum.
802 2089 832 2155 ld
854 2093 929 2176 quod
954 2092 1017 2177 ipse
1043 2103 1178 2156 testatur.
1225 2097 1428 2167 Simu-ear.

108 2190 222 2276 iuquit,
246 2197 407 2256 munsm'tir
430 2195 655 2267 rutundorum,
690 2215 754 2256 uere
776 2198 912 2276 dricrpule'
928 2200 985 2256 urei
1001 2199 1101 2269 eritis,
1125 2207 1155 2260 et
1168 2217 1273 2276 cogno-

106 2297 195 2356 scetis
211 2299 371 2370 veretrum,
397 2307 427 2356 et
442 2301 547 2358 serdus
565 2297 697 2358 lr'derodr't
713 2319 771 2358 uos.
820 2291 896 2360 Cum
915 2296 992 2360 euim
1012 2296 1058 2358 dei
1076 2296 1197 2360 verbum
1222 2319 1273 2362 ve-

55 2419 60 2428 ·
109 2396 183 2458 ritus
197 2396 254 2486 sit,
279 2397 382 2482 eisquc
399 2398 447 2482 qui
464 2397 493 2462 iu
509 2397 674 2462 libertatem
698 2409 873 2464 asseruntur
892 2399 969 2462 illum
992 2397 1083 2482 ipsam
1107 2398 1272 2464 liltcrtutern

110 2497 236 2578 tribuat,
260 2510 370 2584 quarttu
387 2499 481 2586 magis
498 2500 554 2564 erit
572 2501 635 2586 ipsc
652 2499 744 2580 liber,
769 2509 871 2585 utpote
888 2501 935 2584 qni
955 2501 994 2564 sit
1009 2501 1139 2579 veritus,
1163 2521 1274 2586 eosque

109 2600 141 2663 in
168 2599 331 2665 libertatem
357 2623 394 2665 cx
426 2603 570 2666 servitute
602 2603 731 2667 vindicet
760 2601 810 2686 qui
838 2601 894 2666 sibi
922 2603 977 2688 ipsi
1008 2623 1119 2668 morcm
1149 2605 1276 2687 gerant?

111 2699 259 2785 Quoniam
283 2703 383 2768 omniu
404 2713 462 2768 tum
486 2703 540 2788 ipsi
564 2727 649 2790 quana
673 2705 737 2770 cius
753 2706 847 2790 patri,
870 2705 985 2792 spiritui
1002 2716 1106 2770 sancto
1126 2705 1272 2770 serviunt.

196 2801 256 2870 Sed
274 2807 343 2871 illud
361 2805 520 2871 ulriiciunt:
554 2803 711 2890 Quomodo
729 2829 763 2872 se
781 2808 888 2870 infudit
907 2808 934 2871 in
952 2829 1089 2886 curnem,
1115 2807 1141 2871 si
1159 2829 1198 2872 ex
1221 2829 1271 2894 pu·
1317 2816 1378 2880 crp.

110 2905 167 2970 tris
191 2909 320 2974 essentie
344 2909 511 2995 processit?
558 2908 666 2974 Dicunt
682 2921 711 2974 et
729 2910 782 2994 ipsi
801 2931 854 2974 cur
870 2909 984 2996 angeli,
1010 2909 1058 2994 qui
1076 2911 1168 2997 ipsius
1191 2911 1271 2976 serui
1307 2884 1390 2938 Μ·

109 3019 199 3092 sunt,
223 3033 342 3076 curnem
362 3012 480 3077 minime
498 3013 701 3098 susceperint,
732 3033 785 3076 cur
804 3033 859 3076 uec
884 3013 1072 3096 urcltungcli,
1105 3013 1274 3076 ncccoele-

108 3123 175 3176 stes
196 3115 365 3193 exercitus,
391 3136 445 3178 nec
461 3115 565 3199 reliqui
584 3135 687 3178 omnes
703 3114 845 3200 spiritus?
889 3113 966 3198 Quid
983 3115 1058 3198 quod
1075 3125 1105 3178 et
1123 3114 1210 3178 iidem
1230 3115 1275 3177 in·
1293 3198 1297 3205 Ι

107 3213 250 3280 seriorem
269 3237 336 3281 esse
356 3217 417 3282 isliu
433 3216 568 3302 spiritum
585 3218 747 3297 nffirnumt,
773 3229 802 3282 et
820 3217 943 3282 ulterius
961 3228 1145 3296 creaturum,
1170 3237 1275 3302 nempe

108 3315 218 3382 serbi?
261 3315 326 3382 Cur
341 3341 399 3384 nou
415 3319 505 3404 igitur
523 3339 642 3384 carnem
662 3319 784 3404 spiritus
801 3321 911 3398 induit,
936 3341 1001 3384 uum
1021 3339 1059 3382 en
1075 3319 1140 3384 Arii
1155 3330 1276 3384 seuten-

108 3419 153 3484 tiu
172 3419 264 3486 multo
283 3421 377 3506 tnagis
394 3422 434 3486 sit
450 3421 629 3505 illiusquam
648 3421 700 3486 lilii
720 3443 847 3506 perennc
865 3421 1032 3488 mutabilis?
1069 3419 1276 3486 Verumeuim-

108 3543 188 3586 vero
210 3523 287 3607 quod
305 3523 353 3588 illc
371 3523 516 3609 sapientie
534 3523 627 3608 putris
643 3534 739 3600 esset,
764 3535 880 3588 suamet
904 3524 996 3608 ipsius
1019 3525 1200 3609 perlectione
1223 3525 1277 3586 im-

107 3623 302 3689 becillitatem
328 3636 459 3690 nostrum
484 3625 636 3711 suscipere
662 3625 772 3704 veluit,
807 3637 836 3689 ut
860 3623 946 3688 lntius
971 3625 1068 3688 muudi
1095 3627 1176 3688 salus
1199 3623 1277 3689 illius

106 3725 262 3792 beneficio
277 3739 511 3813 compararetur.
557 3729 598 3790 At
616 3726 656 3792 illi
676 3727 753 3792 boum
772 3727 801 3790 in
820 3727 894 3790 mulo
913 3736 1126 3790 commutantes
1145 3727 1277 3810 ingratos

106 3849 184 3894 sese
204 3830 364 3915 praebent,
390 3831 461 3894 tuuti
479 3829 616 3894 beuelicii
635 3829 840 3906 immemores,
865 3839 952 3914 utque
971 3827 1000 3892 in
1021 3828 1168 3892 dominum
1191 3849 1277 3893 suum

107 3930 320 3996 contumeliosi
338 3932 455 4018 penitus
473 3943 501 3994 et
520 3931 629 3995 iniurii.
679 3929 791 3995 liudem
808 3932 894 3995 modo
913 3941 942 3994 ct
957 3930 986 3996 in
1004 3931 1112 3996 ceteris
1129 3931 1170 3994 ita
1189 3932 1224 3994 dc
1241 3952 1277 3994 eo

106 4029 247 4098 sentiunt
264 4044 295 4097 ut
312 4034 439 4100 divinum
459 4035 487 4098 in
504 4055 539 4098 eo
557 4033 727 4118 dignitatem
744 4033 929 4096 imminuunt.
966 4030 1106 4115 Quinum,
1131 4032 1277 4116 inquiunt,

106 4133 239 4215 esuriit,
263 4140 288 4199 si
307 4157 346 4200 cx
363 4137 455 4222 putris
475 4137 605 4200 essentia
623 4135 750 4222 prodiit?
793 4133 840 4200 Dc
858 4135 913 4198 deo
935 4135 1040 4218 quippe
1055 4134 1196 4218 scriptum
1219 4145 1278 4212 est,

103 4241 181 4305 Non
201 4243 323 4314 eructet,
349 4261 438 4322 neque
453 4243 546 4315 sr'tr'et,
572 4263 661 4324 neque
678 4250 722 4301 ert
736 4242 917 4318 omnipatris
937 4241 1093 4318 cupiendus
1108 4238 1206 4298 r'llr'uc:
1231 4235 1278 4300 ltic
1288 4249 1413 4308 tonum

147 4392 208 4445 Cur.
226 4392 309 4444 xvtt.
334 4419 368 4431 -
409 4392 430 4443 t.
450 4396 525 4444 Vertu
549 4388 612 4459 tinio
638 4389 682 4446 eiu
749 4391 775 4443 Ἰ.
794 4389 991 4458 perurpdruosroe
1001 4391 1117 4440 eddonem
1126 4390 1238 4442 ttdrorurn
1247 4395 1280 4440 ert

103 4459 168 4516 υἱὸν
187 4464 273 4513 obeunt
290 4477 306 4511 o
323 4463 374 4513 cod.
388 4463 484 4525 lilrdip.
715 4463 806 4511 ullium.

994 4548 1035 4612 39
1048 4545 1066 4584 '⁸
