3128 4930
358 284 493 336 rnunnu
509 285 573 335 ιιι.
587 285 619 334 ιι.
636 284 719 334 ron.
732 285 750 334 ι.
769 281 867 334 usne.
881 281 923 332 ιι.
1155 267 1217 333 109

73 424 160 468 rorem
180 402 328 482 incidere,
353 413 440 486 atque
454 404 484 466 io
499 401 648 488 Phrygum
668 402 804 468 haeresin
822 401 902 464 velut
917 400 1038 484 eliquari
1061 400 1137 464 illius
1160 401 1217 466 loci

74 505 185 569 deberet
201 506 341 570 ecelesia.
387 503 470 570 Unde
487 516 517 568 ot
534 506 711 590 coarguendi
729 506 823 590 gretia
842 504 941 568 statim
961 503 1000 566 ita
1019 503 1152 567 dominus
1174 502 1216 568 lo·

73 607 178 690 quitor:
218 610 321 670 Serile
342 612 444 688 angelo
468 612 602 670 ecelesiae
626 629 698 689 quue
722 619 766 668 est
787 611 948 686 Thyatiris:
979 609 1048 668 hoec
1074 610 1144 668 dicit
1169 601 1370 710 qor'ltssgyffffl
1447 651 1451 658 ,

73 711 147 770 hahet
167 714 267 771 mulos
288 714 365 772 sicud
378 713 527 794 flmumem
549 715 641 790 s'gnir,
672 722 702 772 et
718 713 805 790 pedes
827 714 887 771 eiua
911 712 1016 771 similes
1040 711 1214 771 uursehuloo.

74 813 141 872 llooi
150 815 244 893 fidem
267 825 343 876 ιιιιιιιι
360 825 390 874 et
407 817 553 876 omu'tutem
571 825 600 873 et
616 816 817 885 mihisteriurn,
843 823 872 872 et
893 833 976 892 opero
1000 823 1048 872 tuo
1069 817 1218 874 noohstino

69 915 145 993 pluro
159 917 319 996 prees-rhus.
365 919 424 978 Sed
437 917 524 977 haheo
538 919 675 978 aduersos
690 925 718 975 te
731 918 797 994 quio
813 919 959 994 permittis.
973 917 1119 975 mulierum
1135 919 1217 978 lezu-

74 1017 114 1076 lel
124 1021 259 1078 seducere
272 1039 368 1080 serum
383 1039 468 1091 meos,
492 1037 608 1098 quaese
623 1020 695 1078 dreit
706 1019 922 1096 prophetissam,
946 1019 1087 1078 docentem
1102 1020 1218 1080 mondu-

73 1141 130 1181 oure
142 1123 303 1200 idolothyto
317 1132 347 1182 et
355 1123 511 1202 sornreuri.
558 1123 600 1180 lit
610 1121 677 1180 dedi
689 1121 736 1179 ilii
749 1131 865 1198 tempus,
891 1130 926 1178 ut
935 1123 1133 1198 poenitentum
1149 1139 1218 1197 uge-

72 1235 124 1296 ret,
147 1235 179 1284 et
193 1245 251 1284 aon
268 1226 330 1284 onlt
340 1227 516 1304 poenitmu
535 1223 727 1303 fornr'cotr'one
741 1243 804 1282 suo.
850 1218 929 1283 Num
945 1219 1015 1284 illud
1032 1220 1132 1284 vidore
1154 1233 1218 1284 ten·

72 1325 128 1386 dem
144 1325 289 1412 potestis,
314 1326 350 1387 de
373 1323 541 1388 mulieribus
565 1322 681 1386 illorum
700 1322 776 1406 loqui
795 1343 868 1405 quiae
886 1321 958 1386 laiss
977 1322 1136 1406 prophetici
1159 1323 1218 1407 spi·

73 1424 137 1490 ritus
160 1427 355 1511 persuasione
379 1427 539 1509 deceptae,
563 1424 788 1510 quamplurimos
813 1426 1007 1507 deceperunt,
1039 1424 1093 1488 hoo
1116 1435 1162 1488 est
1183 1425 1218 1488 dc

71 1523 211 1605 Priscilla,
236 1526 403 1592 Maximilla
420 1550 454 1592 ac
469 1524 629 1609 Quintilis,
653 1547 775 1610 qnorum
793 1529 872 1590 lraus
890 1527 981 1593 latere
1000 1527 1131 1612 spiritum
1150 1547 1219 1593 sau·

72 1640 139 1692 ctum
167 1630 288 1692 minime
313 1631 421 1715 potnit,
452 1631 504 1693 sed
523 1650 576 1714 per
599 1627 675 1692 beati
696 1626 813 1694 loannis
834 1649 868 1692 os
894 1631 957 1692 lore
981 1631 1038 1693 iste
1061 1627 1217 1713 praedixit,

70 1752 138 1812 quse
153 1744 222 1816 post
238 1733 302 1795 eins
319 1731 427 1796 obitum
446 1732 634 1796 acciderunt?
671 1730 730 1815 Qui
747 1753 812 1795 enm
831 1732 899 1794 olim
916 1731 1076 1813 imperante
1095 1727 1219 1794 Claudio

72 1829 198 1898 Cessare
216 1834 386 1898 vaticinium
409 1835 479 1898 illud
497 1833 637 1909 ediderit,
669 1852 733 1897 cunr
755 1833 784 1896 io
801 1829 907 1898 Petmo
930 1833 1024 1896 insula
1048 1843 1221 1902 versaretur

71 1937 156 2018 (istud
183 1959 256 2002 nero
280 1937 321 2001 illi
345 1957 460 2020 quoque
483 1933 637 2021 Thyoliris
663 1935 822 2020 contigisse
847 1941 905 1999 don
931 1937 1069 2020 negant),
1100 1935 1219 2000 omnino

71 2035 264 2115 Christianis,
289 2039 336 2123 qui
355 2048 414 2102 tum
432 2038 489 2103 illic
508 2047 609 2114 erent,
635 2061 693 2102 uon
713 2039 779 2102 sine
802 2037 970 2123 prophetico
989 2038 1130 2104 instinctu
1145 2039 1219 2104 scri·

70 2142 123 2226 psit
137 2151 292 2205 venturam
308 2141 464 2224 aliquando
489 2141 637 2204 mulierem
664 2161 739 2225 quae
760 2161 793 2204 se
813 2141 1023 2227 prophetissam
1046 2141 1217 2226 appelleret.

70 2241 116 2308 Ex
137 2265 197 2329 quo
219 2244 314 2306 omnis
333 2243 380 2306 illu
403 2243 438 2306 ad
458 2243 680 2327 oppugnandam
697 2242 852 2306 veritatem
874 2253 1038 2327 comparata
1056 2244 1130 2306 ratio
1153 2265 1218 2308 cor·

69 2347 141 2424 suits
166 2367 231 2408 cum
249 2346 445 2430 Apocalypsis
459 2345 508 2408 ille
525 2344 598 2410 liber
613 2343 772 2429 prophetici
788 2365 855 2408 esse
870 2345 1006 2428 generis,
1031 2355 1061 2409 ot
1080 2367 1097 2410 a
1115 2345 1219 2429 spiritu

69 2458 169 2512 saneto
193 2448 348 2512 verissime
371 2449 519 2531 proiectus
541 2449 716 2512 ostenditur.

151 2547 282 2632 Perguot
300 2548 341 2613 illi
359 2570 432 2612 rero
447 2547 655 2633 imperitissimi
672 2570 775 2612 socom
792 2559 1001 2634 occupatores,
1026 2570 1060 2612 oo
1078 2569 1148 2612 sese
1163 2549 1216 2612 im·
1236 2541 1351 2664 312¹ny

70 2653 211 2738 pudenter
231 2651 375 2730 ederunt,
399 2663 431 2714 ut
448 2652 524 2716 beuti
548 2651 672 2737 apostoli
691 2652 818 2737 scripto,
849 2652 905 2716 hoo
924 2663 970 2714 est
988 2649 1106 2715 loannis
1127 2673 1218 2715 erau·
1352 2652 1359 2664 '

69 2755 174 2838 gehon
198 2764 228 2816 et
247 2753 464 2838 Apocalypsin,
493 2775 550 2818 non
573 2754 719 2818 immerito
740 2755 864 2818 reiicero
889 2755 1058 2832 videantur,
1088 2756 1218 2838 adeoque

70 2867 99 2918 et
120 2855 263 2941 epistolas
283 2855 380 2940 ipsas,
411 2875 485 2938 quae
507 2875 571 2919 oum
592 2855 748 2940 evangelio
770 2868 801 2919 et
819 2856 994 2942 Apocalypsi
1018 2858 1217 2923 consentiunt.

70 2955 119 3022 Sic
133 2957 225 3042 igitur
241 2956 399 3020 obiiciuuts
425 2961 499 3031 Vidi,
522 2957 616 3041 inquit
634 2958 695 3034 ille,
718 2971 749 3021 et
760 2963 836 3020 delcit
851 2964 971 3040 angelo.-
996 2962 1080 3024 Soloe
1097 2973 1220 3042 quotuor
1232 2973 1370 3033 spreuit.

70 3063 202 3141 mugetus,
225 3064 278 3140 qui
291 3071 361 3120 sunt
376 3065 405 3122 in
423 3061 581 3139 Euphrate.
627 3065 668 3122 Et
682 3065 782 3124 urrdr'oi
800 3083 945 3124 numerum
968 3068 1109 3124 munins
1129 3067 1220 3126 decies

70 3167 168 3226 millies
184 3166 258 3224 deno
274 3165 374 3235 millsh,
398 3173 426 3223 et
442 3165 542 3224 millies
556 3165 649 3238 mr'lle,·
673 3175 703 3224 et
713 3165 852 3228 habehant
867 3169 971 3226 lorious
985 3169 1093 3244 igneas,
1119 3176 1149 3225 et
1161 3168 1222 3228 sul·

67 3267 201 3346 pluteus,
220 3275 251 3325 et
264 3267 470 3344 hyacinthinas.
512 3263 555 3328 At
568 3264 608 3328 illi
625 3265 743 3330 veritati
761 3267 816 3352 ipsi
832 3267 955 3330 subesse
972 3267 1123 3330 ridiculum
1138 3267 1219 3352 quid·

72 3368 132 3430 lem
147 3366 291 3450 suspicati
308 3375 387 3430 sunt.
432 3365 522 3449 Atqui
544 3388 609 3429 cum
629 3378 753 3451 quatuor
770 3369 891 3452 angelos
912 3370 948 3433 cd
968 3367 1137 3453 Euphraten
1159 3370 1220 3432 col·

71 3467 155 3549 locst,
179 3468 301 3532 totidem
318 3469 451 3531 erutiones
468 3467 624 3552 significet,
649 3491 724 3554 quae
741 3472 776 3535 nd
794 3469 962 3556 Euphraten
982 3469 1121 3534 habitunt.
1157 3465 1218 3533 Cu·

70 3571 192 3634 iusmodi
216 3579 285 3634 sant
300 3569 440 3655 Assyrii,
466 3567 638 3658 Babylonii,
662 3569 742 3638 Medi
764 3584 851 3657 etque
869 3571 990 3638 Persae.
1037 3571 1118 3636 llaec
1141 3571 1218 3634 enirn

70 3673 188 3758 imperis
214 3681 339 3755 quatuor
361 3673 435 3756 apud
460 3670 612 3739 Dasrielem
636 3675 738 3737 urdine
764 3686 1039 3739 commemorantur.
1085 3670 1217 3755 Quorum

71 3776 151 3858 primi
174 3783 338 3857 regnarunt
355 3773 493 3860 Assyriis
517 3785 576 3838 tum
598 3773 768 3862 Babylonii,
793 3776 842 3862 qui
861 3773 994 3842 Darnielis
1018 3787 1148 3861 tempore
1171 3796 1218 3838 re-

71 3897 134 3940 rum
155 3877 359 3962 potiebantur:
389 3877 482 3940 secuti
506 3889 574 3941 suut
590 3875 689 3957 henr,
720 3897 759 3942 ao*
778 3891 926 3964 postremo
943 3877 1071 3956 Persae,
1096 3898 1218 3962 quorum

71 3979 179 4062 primns
204 3999 262 4042 rex
283 3973 382 4063 Cyrus
402 3977 514 4045 extitit.
558 3977 672 4044 Gentes
690 4001 778 4064 porro
795 3981 908 4074 singolis
924 4001 991 4044 esse
1008 3980 1155 4044 subiectas
1176 3992 1220 4045 te·

71 4081 127 4143 stis
141 4091 170 4144 et
185 4078 311 4166 Moyses
327 4080 371 4143 dei
389 4101 506 4158 servos,
530 4080 577 4166 qui
598 4079 730 4146 Danihelis
748 4080 910 4144 orationem
925 4083 1004 4145 velot
1020 4082 1218 4167 interpretans

71 4181 130 4244 ait:
152 4187 302 4263 interrogo
321 4195 431 4264 putrem
449 4195 541 4258 turon,
565 4195 596 4245 et
608 4184 787 4244 onnnnh'ohit
801 4185 868 4256 tili,
892 4189 1016 4245 seniores
1032 4195 1104 4260 tuos,
1128 4199 1159 4248 et
1174 4191 1216 4248 di·
1232 4197 1338 4262 neuen,
1349 4207 1370 4254 t.

107 4425 197 4505 ιᾶρι
212 4440 448 4507 ”sinceriore
662 4440 893 4562 'ulexxxrn
910 4469 942 4481 -
978 4441 1000 4495 ι.
1019 4430 1219 4496 deorsum·

671 4525 747 4564 umus.
