3186 4928
374 239 511 293 Paututt
527 241 591 292 tht.
602 243 635 293 ll.
652 241 734 294 Tott.
747 243 778 295 ll.
796 241 896 300 tutan.
908 241 1002 294 var.
1205 231 1263 293 42l

109 359 260 425 literarum
287 359 390 445 quibus
414 357 485 447 Syri
514 371 635 426 utuntur
660 383 793 426 numero.
846 359 924 426 Nam
952 361 1082 447 plerique
1107 357 1266 428 Persarum

109 473 228 549 praeter
250 462 395 528 elementa
412 461 536 527 Persica
553 460 698 550 Syrorum
722 484 838 549 qnoque
856 465 949 529 literis
967 474 1103 544 utuntur,
1128 466 1266 550 quemad·

110 567 228 630 mudum
252 565 326 650 apud
344 585 399 629 nos
416 565 587 630 innumerae
609 578 714 651 gentes
731 565 864 632 Graecas
883 565 1037 646 adhibent3
1066 569 1182 632 tametsi
1204 568 1265 633 'sin-

107 671 195 752 gulae
212 669 273 731 lere
290 689 360 730 suas
376 687 411 732 ao
423 671 557 754 proprias
574 669 712 734 habeant.
757 669 817 734 Alii
833 690 905 734 vero
920 667 1156 735 reconditissima
1171 669 1265 758 Syro·

106 793 174 834 rum
192 771 289 855 lingna
307 791 375 834 sese
392 771 556 850 veriditant,
581 771 742 837 cuiusmodi
759 783 804 836 est
821 769 1077 857 Palmyrenorum,
1102 792 1187 857 quem
1208 795 1265 838 uua

106 895 174 937 cum
193 873 295 958 viginti
315 873 427 938 dnobus
451 874 514 938 eius
537 875 690 939 elementis
709 874 858 940 adhibent.
904 871 982 938 llinc
1004 885 1051 938 est
1073 876 1150 960 quod
1166 873 1264 940 Mani·

106 975 191 1040 chael
208 975 282 1040 liber
298 975 418 1040 totidem
433 976 464 1040 in
482 977 629 1041 sectiones
647 976 802 1058 dividitnr3
826 976 911 1042 huius
931 976 1083 1062 inscriptio
1104 989 1151 1041 εει
1166 975 1265 1042 Mani·

105 1079 191 1142 abaci
210 1075 367 1163 blysteria.
414 1080 499 1143 Alius
524 1091 570 1143 est
591 1080 637 1146 cui
654 1079 811 1146 Thesauro
832 1100 939 1144 nomen
959 1079 1094 1144 inditum.
1139 1077 1264 1144 Praeter

106 1179 163 1244 bos
181 1180 256 1244 alios
274 1183 415 1266 quosdam
437 1183 474 1248 ad
491 1183 654 1248 illudendos
673 1183 806 1247 homiues
823 1183 993 1261 contexuit,
1017 1181 1098 1248 velut
1113 1180 1262 1248 Minorem

107 1281 314 1363 Thesaurum3
337 1285 407 1347 item
427 1284 462 1347 de
478 1284 660 1370 Astrologia.
706 1283 812 1370 Neque
831 1286 907 1350 enim
926 1308 944 1349 a
966 1284 1093 1350 curiosis
1114 1285 1172 1350 illis
1190 1287 1261 1350 arti-

102 1386 161 1450 bus
178 1385 353 1465 abborrent3
377 1387 445 1472 quin
463 1389 558 1473 potins
576 1387 774 1452 astronomiae
790 1388 942 1454 seientiam
959 1409 1029 1474 prae
1045 1409 1079 1452 sc
1096 1390 1203 1469 lerunt,
1228 1410 1263 1454 ac

102 1489 141 1552 de
159 1508 194 1552 ea
209 1487 384 1572 gloriantur.
421 1486 480 1554 Sed
498 1502 527 1555 et
541 1491 680 1570 amuleta,
704 1491 759 1555 hoc
775 1503 822 1555 est
836 1512 965 1577 appensa
980 1492 1121 1576 quaedam
1138 1513 1154 1554 e
1172 1491 1261 1572 collo,

103 1612 162 1656 nec
183 1612 239 1656 non
262 1601 292 1656 et
314 1591 466 1658 cantiones
487 1593 617 1678 magicas
635 1613 670 1658 ac
687 1594 862 1680 praestigias
881 1604 1037 1680 usurpant.
1083 1593 1195 1660 Verum
1218 1595 1262 1660 sin

102 1694 185 1759 illum
208 1715 294 1780 quem
317 1693 377 1758 dixi
400 1695 503 1758 librum
526 1693 633 1762 Manes
656 1696 821 1762 exorditur.

191 1793 265 1861 Erat
282 1798 354 1860 dens
371 1809 399 1862 ει
418 1797 553 1879 materia,
577 1799 631 1863 lux
648 1811 678 1864 et
695 1799 847 1878 tenebrae,
871 1798 978 1862 bonum
997 1807 1027 1862 et
1044 1797 1163 1880 malum,
1187 1821 1261 1886 quae
1275 1804 1417 1873 Curam·

102 1912 162 1966 tam
179 1900 294 1986 penitus
311 1900 366 1966 sibi
381 1901 507 1966 invicem
523 1914 609 1966 erant
625 1902 785 1980 coruraria,
810 1901 888 1966 nulla
903 1911 936 1966 nt
951 1902 1073 1978 alterum
1087 1923 1151 1966 cnm
1167 1903 1260 1968 altero

101 2004 309 2069 communione
327 2001 511 2089 iungeretur.
551 2003 615 2068 lloc
634 2005 721 2068 modo
738 2005 895 2069 circulator
912 2005 968 2069 iste
983 2005 1144 2092 praefatur.
1183 2004 1260 2070 Tum

101 2106 261 2193 pessimum
280 2107 384 2190 dogma
403 2107 552 2192 explicare
576 2107 759 2192 aggreditur.
804 2105 859 2170 Est
882 2118 979 2172 autern
1004 2107 1078 2173 liber
1100 2108 1150 2171 ille
1174 2109 1261 2174 lusis-

101 2210 179 2273 sime
194 2207 339 2294 scriptus,
365 2231 399 2274 ac
417 2221 517 2274 cetera
534 2209 664 2274 eiusdem
688 2209 807 2294 generis
824 2211 901 2274 mala
924 2222 954 2274 et
971 2209 1068 2296 inepta
1092 2211 1261 2297 complecti·

103 2323 169 2390 tnr,
194 2333 316 2396 qnorum
336 2311 506 2398 perplexam
524 2313 748 2390 obscuritatem,
772 2313 1069 2398 contrarietatemque
1091 2332 1260 2378 sermonum

101 2413 161 2478 ianr
182 2425 242 2477 turn
263 2414 298 2476 ab
322 2414 386 2500 ipso
405 2416 568 2500 argumenti
587 2415 729 2502 principio
748 2416 983 2480 animadvertere
1001 2425 1128 2500 oportet.
1173 2412 1261 2481 Licet

102 2517 183 2582 enim
199 2537 323 2601 maguae
339 2517 370 2580 in
390 2517 511 2602 reliquis
534 2537 630 2602 nugae
653 2539 688 2582 ac
708 2517 825 2582 labulae
843 2518 918 2596 sint,
942 2537 982 2582 ex
998 2517 1063 2603 ipso
1085 2527 1182 2582 tamen
1202 2519 1260 2603 pri·

102 2620 220 2686 mordio
235 2631 295 2684 tota
313 2619 390 2684 illins
407 2619 578 2706 improbitas
596 2621 724 2706 patebat.
761 2617 847 2703 Quod
865 2621 941 2684 enim
958 2620 1072 2699 scribit,
1096 2619 1172 2685 llrat
1187 2623 1259 2688 dens

101 2735 135 2788 et
151 2723 286 2802 materia,
311 2745 375 2786 curn
396 2723 554 2789 vanissima
570 2723 720 2808 gentilium
737 2721 946 2810 superstitione
961 2722 1107 2808 congruit.
1153 2723 1261 2790 Sedet

102 2825 285 2892 calumniosa
301 2825 351 2890 illa
370 2825 524 2910 inanisque
544 2825 691 2889 sententia
709 2825 846 2890 convinci
864 2825 942 2890 nullo
962 2825 1082 2911 negotio
1099 2827 1260 2892 confutari·

101 2951 159 3016 que
178 2939 286 3016 potest.
331 2925 449 2992 Etenim
467 2929 525 2994 duo
544 2929 630 2994 simul
655 2939 686 2992 ut
706 2928 836 2994 existant
855 2929 985 3014 aequalis
1010 2930 1077 2993 aevi
1098 2951 1133 2994 ac
1152 2931 1260 3017 sempi-

101 3045 189 3097 terna
218 3031 281 3095 beri
307 3029 386 3094 nullo
414 3031 500 3096 modo
523 3043 620 3116 potest
648 3032 689 3095 uti
713 3052 785 3094 sana
809 3051 843 3095 ac
868 3032 996 3116 prudeus
1021 3034 1097 3096 ratio
1123 3033 1151 3095 ei
1173 3033 1259 3098 facile

101 3133 289 3222 persuaserit
314 3133 361 3218 qui
389 3144 470 3196 recto
494 3133 601 3198 iudicio
626 3135 665 3198 sit
689 3132 848 3220 praeditus.
894 3133 993 3220 Atque
1016 3133 1071 3197 boc
1092 3133 1259 3220 intelligens

100 3240 227 3324 quiaque
244 3256 425 3320 cognoscere
443 3235 540 3298 debet.
587 3234 664 3301 Nam
684 3237 709 3300 si
729 3237 861 3323 aequalia
885 3247 1015 3321 tempore
1032 3236 1089 3300 dno
1110 3248 1196 3318 snut,
1223 3259 1259 3302 ne

98 3339 295 3427 appellatione
311 3340 427 3424 quidem
444 3337 591 3402 differunt.
626 3338 772 3424 Quidquid
790 3337 868 3402 enim
884 3339 1006 3426 aequale
1022 3349 1069 3404 est
1084 3339 1169 3405 alteri
1186 3352 1260 3406 tenu·

99 3465 192 3530 pore,
217 3463 281 3506 oum
301 3463 336 3506 en
363 3463 478 3526 quoque
505 3441 709 3506 aeternitatem
734 3441 821 3505 babet
843 3439 1006 3526 aequalem.
1053 3439 1139 3525 Quod
1161 3455 1259 3508 autem

100 3545 226 3631 aequale
251 3557 296 3609 εει
315 3544 509 3626 aeternitate,
534 3566 568 3608 ac
586 3563 703 3631 semper
725 3544 844 3626 existit,
868 3545 991 3631 idipsum
1010 3546 1083 3609 deus
1105 3557 1167 3625 est,
1193 3567 1258 3610 oum

99 3647 276 3736 praesertim
305 3647 383 3713 nulla
406 3648 442 3712 ab
465 3669 569 3713 caussa
593 3647 707 3712 initium
733 3647 890 3734 acceperit.
937 3645 1019 3711 Nibil
1042 3647 1118 3712 enim
1142 3659 1259 3734 praeter

99 3756 188 3818 deum
206 3759 253 3815 est
267 3763 431 3816 aeternnm.
478 3751 525 3815 Ad
544 3751 616 3815 baec
638 3751 694 3816 ista
712 3751 852 3837 principia
873 3749 999 3814 dirersis
1016 3751 1182 3816 nominibus
1206 3773 1259 3820 ex-

99 3854 212 3933 tulisti,
245 3853 331 3918 bomo
354 3854 474 3939 ingenio
496 3854 638 3932 barbare,
671 3865 700 3919 et
724 3853 840 3918 humani
866 3853 984 3939 generis
1009 3853 1136 3920 inimice.
1180 3851 1258 3917 Nam

97 3957 180 4022 aliud
203 3958 295 4021 lucem
316 3957 485 4043 appellasti,
510 3957 587 4022 alind
609 3957 764 4037 tenebras,
789 3956 865 4020 aliud
888 3956 1013 4036 bonum,
1038 3953 1115 4020 aliud
1138 3957 1256 4023 malum.

97 4061 198 4126 Addis
217 4081 328 4124 summe
348 4060 422 4124 baec
439 4059 565 4125 invicem
582 4059 638 4124 sibi
653 4079 721 4126 esse
738 4060 903 4139 contraria,
927 4059 998 4124 nihil
1014 4069 1047 4124 ut
1061 4061 1111 4124 uui
1132 4061 1171 4124 sit
1193 4082 1258 4128 oum

134 4213 160 4266 3.
178 4211 234 4267 ἐστι
255 4217 338 4276 serpe
361 4229 405 4278 pro
429 4211 480 4282 dra,
495 4217 569 4298 ,quod
593 4217 664 4278 uulgo
698 4217 790 4277 leucu,
806 4229 860 4298 coqu
876 4218 976 4298 attereres
992 4219 1083 4297 mutare
1096 4215 1193 4336 qutun.

95 4417 380 4541 ”uum
396 4419 524 4555 uun
540 4483 603 4546 n,
732 4419 757 4474 ⁶·
774 4421 812 4494 τι
827 4419 906 4490 ιιι
924 4423 991 4473 ⁰⁰⁶⁶·
1006 4436 1061 4474 ”r
1076 4427 1098 4472 ‘¹
1163 4427 1238 4492 ,e
