3176 4930
382 251 644 309 rsnsmrmum.
662 255 1002 310 romnusuauxrr.
1211 247 1278 312 253¹

110 375 143 440 iu
158 393 253 440 oaroe
268 372 349 438 velut
369 375 485 461 propria
509 376 651 462 quaedam
672 388 743 443 nota
766 387 831 442 erat
849 377 1042 464 impressum,
1067 377 1123 444 boe
1143 377 1220 442 idern
1243 379 1273 444 in

114 475 241 563 spiritati
263 497 389 562 eorpore
412 479 643 563 consignandum
666 480 735 546 erit.

202 576 289 662 Quod
305 601 379 644 reru
396 581 430 644 od
445 601 498 646 eoa
513 583 677 667 scripturae
694 583 777 646 luens
791 584 896 648 attinet
909 583 957 669 qui
974 606 991 648 a
1010 582 1148 648 iratribus
1163 584 1274 650 uostris

115 681 307 761 obiieiuutur,
330 683 371 747 ita
386 681 518 748 breviter
534 701 693 749 ooonrrere
704 706 871 772 possumus,
894 698 982 772 atque
996 685 1129 772 inprimis
1142 687 1170 750 ei
1187 707 1274 772 quern

115 805 156 850 ex
174 783 338 851 Ezeobiete
364 787 527 871 proferunt.
573 785 691 853 Etenim
718 789 744 852 si
766 788 915 854 rudiorum
941 799 1068 854 urentem
1093 809 1128 852 ao
1153 809 1275 875 scopum

114 887 242 953 velimus
259 889 425 966 attendere,
448 910 534 974 quem
546 889 578 952 in
592 890 752 976 propbetae
769 890 867 956 verbis
883 891 938 956 sibi
954 901 1182 978 proposuerunt,
1203 911 1274 955 ouo·
1319 971 1327 986 ι

113 1011 246 1076 sequeus
267 1003 315 1056 est
333 1011 372 1056 ue
388 992 474 1057 uliam
493 992 608 1077 quidem
629 991 726 1056 nuruis
748 994 996 1060 resurrectionem
1014 993 1126 1072 videri,
1150 994 1202 1058 sed
1225 1014 1275 1058 os-

114 1095 190 1160 eium
215 1096 376 1174 duntaxat,
400 1094 591 1159 ontiouiorum
611 1106 699 1180 atque
717 1117 887 1160 nemorum.
935 1093 995 1162 Sed
1016 1107 1047 1160 et
1065 1095 1134 1160 ittut
1155 1095 1276 1159 demon-

115 1197 270 1262 strandum
287 1197 359 1283 ipsis
374 1207 437 1276 est,
461 1209 572 1262 temere
588 1197 654 1261 ilios
672 1198 703 1261 iu
722 1218 853 1262 errorem
872 1196 978 1285 abripi,
1002 1199 1069 1263 dum
1087 1198 1187 1284 scripti
1206 1219 1276 1264 sen·

117 1301 238 1364 tentiam
255 1319 439 1384 nequaquam
458 1300 633 1386 pereipiuot.
677 1297 785 1385 Neque
803 1300 881 1365 enim
898 1323 963 1365 oum
986 1321 1055 1366 ossa
1074 1301 1273 1382 nominantur,

116 1403 190 1466 baso
207 1402 272 1488 ipsa
292 1421 367 1487 quse
386 1402 526 1466 babemus
548 1424 616 1466 ossa
634 1423 688 1489 par
704 1414 752 1467 est
766 1402 878 1490 arripi,
901 1405 943 1468 uti
964 1423 1060 1489 oeque
1081 1404 1110 1467 in
1135 1403 1180 1468 bis
1202 1403 1276 1468 iouis

116 1504 165 1569 ubi
190 1504 416 1590 scriptumest,
438 1509 575 1586 Ιὶὺρεκα
594 1518 664 1568 sunt
679 1510 772 1570 omnib
790 1527 855 1569 osso
871 1527 943 1570 men.
990 1505 1088 1570 Turn:
1120 1511 1198 1570 Snnn
1220 1529 1273 1582 sne,

116 1611 249 1688 pnunrbm
264 1609 433 1670 conturbato
447 1619 517 1670 aunt
528 1629 593 1670 osan
610 1629 680 1670 men.
728 1605 804 1673 Corn
822 1609 861 1672 sit
878 1609 1064 1672 manifestum
1087 1631 1146 1674 non
1170 1623 1277 1674 neuun*

118 1710 184 1774 duos
213 1709 364 1793 vulgarem
392 1709 540 1774 notionem
564 1711 674 1774 ossium
700 1731 806 1776 nomeu
830 1711 979 1796 usurpari.
1023 1708 1154 1776 Proinde
1176 1712 1275 1775 statim

118 1811 221 1876 eadem
238 1811 268 1875 in
288 1811 421 1876 oratioue
439 1811 641 1897 subiungitur,
665 1817 709 1876 Eo
724 1817 801 1895 quod
818 1817 879 1895 r'pso
896 1818 1009 1889 mount,
1035 1818 1171 1893 Quonim
1192 1817 1276 1876 ors'da
1288 1793 1326 1891 {21
1339 1796 1418 1942 {¹¹:2¹⁸

113 1917 196 1998 sueto
219 1927 288 1977 aunt
308 1937 372 1978 osso
393 1927 502 1978 auson.
548 1913 629 1978 Num
653 1915 708 1979 boo
728 1915 819 1998 igitur
843 1914 960 1996 dieunt,
988 1921 1084 1979 Anido
1104 1920 1190 2000 ,sacto
1210 1900 1370 2008 suntfffi

116 2039 183 2080 osso
198 2029 309 2093 anstm,
334 2017 410 2102 quod
428 2018 530 2082 eadem
546 2017 577 2080 iu
594 2038 683 2082 uuum
702 2017 826 2081 rotteota
841 2019 945 2083 volunt
960 2021 1139 2104 resurgere?
1182 2018 1274 2105 Atqui

117 2121 183 2184 beri
208 2119 285 2184 istud
310 2141 369 2184 uon
393 2129 502 2206 potest.
548 2118 650 2203 Quare
669 2120 750 2184 arida
772 2120 839 2184 ideo
863 2141 915 2185 sno
934 2121 1034 2186 dieunt
1055 2143 1124 2186 ossa
1146 2122 1221 2207 quod
1245 2121 1275 2186 iu

116 2221 338 2308 captivitatibus
358 2221 407 2286 diu
425 2221 514 2286 babiti
531 2222 651 2287 vitutem
672 2243 787 2286 ornnem
806 2224 957 2288 humorem
981 2225 1145 2288 omiserint.
1190 2221 1277 2290 Uude

117 2336 148 2390 et
166 2325 238 2388 iliud
257 2325 405 2390 inierunt:
437 2329 528 2388 Peni't
544 2347 609 2406 spes
628 2337 742 2400 norma,
766 2327 1012 2390 ndses'sse'snmur.
1058 2324 1206 2410 Quooirou
1229 2345 1278 2390 re·
1291 2343 1348 2390 tute.

114 2427 313 2492 surrentionis
329 2427 379 2492 itia
398 2427 505 2514 populo
521 2429 596 2492 faeta
616 2427 771 2514 promissio
791 2427 828 2492 ub
851 2429 900 2492 itta
918 2429 1003 2493 ruina
1019 2449 1055 2493 ae
1071 2429 1153 2492 velut
1170 2447 1277 2492 eueoa·

115 2533 219 2609 tione,
244 2551 301 2614 qua
316 2530 441 2594 eutinoti
457 2539 543 2611 sunt,
568 2551 633 2594 oum
650 2541 770 2616 propter
783 2531 896 2596 soeiera
911 2530 941 2594 in
957 2529 1084 2596 bostium
1100 2539 1275 2617 potestatem

115 2633 219 2697 traditi
242 2641 328 2712 sunt,
351 2632 492 2716 qouedaru
511 2643 558 2697 est
575 2632 715 2697 excitatio
738 2635 847 2698 toturn.
893 2629 1080 2716 Quinetiam
1104 2643 1278 2719 precatores

114 2758 133 2800 a
150 2735 304 2800 salvatore
322 2733 478 2820 sepulchro
495 2755 562 2799 esse
579 2735 715 2800 diountur
735 2736 870 2815 ossibus,
895 2745 981 2820 atque
997 2735 1075 2799 omui
1094 2734 1277 2800 immunditia

114 2839 217 2925 piena.
264 2833 325 2902 Sed
347 2837 417 2900 iliud
441 2836 558 2901 divinae
580 2837 726 2902 maiestati
747 2838 902 2918 convenit,
926 2848 958 2901 ut
977 2837 1157 2922 singulorum
1179 2838 1278 2924 sepul·

113 2943 189 3006 ebra
209 2939 383 3026 patefaciet,
407 2948 437 3002 et
458 2960 513 3004 uos
532 2941 674 3005 advitam
698 2940 878 3006 instauratos
903 2961 920 3005 e
941 2941 1137 3005 monumentis
1159 2941 1277 3020 eduout,

113 3044 241 3130 perinde
264 3062 298 3106 ao
320 3039 470 3106 Lazarum
495 3043 575 3106 sonas
598 3042 732 3108 salvator
753 3043 896 3108 extraxit.
1294 3118 1298 3126 ,

203 3141 269 3209 lam
286 3165 360 3209 vero
379 3144 454 3230 quod
477 3143 553 3208 buuo
571 3145 666 3210 ionum
685 3144 844 3226 obiiciunt,
874 3147 923 3208 tu·
937 3149 993 3208 erit
1005 3149 1099 3230 fletus
1119 3157 1150 3208 et
1167 3148 1277 3208 amatior
1289 3152 1349 3219 cap.
1361 3152 1432 3204 xvt.

113 3253 255 3322 muse,
280 3245 325 3310 sio
339 3247 483 3312 adversus
498 3247 565 3312 idos
580 3247 784 3333 disputandum
800 3258 857 3312 est.
903 3245 979 3313 Cum
995 3247 1025 3312 iu
1041 3247 1094 3311 buo
1110 3247 1170 3312 rita
1187 3217 1430 3314 mem-mm

114 3353 202 3416 brom
222 3369 311 3414 omne
329 3349 364 3412 ad
381 3371 466 3414 usum
482 3349 607 3435 aliquem
626 3371 772 3416 asomum
788 3351 839 3414 itto
856 3351 959 3437 opibus
976 3351 1015 3416 sit
1032 3351 1192 3431 eonditum,
1217 3362 1279 3416 tuns

115 3475 192 3520 vero
209 3453 315 3516 dentes
332 3452 426 3517 solido
444 3450 511 3516 oibo
526 3452 751 3517 eorumiuueudo
766 3461 835 3517 eunt
856 3455 936 3518 faeti.
984 3450 1062 3537 Quid
1078 3454 1170 3538 igitur
1185 3453 1280 3518 denti·

115 3557 171 3622 bus
189 3575 268 3642 opos
286 3554 346 3620 iliis
365 3555 477 3640 estqui
495 3555 570 3640 spud
587 3557 700 3621 inferos
718 3554 904 3620 oruoiauturi
946 3553 1017 3620 Nou
1039 3556 1135 3636 euius,
1160 3557 1276 3643 opinor,

116 3659 276 3745 quiequam
300 3657 360 3720 illie
379 3657 603 3722 manducaturos
619 3677 686 3720 esse
704 3659 846 3722 dixerint.
892 3657 940 3723 Ad
960 3658 1031 3722 been
1052 3658 1175 3722 dooendi
1197 3667 1277 3738 sunt,

116 3783 176 3826 uon
195 3759 297 3824 omnia
314 3759 436 3844 perinde
452 3759 621 3846 aooipienda
637 3779 704 3823 esse
719 3779 754 3824 ao
771 3761 880 3846 soripta
895 3771 975 3824 sunt.
1022 3757 1123 3844 Quare
1139 3761 1198 3824 aiio
1213 3761 1279 3824 looo

116 3865 260 3948 seriptum
286 3871 349 3926 ests
380 3865 485 3926 Itenres
505 3873 686 3943 peccatorum
710 3867 879 3926 eonmbbtr'.
927 3860 1019 3928 item:
1051 3865 1146 3926 Molos
1169 3863 1409 3965 Ienrsunslssppfl·t

116 3969 268 4050 confregit
287 3967 426 4026 domebus.
472 3962 551 4028 Nnru
574 3965 639 4052 quis
659 3965 732 4028 adeo
753 3964 877 4030 stolidus
901 3974 947 4028 est
970 3974 1003 4048 ut
1026 3963 1081 4028 sibi
1103 3965 1280 4050 persuadeat
1368 3951 1376 3975 '

117 4071 206 4132 deum
225 4067 389 4130 reservatis
406 4079 592 4151 peecatorum
608 4065 781 4152 corporibus
798 4065 879 4130 solos
898 4067 1001 4130 dentes
1021 4067 1198 4130 conterere?
1240 4065 1282 4140 Ut

117 4171 213 4256 igitur
230 4167 279 4254 qui
301 4167 374 4232 baeo
392 4169 432 4232 ito
455 4190 487 4232 se
505 4169 614 4234 babere
634 4168 706 4231 redit
724 4166 753 4232 in
773 4167 924 4252 augustias
942 4167 1092 4236 oouiootua
1110 4169 1146 4234 ad
1168 4169 1279 4255 allego·

117 4359 211 4422 tutuo:
237 4353 280 4409 dni
301 4351 331 4408 τὸ
356 4347 416 4409 boon
440 4351 481 4424 ἐφ’
496 4355 534 4418 οἷς
588 4354 687 4412 itonam
719 4360 777 4422 tepo.
820 4359 870 4409 Vre
893 4353 1027 4426 intormem
1145 4360 1215 4424 famu
1237 4373 1280 4421 po·

116 4433 169 4478 eett.
215 4427 328 4476 Pstooins
353 4427 470 4476 ertototos
492 4432 525 4477 est
560 4425 604 4479 nst
626 4419 686 4480 dom
719 4429 789 4477 tuortt
804 4429 922 4490 eomomi
936 4429 962 4478 tn
978 4423 1052 4484 dmtr
1082 4421 1142 4482 dom
1156 4431 1184 4478 tn
1199 4431 1282 4490 operto

117 4487 440 4561 do'oiedodbmrotostt.
474 4495 688 4557 Qondnontntst·
721 4500 762 4546 est
