3128 4930
748 263 871 316 SANCTI
888 263 1056 317 ΕΡΙΡΗΔΝΙΙ

655 520 795 595 τιτι
824 526 1156 616 καινοτατον,

771 639 819 736 λβ
845 639 868 736 ἡ
894 645 954 716 καὶ
978 640 1035 738 νβ.

173 800 179 813 “
254 837 259 850 .
293 795 310 852 ’.
410 786 587 870 Ἀσφάλαιια
610 793 734 854 καλοῦσί
755 817 782 854 τι
807 796 883 867 ζῶον
901 792 933 855 ἐν
951 798 988 880 τῇ
1010 799 1049 881 γῇ
1071 791 1152 858 κάτω
1173 795 1359 876 ἐμφωλεύον,
1382 791 1480 876 τετρά.

326 917 412 960 πουν.
459 889 608 977 1Ὀρύττει
623 888 678 975 την
691 899 762 977 γῆν,
784 893 835 956 καλ
852 894 964 969 ἐντοῖς
981 893 1157 976 μυηοτάτοις
1177 894 1268 978 αύτης
1289 897 1346 978 ἔχει
1369 894 1424 977 τήν
1441 898 1482 960 ολ-

325 1019 425 1078 κησιν·
453 993 490 1059 τά
512 995 544 1060 δέ
565 993 663 1059 πάντα
683 1001 738 1059 τού
753 992 830 1071 ζύου
850 990 975 1080 ύπάργει
1000 992 1067 1072 ύςελ
1087 1004 1194 1082 μικροῦ
1212 997 1359 1073 σκύλακος
1380 995 1481 1076 κυνός,

328 1098 405 1181 2την
429 1098 620 1182 περιφέρειαν
641 1103 695 1178 τῆς
719 1093 835 1180 ἡλικίας
860 1100 941 1180 ἐγον,
971 1089 995 1188 ᾧ
1020 1095 1091 1165 ούδέ
1116 1099 1193 1176 ὅλως
1218 1097 1342 1184 ύπάρχει
1368 1097 1481 1184 ὅρασις.

326 1197 534 1287 Ἐρημωτικδν
547 1199 580 1264 δέ
596 1197 630 1264 όν
648 1197 681 1264 τδ
701 1206 792 1278 ζῶον,
814 1201 952 1266 κάτωθεν
969 1201 1101 1286 ἐκριζοῦν
1115 1201 1213 1267 πάντα
1228 1200 1265 1266 τά
1280 1209 1339 1266 τῶν
1361 1199 1482 1286 άνθρι-

326 1331 393 1371 πων
412 1300 621 1392 γεωργήματα,
644 1299 680 1366 τά
698 1327 728 1367 τε
743 1301 869 1386 σικυηρά
890 1300 926 1368 τά
949 1301 1072 1384 μάλιστα
1094 1307 1145 1370 καλ
1165 1301 1202 1368 τά
1222 1306 1350 1386 θδριμέα
1373 1301 1482 1385 φατεύ·

276 1427 279 1432 ‘
326 1435 418 1492 ματα,
439 1402 601 1491 κρομμύων
616 1429 646 1469 τι
662 1405 714 1470 καλ
731 1403 901 1489 σκορόδων,
924 1407 1039 1488 βολβῶν
1054 1407 1105 1472 καλ
1118 1413 1178 1472 τιδν
1191 1405 1349 1486 τοιούτων,
1371 1411 1483 1492 κρίνων

325 1535 357 1578 τε
372 1511 424 1576 καλ
446 1516 506 1574 τοῖν
528 1505 636 1574 άλλαν·
660 1505 712 1573 ἐάν
730 1505 873 1574 δέλαθδν
892 1510 981 1596 ἐντῷ
1001 1505 1135 1593 όρύττειν
1155 1507 1263 1599 φθάσῃ
1280 1511 1331 1575 ἐπλ
1351 1514 1406 1592 τῆς
1429 1517 1482 1594 γῆς

325 1616 381 1692 ἐξω
400 1615 442 1688 εές
456 1611 509 1677 τδν
526 1608 599 1696 άέρα
620 1609 774 1696 γενέσθαι,
796 1607 817 1693 ἢ
838 1606 928 1686 άλούς
945 1615 1110 1696 θηρευθελη
1132 1608 1193 1676 ύπδ
1213 1618 1273 1678 τύν
1293 1609 1480 1698 άνθράπων,

325 1713 441 1802 γέλοιόν
461 1741 491 1780 τι
510 1716 627 1796 ἐμποιεῖ
640 1719 711 1778 πᾶσι
729 1721 792 1788 τοῖς
809 1717 897 1778 τοῦτο
912 1709 946 1779 τό
967 1719 1043 1790 ζῶον
1062 1711 1253 1797 θηρεύσασιν.
1287 1711 1410 1790 Ὄντως
1433 1715 1483 1779 καλ

327 1816 417 1894 αύτός
441 1819 575 1901 ἐπιχειρῶ
597 1814 689 1901 λέγειν
709 1817 777 1900 περλ
802 1823 855 1898 τῆς
876 1817 944 1882 νυνλ
969 1812 1041 1898 μετά
1062 1825 1161 1901 χεῖρας
1183 1818 1337 1900 αἱρέσεως,
1366 1814 1410 1893 τός
1432 1817 1484 1899 μὲν

325 1919 402 1986 κατά
421 1917 478 2002 τὴν
496 1921 623 2004 καρδίαν
641 1916 801 1998 τυφλόττει
823 1919 873 1983 καλ
891 1915 1073 2000 άνοηταλνει,
1096 1921 1220 2004 ἐρημίαν
1236 1919 1269 1984 δέ
1285 1921 1376 2009 ἑαυτῇ
1398 1918 1484 2004 ἐργά-

326 2030 417 2102 ζεται,
439 2023 491 2086 καλ
513 2019 567 2104 την
588 2019 729 2086 σύστασιν
751 2022 857 2103 ἐαυτῆς
878 2020 1016 2086 κάτωθεν
1032 2022 1176 2104 ἐκτέμνει,
1198 2024 1286 2107 ῥιζῶν
1301 2046 1332 2086 τε
1352 2029 1481 2102 πολλῶν,

325 2132 386 2191 τῶν
407 2127 448 2200 εἰς
464 2121 559 2207 αύτην
575 2121 805 2189 ἐκπεπτωκότων
820 2121 954 2209 άνδροδν,
976 2122 1029 2207 τήν
1049 2123 1145 2207 λύμην
1162 2121 1360 2210 άπεργάζττακ
1410 2131 1482 2200 Τοῖς

328 2229 360 2292 δέ
378 2234 509 2302 συνετοῖς
525 2229 554 2290 ελ
565 2249 637 2291 ποτε
657 2227 769 2311 γένοιτο
788 2233 1027 2310 κατοπτευθῆναι
1044 2222 1153 2308 αύτην,
1176 2225 1284 2313 γέλωτα
1303 2225 1340 2293 ού
1356 2225 1410 2294 τόν
1432 2251 1483 2292 τυ·

324 2327 655 2416 χόνταιπαρασκευάζει·
679 2325 720 2403 οδς
735 2330 786 2394 καλ
800 2327 832 2394 τό
851 2329 1065 2414 προειρημένσν
1080 2325 1155 2407 ζῶον
1171 2327 1223 2393 διά
1236 2328 1290 2413 τὴν
1308 2330 1417 2394 ἑαυτοῦ
1432 2327 1483 2394 τό·

329 2441 442 2516 φλωσιν
466 2429 677 2515 ἐμπαιζόμενον
695 2428 745 2496 διά
762 2429 817 2514 την
840 2429 1024 2516 4άορασλαν,
1053 2432 1104 2498 καλ
1127 2430 1168 2514 μή
1190 2429 1325 2517 εύρλοκον
1345 2426 1411 2497 πούΙ
1427 2429 1483 2515 τὴν

328 2533 490 2623 ελςαγαγνὶν
505 2531 704 2617 ποιήσασθαι·
727 2530 768 2609 οδς
783 2536 835 2598 καλ
851 2531 952 2616 ὓαύτη
966 2531 987 2617 ἦ
1003 2537 1123 2617 αἵρεσις.
1164 2531 1324 2600 Ἐπέδεντο
1339 2532 1396 2619 γάρ
1413 2535 1481 2600 ἐαυ-

326 2647 390 2714 τσλς
404 2645 457 2704 τοῦ
473 2635 565 2719 Ἀδάμ
581 2633 613 2702 τό
631 2633 735 2718 ὄνομα.
785 2643 878 2701 Τοῦτο
894 2637 925 2701 δέ
940 2633 1000 2701 α’πδ
1019 2633 1112 2718 άκοῆς
1132 2633 1250 2721 άνδροῖν
1270 2643 1386 2702 πολλύν
1408 2634 1481 2719 άκη·

325 2739 428 2816 κοότες
451 2739 565 2821 φαμὲν,
595 2735 632 2803 ού
659 2736 716 2823 γάρ
743 2740 776 2804 ἐν
801 2737 1024 2823 συγγράμμασιν
1049 2737 1199 2823 ηύραμεν,
1228 2736 1250 2822 ἢ
1273 2737 1482 2823 περιετύχομεν

325 2841 474 2916 τοιούτοις
499 2845 564 2906 τισλ.
610 2845 733 2904 Πολλῶν
758 2833 814 2904 ούν
835 2839 996 2926 εἰρηκότων
1018 2839 1102 2919 άξιον
1122 2843 1174 2907 καλ
1197 2839 1290 2925 αύτῆς
1310 2848 1482 2924 μνησθῆναι

328 2943 547 3024 ἐδικαιύσαμεν.
583 2939 640 3006 Διό
656 2943 707 3006 καλ
722 2945 845 3018 δικαίως
860 2941 970 3026 ταύτην
985 2943 1205 3026 παρεικάσαμεν
1219 2949 1261 3032 τῷ
1277 2945 1482 3032 προειρημένῳ

327 3053 427 3134 τυφλῷ
448 3043 534 3134 οζοόιγι
551 3046 602 3109 καλ
617 3040 760 3129 άνδράσιν
777 3042 816 3110 ού
830 3043 929 3128 τάχιον
945 3047 1157 3134 7φαινομένρι,
1179 3044 1229 3111 διό
1246 3044 1279 3111 τό
1297 3045 1435 3128 κρύβδην
1450 3048 1482 3111 ἐν

326 3155 362 3238 τῇ
382 3155 419 3236 γῇ
437 3145 528 3226 εἶναι,
558 3147 609 3212 καλ
632 3147 770 3212 κάτωθεν
790 3145 845 3229 τὴν
867 3146 962 3231 λύμην
985 3146 1166 3232 ἐργάζεσθαι
1212 3151 1427 3233 Περιγέλαστος
1449 3149 1483 3212 δδ

328 3253 404 3330 ἐστι,
426 3251 475 3315 καλ
492 3247 672 3331 ἐσκεπτόμην
688 3247 755 3332 μηδ’
771 3248 848 3325 όλως
864 3253 906 3326 εἰς
922 3247 1054 3334 άριθμδν
1073 3247 1167 3332 αύτην
1182 3251 1297 3334 φέρειν·
1319 3247 1369 3314 διδ
1392 3251 1426 3316 δέ
1447 3247 1481 3316 τδ

327 3351 403 3428 δ’λως
419 3344 491 3434 ἦχον
506 3348 597 3434 αὐτῆς
612 3347 687 3416 εἶναι
703 3353 734 3416 ἐν
748 3349 851 3440 κόσμῳ
868 3350 954 3417 ούδδν
971 3351 1110 3436 λυπήσειε
1127 3351 1179 3418 τόν
1194 3350 1314 3417 συνετόν
1329 3349 1482 3434 άκροατην

205 3489 256 3535 μς.
271 3473 316 3520 τοι.
331 3456 399 3539 περλ
420 3451 539 3519 πάντων
555 3455 663 3519 εἰδέναι
683 3460 742 3518 τῶν
759 3455 846 3542 ἐντῷ
865 3453 967 3544 κόσμρν
985 3451 1045 3520 ύπό
1067 3461 1122 3520 τού
1141 3453 1283 3538 διαβόλου
1304 3457 1483 3532 ζιζανιωδὸς

330 3558 526 3642 ἐσπαρμένων.
570 3558 641 3622 Εἴτε
657 3553 714 3641 γάρ
731 3557 808 3622 ἐστιν
825 3553 998 3639 ἡτοιαύτη,
1021 3559 1078 3622 ελτε
1094 3555 1134 3640 μη
1152 3559 1228 3636 ἐστι,
1250 3562 1364 3622 πολλῶν
1380 3557 1483 3640 λεγόν-

328 3685 389 3726 των
404 3657 566 3743 άκηκοότες
582 3655 743 3739 α’σφαλελας
757 3657 842 3742 χάριν
856 3660 906 3723 καλ
923 3661 990 3745 περλ
1006 3655 1097 3742 αύτῆς
1113 3661 1204 3724 εἰπεῖν
1220 3657 1342 3744 ούλογύν
1357 3683 1408 3739 μοι
1428 3659 1482 3724 τιέ-

328 3787 419 3845 φηνε,
440 3763 489 3826 καλ
512 3758 552 3843 μή
572 3767 770 3844 παραλεῖψαι,
793 3757 851 3824 κάν
869 3785 899 3824 τι
921 3759 1131 3838 θκαταλύεται,
1160 3763 1211 3826 καλ
1228 3758 1325 3826 ούκέτι
1348 3756 1480 3849 ύτιάρχη.

331 3863 376 3929 Ού
392 3863 446 3951 γάρ
465 3861 606 3946 άσφαλοῖς
622 3865 777 3944 ἐπίσταμαι
790 3866 818 3926 εἰ
829 3863 870 3926 ἐτι
883 3863 973 3942 ἐστιν,
995 3860 1072 3947 ἢμη
1088 3865 1156 3928 ἐστι
1205 3867 1240 3928 Τι’
1255 3863 1290 3928 δὲ
1304 3864 1345 3938 εἰς
1361 3861 1482 3948 μακρόν

363 4086 420 4138 (λιν.
440 4091 457 4138 Ι.
475 4117 506 4128 -
544 4089 565 4142 1.
583 4080 645 4153 ὅπερ
665 4081 766 4153 ὀρύττει
788 4089 885 4138 οοιιλιολε
952 4089 976 4139 5.
993 4089 1058 4138 λωτλ
1074 4089 1159 4139 λαύτια
1176 4080 1252 4151 αὕτη.

328 4155 446 4206 Ριλανλια.
951 4155 976 4206 6.
995 4152 1070 4224 ζύῳ,
1094 4157 1156 4219 quod
1171 4158 1282 4204 τιυιιιλλο
1297 4156 1418 4218 postulat,
1441 4169 1480 4204 τι·

362 4225 387 4272 2.
406 4225 435 4272 Η.
449 4235 468 4272 ι.
486 4220 532 4288 τήν
549 4217 638 4288 αύτήν.
656 4251 687 4261 -
719 4225 825 4274 θολιηαιι
840 4225 885 4273 οδ-
917 4227 1147 4286 arimannorum
1156 4225 1293 4274 ολλαιιιοοτλ
1303 4225 1403 4287 Rhodia.
1422 4224 1479 4274 ruz·

327 4294 390 4340 νττλτ
406 4293 578 4341 οιιαοολαιλίαιιι
594 4293 716 4354 participis·
733 4287 797 4358 ἐγω.
893 4341 898 4354 ,
917 4307 947 4355 ςο
964 4297 1026 4342 mat
1045 4292 1116 4354 ζῶον.

362 4355 388 4407 3.
408 4359 480 4420 Vulgo
497 4357 600 4422 δρομέα.
951 4357 974 4412 7.
993 4363 1058 4410 ιλλιιτ·
1073 4361 1157 4410 λιοδιιιλ
1173 4352 1325 4424 φαινόμενοι.

362 4425 385 4475 4.
410 4427 446 4478 λιιι
468 4431 614 4475 emesenam
634 4427 761 4476 σατιατλαι
778 4431 799 4477 ιλ
815 4428 885 4477 Peta-
951 4427 975 4480 8.
993 4429 1106 4491 Suspicor
1122 4423 1287 4480 καταλέλυται
1303 4453 1336 4466 -
1354 4422 1470 4496 ύπάρχτι.

327 4496 387 4545 νιάι.
420 4495 485 4544 Libri
502 4494 585 4542 λοσιισ
601 4489 732 4559 άκρααλαν.
