3116 4934
336 229 471 283 rsnsnu
489 229 552 282 nra.
566 229 693 284 rrsrou.
707 231 728 282 1.
745 231 844 283 naon.
857 231 941 283 nxrr.
1150 219 1210 283 att

57 350 198 418 bicularia
212 351 317 436 ligura.
362 349 410 414 Aa
425 349 485 415 vim
498 349 615 435 quidem
628 349 707 416 illam
723 349 925 428 cnlelaciendi‚
949 349 1005 414 boc
1020 361 1066 414 est
1086 351 1213 416 colorem

58 466 144 539 atque
169 466 302 533 aestum,
327 452 442 539 spiritui
467 453 665 538 respondere,
690 453 869 519 illuminandi
889 473 961 519 vero
980 453 1038 518 vim
1062 453 1139 532 filio,
1164 475 1215 539 pa·

59 569 130 621 trem
151 557 279 642 denique
298 557 389 620 totins
406 555 572 642 hypostasis
592 558 674 622 velot
691 558 832 641 quandam
856 577 923 620 esse
943 557 1075 620 formam.
1123 555 1216 642 lgitnr

59 661 146 724 ilium
168 661 314 724 affirmant
335 657 408 724 radii
426 657 456 722 in
474 680 585 723 morem
607 659 746 724 emissum
771 659 884 739 omnia,
915 680 989 744 quae
1012 660 1046 723 ad
1068 661 1216 744 evangelii

60 773 88 828 et
103 765 251 828 bonanae
267 760 372 828 salutis
388 763 625 848 procurationem
639 763 816 842 attinerent,
839 761 869 825 in
890 761 946 825 lroo
967 762 1075 825 mondo
1092 763 1215 848 praesti·

61 866 150 945 tissa,
175 877 265 951 atque
281 865 323 930 ita
337 865 368 930 in
385 865 499 932 coelum
515 865 651 944 rediisse,
676 865 916 951 quemadmodum
935 867 960 928 is
976 865 1025 950 qui
1044 886 1060 929 a
1077 865 1140 929 sole
1157 887 1217 929 ma·
1237 894 1246 910 =·

60 970 142 1035 navit
157 969 259 1034 radios
276 969 305 1034 io
329 969 452 1035 eundern
474 977 574 1054 postea
591 969 768 1032 relunrlitor.
814 963 955 1054 Spiritum
974 988 1062 1054 porro
1084 949 1217 1032 sabotam

60 1072 88 1136 io
106 1072 186 1137 bone
202 1071 304 1136 orbem
321 1071 455 1150 immitti,
480 1093 515 1135 ac
531 1071 670 1156 deinceps
689 1069 916 1156 singillatimque
938 1071 967 1134 in
992 1089 1043 1136 eos
1066 1091 1168 1135 omnes
1184 1070 1219 1134 il·
1331 1153 1333 1158 Ι

62 1175 117 1239 labi
140 1176 191 1260 qni
205 1196 242 1239 eo
258 1195 380 1238 munera
394 1173 472 1259 digni
490 1185 577 1254 suutq
601 1175 783 1258 eundemque
808 1173 974 1238 instaurare
991 1175 1081 1238 vitam
1104 1185 1134 1238 et
1156 1175 1219 1237 ani-

62 1299 142 1344 mare
166 1280 303 1358 fervore,
328 1279 430 1342 lovere
450 1276 575 1362 denique
594 1298 628 1341 ao
653 1277 835 1356 calefacere,
859 1287 892 1340 ut
908 1277 947 1340 ita
966 1277 1077 1356 dicam,
1100 1277 1131 1343 vi
1148 1299 1218 1363 qon-

63 1383 126 1445 dam
146 1379 404 1466 consensioneqoe
423 1379 554 1466 spiritus.
599 1377 753 1444 Eiusmodi
772 1383 834 1444 lere
851 1379 966 1444 illorum
988 1382 1217 1464 dogmatisant.

148 1479 292 1548 Ceterum
316 1483 451 1547 omuibus
471 1494 528 1546 tam
551 1483 660 1547 veteris
682 1503 769 1568 quam
787 1481 856 1548 novi
876 1485 1045 1547 testamenti
1067 1483 1347 1570 seripturisCap.11.

65 1597 197 1666 utuntur,
221 1586 270 1651 rel
283 1586 374 1650 certia
390 1583 487 1670 potios
500 1585 688 1664 dictionibus,
713 1605 785 1670 quas
799 1585 916 1668 ipsimet
930 1605 981 1670 pro
998 1585 1102 1650 insano
1123 1597 1220 1650 mente

64 1711 114 1754 aaa
133 1709 171 1752 ae
188 1687 328 1752 vecordia
343 1687 485 1772 deligunt.
529 1683 679 1773 Principio
697 1687 772 1752 bano
791 1709 808 1752 e
825 1688 918 1752 sacris
937 1689 1030 1752 literis
1046 1687 1220 1752 sententium

65 1791 221 1878 arripiunt,
245 1811 330 1875 qoam
346 1787 447 1876 Moysi
462 1793 534 1854 deus
549 1790 682 1854 elocutus
699 1801 763 1854 est:
786 1795 870 1854 Aodi
882 1795 984 1866 lsrael,
1009 1796 1136 1854 domniaco
1152 1796 1220 1854 deus
1233 1810 1299 1854 oona.
1312 1811 1367 1906 ξι.

67 1907 128 1958 tuus
146 1898 280 1956 dommus
295 1915 369 1956 unua
386 1905 438 1956 eat.
485 1897 551 1955 Non
565 1896 661 1976 sorim
679 1896 811 1956 tr'dr'deoc
826 1897 943 1957 alteros.
989 1897 1055 1957 Non
1071 1905 1157 1956 erunt
1172 1861 1374 1971 n'dr'llbldlu’uss

66 2002 105 2059 dii
117 2009 259 2062 mentes.
307 1999 442 2075 (lucorum
463 2017 516 2077 ego
536 1999 605 2058 deus
625 2002 736 2078 prtinus
752 2009 783 2059 et
798 2002 980 2074 innodatione,
1006 2010 1035 2060 et
1047 2009 1165 2080 praeter
1180 2019 1223 2060 me

67 2123 117 2164 aas
137 2104 267 2164 estdcao
282 2103 373 2176 olium
397 2110 428 2163 et
450 2097 476 2162 si
498 2099 644 2184 qunealia
663 2099 786 2164 suntad
805 2110 931 2164 mentem
951 2121 1034 2165 suam
1058 2121 1223 2165 accommo-

68 2203 130 2267 data
159 2202 266 2288 quibus
293 2203 329 2265 ad
356 2201 585 2266 coollrmandum
615 2223 747 2266 errorem
774 2202 944 2268 abutuntur.
994 2200 1156 2268 Praeterea
1184 2221 1224 2268 ex

69 2305 223 2389 evangelio
243 2303 314 2368 illud
332 2315 492 2390 usurpanti
515 2309 580 2386 Ego
597 2310 626 2367 r'n
639 2317 739 2386 porro,
764 2318 794 2366 ot
804 2318 890 2387 poter
907 2311 936 2370 in
952 2329 995 2368 me
1008 2318 1065 2380 ert,
1091 2316 1138 2384 et,
1160 2311 1378 2384 Duomamups

70 2429 150 2470 mum
174 2429 283 2469 samua.
330 2405 417 2471 Hunc
438 2416 534 2471 autem
554 2428 686 2472 errorem
707 2427 841 2488 omnem,
865 2407 987 2492 eiusque
1011 2408 1225 2472 firmamentum

69 2529 104 2573 ex
119 2509 301 2596 apocryphis
315 2509 487 2594 quibusdam
501 2509 662 2574 hauserunt
675 2509 847 2594 pracsertim
859 2509 895 2574 ab
906 2510 1120 2596 Acgyptiorum
1136 2531 1226 2575 crau·

69 2614 143 2695 gello
167 2613 240 2695 (boc
257 2611 334 2676 enim
352 2611 394 2676 illi
413 2633 519 2676 nomen
542 2610 737 2697 indiderunt),
762 2613 790 2677 iu
809 2635 866 2698 quo
886 2614 1023 2699 pleraque
1049 2625 1118 2678 sunt
1140 2614 1225 2677 buius

69 2716 186 2798 generis
209 2733 287 2799 qnae
303 2735 344 2778 ex
364 2735 492 2799 persona
507 2715 664 2780 salvatoris
682 2717 755 2780 dam
774 2727 861 2802 atque
885 2716 999 2780 occulte
1016 2716 1096 2780 velot
1115 2728 1226 2798 myste-

69 2817 107 2880 ria
124 2827 350 2905 proponuntur3
374 2817 457 2902 quasi
475 2816 623 2904 discipulis
643 2816 706 2901 ipso
728 2818 857 2884 declarat
874 2818 997 2883 eundern
1016 2839 1083 2884 esse
1100 2830 1223 2904 patrem,

69 2921 226 2998 etlilium,
250 2929 283 2984 et
298 2919 431 3005 spiritam
450 2930 595 2984 sanctum.
640 2917 756 2985 Deinde
773 2921 888 3006 quoties
904 2922 934 2985 iu
955 2921 1079 3006 aliquem
1099 2941 1139 2986 ex
1157 2922 1227 2985 sim·

70 3022 240 3104 plicioribns
260 3043 296 3086 ao
319 3021 486 3088 rudioribus
508 3021 682 3103 inciderint,
712 3023 760 3108 qui
783 3037 917 3088 exactum
938 3024 1101 3087 divinarum
1128 3023 1227 3087 litera-

70 3145 128 3189 rum
144 3125 304 3190 seientiam
323 3145 381 3190 nou
397 3124 524 3206 babent,
549 3123 672 3189 huncio
694 3126 809 3190 modum
831 3125 1032 3211 interrogante
1068 3123 1146 3209 Quid
1163 3138 1227 3190 tan·

70 3227 147 3308 dem,
173 3228 248 3293 boui
265 3227 340 3306 viri,
364 3226 515 3293 dicemus?
557 3225 653 3293 Unum
673 3227 813 3294 babemus
832 3229 915 3293 deum
932 3251 969 3294 an
987 3231 1069 3294 tres?
1112 3226 1227 3313 Quibus

70 3333 172 3396 aalide
192 3329 353 3416 religiosus
368 3329 436 3409 ille,
461 3350 515 3394 neo
533 3331 664 3416 perlecta
683 3332 719 3395 ad
736 3333 898 3396 cavendum
914 3332 1036 3410 edentia
1053 3332 1225 3418 perpolitus,

71 3434 258 3516 perturbatos
276 3431 374 3513 illico,
397 3452 501 3496 eorum
519 3432 682 3497 assentitur
702 3435 796 3499 errori
817 3455 852 3499 ac
875 3436 960 3498 deum
984 3435 1152 3521 imprudens
1175 3453 1227 3497 ne·

72 3547 131 3617 pat,
154 3545 270 3622 negat,
293 3536 430 3621 inquam,
455 3535 542 3600 tilium
565 3536 756 3622 suspiritum
779 3548 924 3602 sanctam.

150 3739 300 3808 Ceteram
314 3740 368 3805 boa
383 3759 485 3806 omnes
499 3752 657 3828 perpetuas
671 3741 720 3806 illc
735 3741 853 3807 bomani
868 3742 986 3826 generis
1002 3741 1093 3806 bostis
1107 3739 1225 3819 afflavit,
1246 3751 1306 3821 esp.
1324 3753 1369 3805 111.

40 3895 41 3900 ,
74 3845 205 3910 ntalinm
233 3843 307 3924 boe,
331 3842 417 3907 alium
441 3841 625 3924 istomodo,
650 3855 806 3931 utcumque
825 3867 898 3909 vero
923 3843 1149 3931 quamplurimos
1171 3842 1227 3906 oin

40 3929 42 4055 l
76 3947 256 4024 conveniat,
280 3955 369 4031 atque
385 3967 403 4010 a
420 3945 467 4010 via
484 3947 618 4012 veritatis
635 3945 770 4012 abducat.
804 3947 922 4012 Etenim
938 3967 1027 4011 unum
1043 3965 1109 4010 esse
1122 3965 1226 4010 revera

42 4109 44 4136 ί
76 4049 171 4128 dmm,
196 4069 299 4134 neque
320 4061 439 4133 praeter
455 4047 532 4113 bunc
550 4051 693 4128 alterum,
722 4047 878 4113 manileste
902 4047 1064 4112 communis
1086 4047 1227 4112 ecclesiae

43 4139 45 4180 ¹
77 4152 232 4220 marcasio
258 4149 423 4235 profitetur.
467 4149 538 4216 Non
563 4151 641 4216 euim
667 4150 787 4214 deornm
814 4149 1025 4214 multitudinem
1051 4150 1225 4230 invenimus,

79 4259 122 4320 aed
136 4253 342 4322 monarchiam
361 4255 574 4339 praedicamus.
619 4251 653 4318 ln
672 4273 707 4317 ea
724 4263 820 4318 autem
838 4253 1029 4340 praedicando
1046 4273 1226 4338 nequaquam

82 4357 268 4437 aberrans,
296 4359 349 4422 sed
372 4377 431 4422 aaa
453 4357 613 4422 trinitatem
640 4357 829 4438 confitemur,
859 4355 1014 4434 unitatem,
1039 4355 1172 4440 inquam,
1197 4355 1227 4416 io

84 4464 222 4546 trinitate,
250 4471 283 4524 et
298 4459 457 4526 trinitatem
480 4460 510 4526 in
531 4460 659 4543 onitate,
683 4480 828 4548 unamque
848 4460 956 4546 patris,
979 4469 1010 4524 et
1026 4459 1094 4538 lilii,
1118 4479 1153 4522 ao
1170 4455 1229 4539 spi-

958 4561 1026 4630 14*
