3168 4926
347 249 486 304 seusun·
501 251 564 304 nro.
577 253 609 304 u.
627 249 709 304 rou.
724 253 744 302 r.
761 251 862 303 nunu.
875 251 994 304 xnrrn.
1084 224 1085 232 '
1211 238 1249 304 tt

87 393 146 456 qne
169 371 371 457 perficiuntur.
416 373 458 436 At
479 372 527 436 illa
551 384 617 458 post
637 394 671 436 se
690 393 788 436 rerum
808 373 934 436 omnium
954 373 1066 435 exitum
1084 372 1146 435 lore
1165 393 1250 457 prae-

88 474 184 552 dixit,
216 475 293 558 qnod
317 475 458 538 haetenus
480 477 606 539 nondum
626 477 770 540 aonidisse
789 475 956 554 ceruimus,
989 475 1161 560 praesertim
1185 495 1250 538 oum

88 588 132 640 tot
147 577 204 640 sibi
221 577 418 661 imperatores
431 579 643 658 successerint,
663 599 697 642 ao
715 588 823 641 tantum
839 578 877 640 sit
891 578 1029 662 temporis
1045 577 1248 662 interlapsum.

88 680 170 743 Auni
190 679 336 764 siquidem
362 681 397 744 ad
424 681 478 744 boe
499 693 629 765 tempus,
662 682 710 766 qni
730 691 775 745 est
794 678 993 744 Valentiniani
1013 701 1048 744 aa
1068 677 1202 744 Valentis
1222 691 1253 743 et

88 781 227 846 Gratiani
249 781 451 866 imperationis
474 805 567 848 annus
586 781 677 861 ΧΙΙ.,
703 783 765 868 plns
788 783 882 846 minna
907 779 1022 848 CCXC
1046 795 1249 862 numerantur,

87 896 116 948 et
137 895 238 948 tamen
263 885 310 948 bio
332 885 382 948 ille
399 885 565 972 praediatus
588 886 623 949 ab
641 885 721 955 inani
732 877 866 969 'seseque
884 895 1050 949 ostentante
1068 885 1253 972 prophetissa

86 989 217 1051 nondum
237 1009 335 1050 rerum
352 987 453 1052 exitus
469 987 603 1068 advenit3
636 1009 711 1072 qnae
727 989 842 1072 quidem
861 987 935 1052 diem
955 988 1052 1052 obitus
1070 989 1115 1051 sui
1133 989 1250 1052 minime

87 1101 273 1174 compertum
293 1089 403 1152 babuit.
450 1089 526 1154 llino
542 1090 611 1154 illud
628 1091 729 1154 ridere
747 1091 831 1168 lieet,
858 1091 1023 1174 omnesqui
1041 1110 1074 1154 se
1089 1113 1107 1154 a
1125 1092 1251 1155 veritate

86 1202 270 1276 segregant,
295 1192 403 1256 nullam
418 1191 448 1255 io
465 1193 650 1257 sermonibus
671 1191 778 1257 babere
795 1194 1005 1271 constantiam,
1030 1191 1080 1256 sed
1098 1192 1252 1257 infantium

87 1315 169 1358 more
191 1295 229 1358 ab
250 1295 410 1380 impostore
428 1305 565 1379 serpente
587 1295 724 1381 deceptos
743 1296 820 1360 ultro
839 1317 872 1360 se
891 1297 920 1360 in
939 1295 1061 1358 exitium
1078 1296 1252 1381 perniciem-

87 1419 141 1483 que
160 1397 361 1460 eommittere.
407 1396 485 1461 Nam
503 1419 588 1478 enin,
613 1410 676 1462 uta
695 1400 762 1486 lupo
780 1401 976 1477 devorentur,
1000 1398 1119 1462 aeaula
1136 1398 1252 1482 longius

88 1502 230 1564 aberrare
254 1521 289 1564 ao
312 1499 410 1585 perire
432 1501 596 1581 voluerint,
627 1523 685 1565 oon
708 1514 817 1564 retento
833 1506 992 1582 pampro,
1025 1503 1076 1564 sed
1099 1503 1251 1586 repudiata
1266 1507 1353 1603 Cptqqa

88 1603 234 1683 veritato,
268 1603 296 1666 io
314 1603 498 1687 naufragium
517 1625 710 1688 errorumque
727 1604 855 1668 omnium
873 1613 1075 1688 tempestatem
1094 1624 1162 1668 sese
1182 1625 1251 1668 cort·
1291 1593 1298 1617 '
1335 1593 1341 1606 ’

91 1707 236 1769 iecerunt.
283 1703 361 1768 Nam
380 1706 404 1768 si
425 1705 479 1768 boe
495 1703 662 1770 Maximilla
678 1707 806 1785 dixerit,
831 1706 1000 1790 prophetam
1018 1706 1142 1790 amplius
1161 1707 1253 1770 tremi·

91 1829 156 1872 nem
175 1812 323 1888 lutnrnm,
347 1807 477 1872 divinum
495 1809 551 1871 boo
566 1809 624 1872 illis
642 1831 746 1872 munus
764 1807 891 1872 funditus
908 1807 1013 1892 eripit,
1037 1819 1070 1873 ut
1084 1809 1120 1872 ad
1137 1808 1253 1872 hodier-

90 1933 157 1974 nnm
180 1922 297 1996 tempus
316 1909 434 1973 minime
454 1905 637 1996 perseveret.
684 1909 770 1992 Quod
793 1911 818 1974 si
838 1911 873 1974 ad
892 1910 970 1973 illam
991 1933 1101 1996 nsque,
1133 1923 1164 1974 ut
1183 1923 1252 1976 ante

88 2013 237 2090 diximus,
270 2015 372 2076 eadem
391 2023 547 2099 propagata
566 2015 660 2098 gratia
679 2025 742 2094 est,
775 2035 812 2078 ne
828 2014 891 2097 ipsa
907 2013 1022 2098 quidem
1041 2014 1183 2079 eiusmodi
1201 2015 1252 2078 do·

87 2137 194 2181 norom
217 2137 338 2202 compos
360 2126 408 2180 est
428 2118 517 2180 laeta.

174 2217 237 2286 Sed
255 2219 391 2282 nimirum
413 2218 604 2283 vehementer
623 2229 713 2284 errat.
760 2217 878 2284 Etenim
899 2221 971 2284 dens
990 2220 1145 2285 ecelesiam
1164 2239 1248 2284 suam
1267 2234 1329 2303 cap.
1346 2237 1392 2288 ttt.

87 2323 170 2388 relut
189 2322 376 2406 obsignavit,
409 2341 444 2384 ao
463 2320 560 2385 divina
582 2323 629 2386 illa
651 2343 773 2386 munera
791 2322 960 2407 complevit.
1007 2320 1154 2406 Quamdiu
1173 2321 1251 2386 enim

87 2425 241 2513 prophetis
266 2445 340 2510 opus
366 2424 419 2487 luit
443 2435 475 2487 et
496 2425 559 2488 veri
583 2425 702 2511 spiritns
725 2425 882 2504 instinctu,
917 2446 982 2488 eum
1005 2424 1093 2488 animi
1115 2424 1252 2488 firmitate

87 2540 177 2613 atque
197 2527 366 2591 eonstantia
388 2538 418 2592 et
438 2548 539 2590 eorum
562 2547 637 2612 quae
655 2528 846 2612 loquerentur
863 2526 1055 2612 intelligentia
1074 2525 1252 2590 sanctissimi

88 2631 143 2694 viri
162 2651 219 2693 sua
239 2627 338 2693 omnia
353 2651 496 2715 respousa
513 2640 543 2692 et
560 2632 679 2693 oraoola
695 2631 855 2709 dederuut,
878 2628 1024 2713 iidemque
1041 2649 1094 2714 pro
1112 2629 1253 2713 cuiusque

89 2753 303 2796 concessorum
327 2753 345 2796 a
363 2743 465 2795 saneto
483 2730 586 2816 spiritu
605 2733 746 2796 donorum
769 2754 804 2798 ao
823 2731 889 2796 lidei
907 2731 1038 2811 ratione,
1071 2752 1253 2795 communem

89 2839 121 2900 ad
139 2835 301 2899 utilitatem
319 2834 368 2897 illo
384 2835 447 2920 ipso
464 2834 568 2920 spiritu
585 2834 688 2919 repleti
705 2845 784 2899 suut.
830 2834 908 2917 Quid
924 2833 1014 2916 igitur
1028 2833 1063 2898 ab
1080 2835 1137 2898 illis
1155 2845 1202 2898 est
1217 2835 1253 2898 ad

89 2937 241 3002 bominum
260 2935 413 3000 utilitatem
432 2937 629 3022 praedictum,
652 2947 704 3000 ant
721 2959 795 3022 qnae
813 2937 909 3000 babita
927 2937 993 3000 fidei
1008 2937 1103 3000 ratioi
1143 2935 1255 3000 Nonne

89 3039 235 3104 eiusmodi
257 3039 360 3121 ⁴potins
386 3038 508 3103 babendi
533 3038 573 3104 illi
598 3050 667 3102 snut
693 3041 728 3102 de
755 3039 859 3123 quibus
885 3039 999 3103 loeutus
1025 3049 1072 3103 est
1100 3039 1252 3103 domiuusa

89 3147 241 3206 Attendite
262 3163 281 3204 u
299 3145 385 3225 sobab
399 3146 559 3223 prophetes,
593 3147 646 3224 qui
662 3147 777 3204 ueniunt
792 3146 831 3204 od
847 3163 896 3204 uos
912 3147 941 3204 in
959 3148 1129 3204 uestimentis
1146 3147 1247 3217 ovium,
1260 3156 1408 3216 renouato.

89 3250 264 3310 mainerus
280 3257 371 3306 autem
386 3258 455 3308 runt
468 3249 531 3326 lapi
543 3252 685 3325 repares?
727 3245 794 3329 Age
812 3265 884 3308 vero
903 3265 976 3328 quae
992 3246 1028 3307 ab
1044 3245 1102 3309 illis
1119 3244 1255 3307 dicuntur

89 3370 150 3412 enm
173 3347 212 3412 iis
239 3368 316 3431 qnae
336 3347 365 3410 iu
388 3357 513 3431 utroque
535 3345 728 3410 Testamento
755 3367 859 3411 revera
883 3350 1087 3438 reordinentur,
1120 3367 1253 3431 quaeque

89 3450 256 3515 certissime
274 3461 357 3533 gesta
380 3470 414 3513 ao
431 3450 580 3535 praedicta
598 3459 684 3528 sunt,
709 3459 931 3534 comparantes,
962 3449 1163 3514 discernamus
1179 3469 1253 3534 quae

87 3554 125 3616 sit
149 3575 223 3617 vera
248 3573 382 3636 quaeque
406 3553 477 3616 lalsa
500 3551 659 3638 prophetis.
707 3549 805 3616 Verus
829 3553 932 3638 quippe
955 3554 1096 3639 propbeta
1118 3575 1183 3616 eum
1205 3550 1253 3613 sui

87 3678 228 3742 eompos,
260 3667 319 3717 tum
337 3676 373 3718 ea
389 3677 464 3739 quae
482 3654 596 3718 dicebat
610 3653 795 3741 intelligens,
826 3658 922 3720 lutura
942 3656 1110 3736 nuntiabat,
1141 3673 1252 3742 proque

87 3779 123 3822 eo
147 3780 182 3822 ao
207 3756 331 3844 spiritus
356 3769 476 3821 sanutus
499 3758 671 3842 impulerat,
704 3760 860 3843 praecipuo
883 3761 1007 3844 quodam
1030 3759 1118 3824 auinri
1143 3757 1249 3821 robore

84 3861 243 3926 vaticinari
265 3859 390 3923 solebat.
435 3857 892 3942 §transmutabilitate
923 3885 958 3925 oo
969 3865 1071 3944 fideles
1093 3867 1123 3924 in
1144 3865 1235 3922 domo.
1253 3875 1322 3926 Nun.
1332 3880 1366 3938 1²,
1383 3881 1404 3929 t.

86 3963 171 4031 Unde
192 3975 226 4029 et
246 3967 345 4026 ortem
361 3963 391 4025 in
413 3959 522 4031 Vetere
539 3963 734 4028 Testamento
753 3965 892 4050 propbeta
914 3966 1030 4029 dieitur.
1077 3969 1170 4039 td'sa'o,
1202 3965 1247 4029 in·
1261 3985 1403 4042 saepae

87 4068 167 4152 quit,
189 4090 276 4152 quom
291 4071 364 4129 utilit
376 4071 467 4128 leonius
479 4069 562 4148 pilius
578 4073 668 4129 Amos
679 4070 828 4148 propbeta.
875 4073 944 4130 Vidi
955 4071 1094 4129 domabant
1110 4073 1247 4132 sedentem
1261 4087 1342 4142 trata,
1352 4089 1370 4130 ι.
1379 4091 1403 4132 ea

86 4194 174 4252 seper
189 4175 325 4234 thronum
340 4173 481 4232 excelsum
499 4181 529 4232 et
544 4173 690 4232 elevatum.
736 4173 779 4233 Et
793 4175 855 4232 utili
868 4173 1015 4250 Serapam
1033 4182 1061 4231 et
1080 4175 1245 4250 Clerubrmp
1279 4143 1300 4194 θ’
1313 4143 1383 4197 l'll‘

86 4287 119 4335 et
131 4278 234 4337 audibi
245 4297 340 4338 vorem
355 4277 462 4336 domtiei
473 4277 608 4336 dmentem
623 4276 663 4335 od
674 4295 726 4336 me.
770 4277 846 4335 Vade
859 4277 905 4334 die
916 4275 1020 4355 populo
1035 4276 1119 4337 duab:
1137 4281 1249 4339 Acadira

119 4430 147 4482 2
167 4433 262 4494 Ιῳοηο
279 4427 325 4480 καλ
341 4424 374 4480 τὰ
392 4424 457 4480 κατὰ
472 4425 519 4492 τήν
536 4435 587 4479 oett.
687 4441 769 4478 nerum
786 4423 800 4480 d
815 4425 911 4496 βλέπων
928 4423 1028 4494 ἐλέγετο
1045 4423 1206 4496 ὅπροφήτης
1223 4427 1249 4482 da

119 4498 147 4551 3.
166 4499 191 4549 ta
212 4500 280 4548 tttn'e
295 4509 421 4558 perperam
439 4497 573 4548 dtettnetum
591 4497 657 4547 inoe-
688 4495 721 4564 τῇ
739 4499 833 4565 παλαιᾷ
851 4491 974 4565 διαθήκῃ.
1000 4491 1090 4564 ’ὅρασις
1106 4503 1156 4548 eett.

140 4579 232 4636 corpu
246 4576 385 4623 Haeremed.
399 4575 427 4622 ll.
441 4577 460 4624 λ.
1024 4587 1043 4648 2
