3128 4930
363 193 501 248 eunucu
517 194 581 248 ctu.
597 195 629 246 u.
645 193 727 246 rou.
740 195 759 244 t.
784 191 885 245 nunu.
897 191 976 244 cun.
1188 181 1248 244 tte

88 319 154 382 dem
174 336 280 380 errore
300 325 474 393 uersentur,
498 313 668 400 iampridem
689 313 779 377 molto
796 311 939 392 diximus,
964 312 1080 398 longum
1104 311 1160 378 iuno
1181 312 1248 378 ioco

87 419 316 506 disputationem
334 439 393 481 uon
411 416 572 480 instituam.
613 413 672 480 Sed
690 415 757 478 tttut
776 437 816 478 ex
832 414 964 500 apostolo
984 415 1127 479 ductaret
1142 415 1171 478 in
1188 436 1249 480 me·

87 522 211 585 morium
235 521 402 585 retrocnbos
434 521 525 581 Nobis
539 540 612 581 uuus
628 523 674 580 esd
685 522 753 580 deus
773 530 867 600 puter,
892 541 930 578 cu
944 539 998 599 pun
1016 523 1123 593 omnen,
1147 531 1178 580 et
1196 541 1248 582 nos
1261 531 1399 584 tuumne

87 629 235 706 inspuunt,
261 635 291 686 et
303 645 376 686 unus
391 625 519 684 dorum
536 625 616 684 Iesus
633 623 774 694 Christum,
795 631 915 702 propter
928 641 1008 701 queem
1027 625 1131 695 omunir,
1156 633 1185 682 et
1194 643 1249 702 per
1291 655 1292 658 ¹

87 749 164 810 quern
183 730 295 800 omum,
320 736 349 786 et
369 746 420 786 uns
438 745 493 804 per
512 728 612 804 ipsum.
661 720 817 807 Quomodo
834 721 924 806 igitur
939 722 1059 784 deorum
1079 722 1128 786 itta
1151 723 1248 786 multi·

88 831 156 893 tudo
185 827 455 914 principiorumque
482 824 648 888 euustubiti
696 829 739 886 Et
759 846 849 898 unus,
879 823 989 908 iuquit,
1019 828 1147 887 domninus
1168 830 1248 888 Iertes

88 937 238 1004 Cdre'stus,
260 942 381 1011 propter
395 950 475 1011 quem
491 932 600 1000 omnen,
625 937 654 988 et
667 947 816 1008 perquem
833 931 940 1000 omnen,
966 939 996 988 et
1009 949 1061 989 uos
1074 949 1128 1008 per
1143 932 1244 1009 speum.

88 1030 291 1115 Quamobrem
308 1053 385 1095 unns
404 1041 450 1094 est
466 1029 663 1093 tautummodo
684 1029 835 1108 conditor,
866 1050 960 1112 neque
984 1029 1082 1114 plures
1105 1029 1144 1092 dii
1165 1040 1246 1107 suut,

88 1137 253 1198 Aeonesue
275 1133 384 1218 piures.
431 1129 483 1196 Sic
501 1131 578 1196 euitu
597 1130 690 1194 disits
721 1135 758 1194 Sd
776 1143 845 1194 suut
864 1134 949 1193 muln·
969 1137 1021 1214 qui
1039 1135 1173 1194 du'ountur
1193 1135 1244 1194 dii.
1261 1143 1399 1201 1.c·r.e,t.

87 1235 183 1321 Quum
203 1235 394 1321 porticulum,
425 1238 640 1313 Qur'dt'euutur,
672 1233 780 1296 adiecit
802 1233 886 1310 ideo,
917 1243 1029 1297 utnon
1053 1253 1119 1298 esse
1142 1255 1247 1298 revera

86 1339 280 1423 signiticaret.
326 1333 386 1400 Sed
414 1357 478 1400 cum
503 1346 623 1422 propter
646 1357 698 1398 eos
723 1337 771 1419 qui
795 1336 831 1399 ab
855 1335 979 1400 ethnicis
1005 1356 1073 1400 esse
1098 1336 1245 1417 dicuntur,

87 1462 220 1525 quosque
239 1439 280 1503 itti
302 1439 373 1503 deos
394 1438 593 1518 constituunt,
617 1448 685 1524 putu
704 1437 817 1516 sulem,
841 1439 957 1519 inuam,
981 1437 1097 1516 sidero,
1121 1439 1247 1523 reliquu-

88 1564 140 1628 que
161 1543 192 1606 id
208 1561 303 1626 genus
323 1540 399 1604 istud
416 1540 581 1626 protulerit,
605 1541 715 1605 nulium
734 1539 932 1604 aberrantium
952 1540 1099 1604 homiuum
1117 1540 1248 1627 opinioni

86 1647 181 1710 iocum
206 1643 336 1728 reliquit.

173 1744 316 1811 Ceterum
340 1767 404 1808 cum
421 1739 537 1808 siucero
555 1745 627 1808 indes
651 1745 777 1830 undique
795 1755 875 1808 suctu
892 1755 970 1808 tectu
992 1745 1192 1824 custodiatur,
1216 1746 1246 1812 io

87 1870 179 1936 enque
196 1848 324 1912 fidelium
340 1847 419 1912 seius
434 1868 469 1910 ac
487 1847 698 1910 firmamentum
715 1849 754 1912 sit
771 1847 914 1933 positum,
940 1847 1025 1912 incide
1041 1849 1246 1913 uniuersorum

87 1953 255 2016 haereseon
269 1951 394 2013 condictu
412 1949 561 2012 mendacia
576 1950 788 2014 dissolvuntur.
825 1946 1075 2033 Quemadmodum
1096 1961 1125 2014 et
1143 1951 1247 2016 haere·

86 2056 162 2119 ticos
182 2054 241 2117 istc
259 2052 399 2116 disiectus
420 2061 484 2130 est,
510 2052 558 2135 qui
579 2073 612 2116 se
637 2052 832 2116 miserrimum
852 2051 882 2115 iu
901 2063 1008 2118 stutum
1028 2052 1160 2138 redegit,
1185 2064 1246 2118 ete

87 2158 146 2222 ritu
168 2155 289 2242 penitus
304 2153 455 2218 alienavit.
502 2151 620 2218 Etenim
642 2155 782 2241 propheta
805 2155 845 2217 itu
869 2166 998 2218 sunctum
1021 2155 1068 2219 dei
1091 2157 1245 2220 ecclesium

88 2259 263 2344 alloquitur:
287 2262 391 2320 Portum
407 2258 609 2320 carbunculum
627 2261 744 2338 lupeidsru
763 2270 852 2333 muru,
877 2269 907 2319 et
917 2261 1100 2340 fundamento
1116 2271 1166 2321 tun
1180 2281 1245 2340 snp-
1255 2269 1307 2316 tunt.
1319 2272 1352 2330 tt,
1367 2273 1398 2318 u.

86 2367 216 2444 pdu'ruur,
242 2372 272 2422 st
290 2383 386 2424 muros
402 2373 465 2422 tuos
485 2363 591 2441 lapides
606 2363 724 2434 electus,
748 2372 780 2422 et
792 2363 1011 2444 propugnaculo
1027 2372 1076 2422 uun
1097 2366 1241 2442 cuspidem.

89 2463 205 2528 Deinde
223 2463 359 2542 subiicit,
384 2467 479 2526 omnis
498 2485 570 2538 unu,
595 2484 666 2545 quae
681 2467 816 2526 aduersus
830 2475 858 2525 te
874 2476 1043 2544 consurget,
1068 2485 1162 2529 ornnes
1181 2468 1364 2527 illucescunt.

90 2573 200 2643 mirrea
225 2578 326 2629 couno
345 2577 372 2628 te
388 2589 454 2628 uero
471 2587 527 2628 uun
546 2567 773 2648 prosperabitur.
818 2564 903 2630 Nihil
927 2566 1004 2629 euim
1027 2577 1072 2630 est
1095 2568 1171 2652 quoti
1193 2588 1246 2632 ue·

91 2693 149 2735 rum
169 2671 257 2734 iidem
275 2689 446 2755 expugnare
463 2670 567 2754 possit,
590 2670 656 2754 quin
672 2691 757 2752 suuper
769 2681 880 2751 petrum
896 2672 1045 2750 nedcficoto
1059 2681 1112 2744 est,
1136 2682 1167 2732 et
1174 2693 1245 2752 pnr-
1258 2682 1343 2780 di‘ii

92 2786 133 2836 tue
148 2776 242 2858 inseru'
255 2795 310 2834 uon
329 2773 533 2853 prneudedunt
556 2776 692 2834 aduersus
714 2775 803 2836 c'llnm.
850 2769 936 2856 Quod
961 2771 1055 2835 eidem
1082 2774 1155 2836 deus
1177 2793 1245 2836 rer·
1285 2766 1292 2792 ’

91 2877 168 2956 bum,
194 2895 252 2938 rex
267 2875 384 2958 inquam
402 2873 495 2960 ipsius
509 2895 544 2937 uc
558 2895 683 2959 sponsus
700 2895 734 2938 nc
751 2874 885 2937 dominus
904 2874 1053 2960 promisit:
1077 2874 1123 2938 eni
1138 2875 1244 2959 gioria,

92 2979 202 3058 honor,
225 2977 399 3062 imperium,
430 2976 505 3062 putri
526 2976 662 3040 videlicet
689 2977 718 3039 iu
745 2975 822 3056 utto,
850 2999 916 3039 cum
938 2975 1043 3062 spiritu
1064 2989 1184 3056 sancto,
1215 2979 1245 3042 iu

93 3081 188 3144 scenio
213 3078 399 3158 seculorum,
426 3079 534 3142 Amen.
579 3075 735 3142 Postremo
758 3099 823 3142 cum
848 3078 921 3143 hoec
942 3079 1060 3142 euobis
1077 3080 1245 3165 procnicnte

94 3185 129 3247 sit
149 3181 301 3260 haeresis,
325 3201 360 3244 uc
379 3180 460 3245 reiut
477 3180 611 3244 auulsum
631 3201 648 3244 a
666 3191 771 3246 trunco
790 3182 937 3266 serpentis
960 3191 1047 3267 capnt
1068 3183 1162 3248 edituo
1184 3183 1246 3270 pui-

94 3284 187 3369 pituns
203 3283 328 3370 quodum
348 3285 431 3369 quasi
448 3283 526 3348 vitae
551 3283 628 3347 iuste
651 3283 858 3348 comminutum
879 3284 935 3363 sit,
960 3296 1097 3371 superest
1118 3295 1150 3350 ut
1172 3285 1245 3350 notis

96 3387 146 3452 rite
163 3389 220 3452 deo
235 3385 358 3472 gratiis,
381 3387 417 3450 ud
436 3385 564 3472 reliquos
581 3386 819 3472 contemplandus
834 3385 974 3451 haereses
991 3399 1187 3454 transeamus.

379 3626 604 3704 CONTRA
629 3627 962 3722 NOE'I'IANOS,

354 3749 501 3824 haeresis
534 3747 734 3843 mult,
768 3749 840 3825 sive
873 3747 985 3824 LVII.

175 3901 248 3967 Post
265 3901 342 3966 hunc
362 3900 435 3967 nlius
455 3901 570 3988 quidum
591 3901 757 3966 haereticus
774 3899 892 3966 Notitus
910 3901 1027 3966 nomine
1044 3899 1167 3988 proditu
1192 3922 1243 3965 ue·
1263 3907 1322 3978 Cap.
1338 3911 1356 3960 t.

101 4025 152 4089 que
172 4006 270 4070 moitis
291 4003 397 4070 abhinc
421 4006 524 4085 nouis,
548 4005 600 4070 sed
617 4017 685 4070 unte
703 4005 757 4069 hos
776 4007 838 4069 iere
862 4014 979 4068 centum
997 4025 1032 4068 ac
1054 4003 1191 4088 triginta,
1214 4005 1244 4069 iu

100 4107 167 4172 Asin
182 4109 343 4188 oriundus,
369 4107 439 4172 urhe
455 4105 586 4194 Epheso.
634 4104 692 4191 Qui
715 4107 812 4172 ulieuc
834 4107 938 4194 spiritu
959 4108 1072 4171 adiutus
1093 4127 1129 4171 en
1146 4107 1245 4173 dicere

102 4228 133 4272 ac
146 4211 249 4278 duone
267 4231 358 4276 ausus
374 4222 421 4274 est
435 4231 509 4297 quoe
525 4233 580 4278 uec
601 4211 760 4299 prophetae
777 4232 831 4275 nec
846 4209 970 4297 apostoli
986 4229 1041 4274 nec
1060 4209 1185 4276 ecciesiu
1208 4212 1244 4274 ab

101 4310 178 4378 initio
199 4313 309 4394 tenuit,
338 4335 372 4376 nc
392 4334 429 4378 ue
454 4315 594 4398 cogitauit
616 4315 742 4400 quidem.
790 4311 882 4400 igitur
905 4311 985 4377 velut
1007 4315 1128 4400 quodum
1152 4314 1244 4378 elutus
