3148 4938
383 239 520 292 oausam
536 239 602 292 ιιι.
616 242 648 292 ιι.
661 241 745 294 τοι.
757 243 789 293 ιι.
808 241 908 294 ussa.
921 241 1018 294 uxtx.
1214 231 1277 295 ιιι

113 357 192 436 uiat,
218 363 371 439 Emargot
383 363 467 434 deae,
492 373 521 422 et
536 363 710 442 duopeotm*
729 366 928 434 instatuatae,
953 381 1019 424 oum
1041 361 1159 426 iuterim
1175 363 1275 427 dome·
1294 378 1379 422 ιιιιιι

112 460 178 524 stioi
202 481 270 526 esse
292 461 458 526 videantur.
507 460 618 526 Verum
643 463 740 528 uultus
767 475 815 528 ιιι
837 463 1000 529 domestico
1024 464 1108 528 hoste
1131 465 1272 530 deterior.
1301 429 1334 483 'n'
1348 431 1367 474 π’

113 567 228 627 Inimici
238 569 311 628 emota
326 567 447 628 iometu's
460 587 555 628 omum
575 569 724 628 domestici
742 572 813 629 osias.
862 564 949 651 Quod
978 566 1071 652 ipsum
1091 568 1225 632 fortassis
1245 578 1275 632 et
1288 572 1376 670 tffpttslp

113 666 230 730 inistis
254 667 348 732 tooum
372 667 470 732 habet.
1327 657 1334 681 '

195 869 275 935 Nam
291 871 457 957 rapidorum
475 893 580 937 oenum
598 894 680 940 mooe
695 885 831 958 tauquam
848 875 879 938 in
895 873 1031 938 iuimioos
1047 874 1192 939 insiliunt.
1226 871 1272 939 lte
1290 875 1351 944 θαι·
1370 875 1427 933 XV,

113 994 185 1038 vero
203 973 316 1038 iactare
334 985 364 1037 ot
380 973 568 1060 interrogare
587 975 701 1040 soient:
737 973 814 1060 Quid
841 975 914 1040 diois
937 977 973 1039 de
1000 975 1045 1039 tet
1070 975 1149 1040 uttot
1193 974 1276 1041 Haeo

113 1075 248 1140 nimirum
269 1076 385 1142 ittooum
404 1078 527 1142 artificia
546 1090 632 1160 suut,
657 1080 762 1165 quibus
777 1079 860 1143 visus
878 1099 963 1144 suum
984 1078 1196 1164 simpliciorum
1212 1080 1276 1144 eoi-

113 1179 169 1242 mie
185 1178 341 1243 instillent.
387 1178 572 1265 Quamquam
593 1181 661 1267 quid
678 1182 715 1245 ad
732 1181 805 1246 Ιιιιι
825 1181 910 1246 otiioi
927 1191 1035 1266 potest,
1060 1193 1211 1268 postquam
1230 1180 1277 1246 ao
1328 1254 1335 1264 ¹

113 1279 189 1345 ottus
209 1281 370 1366 appellatus
390 1283 455 1346 ost?
499 1279 527 1348 0
546 1283 679 1348 hominos
697 1284 770 1369 apud
787 1284 964 1368 semetipsos
982 1285 1145 1369 sapientes,
1168 1294 1200 1346 ιι
1215 1283 1278 1369 opi·

114 1385 204 1448 mione
223 1404 275 1447 suo
301 1405 336 1447 ao
356 1383 456 1467 speeie
478 1394 565 1450 tenus
583 1385 707 1450 eruditi!
756 1383 833 1468 Quid
850 1395 897 1450 est
917 1387 992 1470 quod
1016 1387 1051 1450 ad
1077 1407 1184 1450 nomen
1209 1383 1277 1450 lesu

112 1485 207 1571 possit
229 1487 389 1564 accedere,
415 1485 470 1550 nisi
491 1487 639 1571 logitimus
664 1489 754 1574 patris
771 1488 866 1567 atius,
891 1485 927 1552 ab
946 1509 1039 1572 eoque
1056 1489 1216 1573 productus
1235 1489 1278 1554 di·

111 1599 214 1667 eatur,
238 1607 293 1652 neo
309 1588 367 1652 utta
384 1588 500 1652 satione
516 1590 673 1656 diversus?
717 1588 777 1656 set
796 1590 920 1658 subinde
936 1612 1002 1654 autu
1018 1591 1081 1655 risu
1099 1612 1135 1654 ao
1151 1587 1277 1656 ludibrio
1388 1661 1392 1668 ,

110 1689 157 1754 sio
175 1690 334 1755 invadunte
367 1687 524 1772 Quomodo
541 1711 559 1756 a
577 1693 632 1757 teo
650 1711 717 1760 esse
733 1695 849 1779 potestt
893 1692 979 1777 Quod
1002 1693 1027 1756 si
1053 1693 1196 1777 quispiam
1219 1692 1279 1756 soi·

110 1792 253 1872 scitetur,
286 1793 363 1858 sitne
381 1793 456 1858 fitius
482 1815 594 1875 nocuo,
626 1796 718 1860 verbo
740 1795 856 1880 quidem
882 1795 970 1859 titium
996 1814 1064 1860 esse
1085 1793 1275 1871 confitentur,

110 1896 212 1980 reipsa
229 1915 302 1960 vero
321 1915 356 1961 ιι
373 1897 520 1960 sententia
537 1910 658 1983 negant,
684 1917 809 1982 eumque
828 1898 959 1984 spurium
978 1897 1112 1975 omnino,
1137 1915 1193 1960 neo
1208 1915 1277 1982 ger-

110 2018 231 2062 manum
256 1999 399 2062 affirmare
423 1999 554 2064 student.
598 1999 677 2064 Nam
697 2000 741 2080 si,
766 1999 918 2084 inquiunt,
948 2000 1037 2063 adeo
1056 2009 1120 2078 est,
1152 2018 1277 2083 eumque

111 2100 189 2164 deus
204 2120 244 2164 ex
257 2120 325 2164 seso
343 2101 462 2184 genuit,
486 2101 541 2166 hoo
558 2114 605 2166 ost
621 2103 738 2190 propria
756 2123 797 2168 ex
816 2102 966 2188 hypostasi
985 2112 1036 2166 aut
1053 2101 1204 2180 essentia,
1229 2101 1276 2166 oet

111 2214 230 2268 tumore
254 2203 398 2267 distentus
421 2214 484 2282 est,
518 2204 565 2268 vel
589 2215 706 2284 scotus,
740 2206 788 2270 vel
812 2206 842 2270 iu
867 2204 1037 2289 generando
1065 2203 1204 2268 dilatatus
1228 2215 1278 2268 aut

111 2315 284 2370 contractus
300 2317 358 2385 est,
377 2316 429 2370 aut
444 2305 571 2390 utiquam
588 2328 689 2372 earum
702 2306 890 2396 effectionum
904 2325 978 2390 quae
993 2306 1126 2389 eorporis
1141 2305 1278 2389 propriae

110 2418 185 2471 suut
197 2406 375 2472 sustinuisse
395 2408 537 2473 dicendus
553 2420 610 2472 ιιι.
657 2406 718 2474 seu
744 2409 857 2473 uidioaii
886 2408 970 2494 plane
992 2418 1078 2485 suut,
1102 2407 1170 2470 dum
1194 2417 1279 2471 uatu-

110 2530 177 2574 eem
198 2530 282 2574 suam
303 2531 339 2573 ao
361 2511 558 2576 oooditiouem
584 2511 613 2574 iu
635 2512 720 2574 deum
744 2511 944 2590 transierunt,
969 2528 1094 2592 eumque
1113 2528 1154 2572 ex
1170 2507 1278 2594 seipsis

110 2613 227 2696 fingere
252 2621 281 2675 et
307 2613 482 2677 adumbrare
509 2624 665 2678 oonautuo.
719 2610 802 2678 Nihil
827 2613 903 2676 euim
930 2612 1009 2675 inest
1033 2610 1155 2674 istarum
1179 2631 1278 2674 rorum

110 2715 190 2794 deo,
213 2714 396 2800 quiquidem
418 2717 538 2802 spiuitus
562 2727 626 2794 est,
660 2725 690 2780 et
712 2713 892 2800 unigenitum
914 2713 1003 2778 titium
1024 2734 1134 2778 aroana
1155 2714 1278 2799 quadam

110 2815 231 2881 ratione
255 2821 410 2904 genuerit,
436 2839 510 2904 quae
529 2839 584 2883 neo
609 2817 752 2903 euplioori
775 2817 875 2882 verbis
902 2817 995 2902 possit
1021 2835 1077 2882 neo
1100 2816 1278 2902 cogitatione
1398 2855 1401 2863 ι

111 2919 342 3006 eompreheudi,
366 2933 396 2986 et
412 2921 449 2986 ab
466 2920 545 2986 omui
570 2920 634 2994 iatm¹
651 2941 686 2983 eo
708 2920 823 2986 maouta
847 2919 1044 2984 remotissima
1067 2919 1118 2982 sit.
1166 2917 1278 2984 Verum

110 3021 245 3103 instant,
268 3033 314 3103 ιι,
349 3020 384 3090 Si
402 3043 442 3086 ex
463 3023 573 3110 ipsius,
606 3021 756 3108 inquiunt,
788 3022 918 3087 essentia
941 3020 1100 3104 prodierit,
1132 3022 1279 3105 quomodo

111 3121 216 3188 iudicii
236 3125 314 3189 diem
332 3136 363 3190 et
386 3125 506 3205 hosam,
540 3136 571 3190 ut
596 3125 660 3212 ipse
677 3134 820 3205 testatur,
845 3123 980 3209 ignorat?
1022 3128 1066 3186 De
1084 3125 1146 3198 de'e,
1172 3122 1430 3207 inquiam-ratem

112 3229 170 3288 etto
188 3238 218 3287 ot
239 3229 310 3290 toro
334 3233 525 3302 sermonumt,
550 3250 640 3310 neque
656 3231 770 3308 angeli,
794 3249 885 3308 neque
892 3229 995 3308 filius,
1019 3227 1169 3290 ne'se'eoius
1181 3237 1275 3306 potor.

111 3327 166 3396 Ad
182 3329 254 3394 baeu
272 3330 297 3394 si
319 3349 359 3394 ex
378 3340 460 3415 patre
478 3341 540 3410 est,
565 3331 711 3414 quomodo
731 3329 884 3396 descendit
900 3329 935 3392 ad
957 3331 1098 3394 caruem?
1131 3336 1182 3392 aut
1204 3347 1279 3412 quae

111 3431 196 3496 nulla
212 3452 245 3496 ιι
263 3432 327 3518 oapi
346 3431 550 3517 ooutinerique
573 3441 679 3496 ustum
702 3442 816 3517 potest,
841 3452 960 3496 earnem
978 3430 1091 3510 induit,
1115 3431 1141 3494 si
1158 3441 1278 3494 natura·

110 3533 187 3598 liter
208 3554 225 3598 a
248 3545 332 3619 patre
355 3533 519 3620 prooessit?

203 3633 269 3700 Neo
286 3638 356 3702 tttuu
374 3637 557 3722 intelligunt,
582 3646 689 3722 quauta
714 3655 766 3699 sua
790 3655 855 3700 oum
873 3635 992 3699 infamia
1014 3633 1180 3700 istiusmodi
1199 3633 1278 3718 oogi·
1292 3637 1434 3707 ospxw.

50 3819 68 3832 ·
112 3738 247 3805 tutiouee
266 3737 439 3825 suscipiant.
476 3737 555 3804 Nam
570 3739 596 3803 si
613 3747 732 3824 propiet¹
748 3758 782 3800 ιι
800 3738 875 3822 quod
893 3759 909 3800 a
927 3736 1018 3822 patm's
1035 3735 1166 3800 essentia
1183 3735 1280 3799 diver·

109 3861 170 3908 sus
187 3851 232 3904 est
253 3861 372 3906 ιιιιιιι
395 3842 528 3907 induisse
545 3842 668 3919 dieitur,
701 3841 730 3903 iu
748 3859 841 3924 eaque
862 3859 966 3925 pessus
987 3849 1018 3902 et
1042 3838 1122 3902 ouuei
1139 3837 1279 3915 suffixus,

109 3943 208 4010 velim
230 3943 299 4008 ittut
320 3944 406 4009 uobis
423 3945 596 4022 ostendant,
626 3962 770 4027 quaenam
794 3961 832 4005 ex
851 3940 1032 4027 spiritalibus
1055 3939 1200 4006 creaturis
1223 3938 1281 4002 alia

109 4050 202 4132 (esse
229 4046 307 4110 euim
334 4047 473 4131 quasdam
500 4067 557 4111 nou
580 4045 697 4109 dubium
722 4043 782 4125 est)
813 4063 932 4107 carnem
958 4043 1127 4128 sumpserit.
1172 4037 1280 4124 Neque

108 4147 197 4216 onim
216 4147 341 4212 iotioiaei
365 4161 489 4233 possunt
512 4149 600 4214 titium
624 4146 768 4232 dignitate
789 4143 911 4229 reliquis
933 4144 1069 4208 omuibus
1087 4142 1278 4207 antecellere.

109 4251 166 4316 Ao
184 4250 300 4315 tametsi
318 4260 483 4316 ereaturam
501 4249 580 4316 ittam
600 4270 668 4315 esse
688 4249 804 4327 disant,
829 4245 1017 4311 nihilomiuus
1034 4245 1170 4312 omuibus
1187 4244 1281 4330 ipsum

153 4472 216 4524 Cae.
228 4471 299 4524 xvt
316 4497 351 4512 -
387 4474 409 4525 l.
429 4465 500 4543 αὐτῷ
520 4473 685 4537 automata.

175 4553 266 4612 corpo·
279 4551 416 4598 Homomot.
430 4551 459 4599 11.
473 4555 493 4600 ι
1038 4558 1079 4621 39
