3116 4934
236 228 243 247 '
360 260 496 313 raanan
513 261 622 312 uram.
639 259 721 313 rou.
736 261 755 310 ι.
772 259 872 314 naun.
886 259 955 312 uxr.
1180 249 1239 312 197

93 381 164 444 enim
182 379 218 444 do
236 377 409 444 haeresibus
428 379 602 466 reeipimus,
626 379 815 465 quarumdam
834 401 888 444 nos
908 381 1022 446 radices
1040 403 1073 444 ao
1093 381 1239 466 dogmata,

92 495 136 548 aut
152 482 258 567 aliquid
274 505 375 546 eornm
392 503 469 567 qnae
484 483 521 546 ab
538 483 595 546 illis
613 483 676 546 lieri
698 483 795 546 solent
816 503 884 546 esse
903 495 1093 562 narraturos,
1118 484 1241 550 aliarum

92 607 157 648 vero
175 584 293 649 nomine
312 595 398 648 tenua
415 585 591 650 mentionem
613 605 680 649 esse
699 587 841 650 lnoturos.
877 581 972 648 Porro
988 585 1241 671 quantnm‘dirina

93 688 170 752 uobis
186 709 243 772 ope
259 687 463 773 praesidioque
481 708 654 752 conoessum
675 698 722 751 ost
739 686 873 750 omuibus
891 687 925 750 etl
945 687 1018 750 hano
1036 709 1128 771 usque
1151 689 1241 752 sertis
1310 673 1316 682 ⁰

93 791 251 876 expositis,
275 790 401 871 nullam,
427 790 482 854 lrao
497 801 640 876 excepta,
664 789 915 875 praetermisimus
932 809 1015 873 quam
1033 811 1090 852 non
1107 791 1242 854 oratione

92 893 316 956 declararemus.
364 889 423 956 Sed
443 893 548 956 aeuidit
568 895 695 956 sortasse
718 901 750 955 ut
767 913 831 954 oum
850 889 932 954 brevi
950 890 997 954 illa
1022 903 1153 976 ternpore
1175 913 1243 956 sese

90 995 250 1058 insolenter
265 994 440 1072 extulisset,
465 1015 499 1058 ae
521 1003 670 1079 postremo
689 995 842 1070 desiisset,
867 992 938 1056 nibil
957 993 993 1056 de
1014 993 1076 1078 ipsa
1094 995 1166 1058 nerti
1189 1014 1243 1058 ex·

90 1097 248 1182 ploratique
268 1095 419 1181 percipere
443 1116 608 1181 possemus.
657 1093 758 1180 ltaque
776 1093 840 1158 sola
865 1095 929 1158 eius
949 1095 1142 1180 appellatione
1165 1098 1243 1160 nele-

89 1201 157 1262 riter
180 1198 411 1284 comprehensa,
443 1217 538 1283 eoque
563 1197 697 1276 nomine,
728 1197 811 1260 velut
835 1195 969 1262 abortivo
996 1199 1119 1281 quodam
1148 1200 1240 1278 laetu,

90 1301 189 1380 innoti,
213 1300 268 1364 boo
284 1302 349 1364 loeo
365 1300 575 1384 praetermisso
590 1297 624 1363 ad
643 1298 882 1384 contemplandas
898 1309 1013 1362 reterns
1028 1299 1154 1388 anirpum
1171 1321 1242 1363 oon-

90 1413 247 1466 vertemus.
294 1399 397 1486 ltaque
414 1401 537 1487 primurn
554 1402 589 1464 ab
607 1401 811 1465 universitatis
826 1401 942 1465 domino
961 1401 1187 1486 postulabimus,
1210 1413 1243 1466 ut

89 1508 189 1569 adesse
207 1505 293 1569 nobis
311 1505 392 1582 velit,
418 1516 447 1567 et
466 1515 497 1568 ut
513 1524 587 1588 quae
604 1503 678 1588 apud
696 1503 761 1568 illos
777 1504 849 1567 liunt
866 1504 975 1588 exigno
991 1514 1078 1588 atque
1096 1485 1243 1568 imbecillo

89 1609 204 1692 ingenio
219 1617 323 1671 nostro
337 1605 495 1670 subiioiens
512 1605 652 1670 universa
669 1626 722 1668 nos
735 1627 821 1690 quam
838 1606 1057 1670 accuratissime
1073 1608 1240 1693 perdoceat,

89 1733 142 1794 quo
161 1721 192 1772 et
209 1731 265 1774 uos
281 1710 360 1795 ipsos
375 1719 406 1773 et
420 1719 537 1773 eeteros
551 1709 669 1772 erudire
686 1709 842 1792 possimus,
868 1708 908 1772 uti
926 1730 991 1772 oum
1006 1709 1081 1772 mala
1098 1707 1240 1788 devitent,

89 1823 143 1876 tum
159 1813 189 1875 in
207 1811 264 1890 bis,
289 1832 363 1896 quae
381 1811 457 1876 boue
476 1831 510 1874 an
528 1809 645 1874 veritati
661 1810 788 1874 maxime
808 1819 1005 1874 consentanea
1022 1821 1103 1891 suut,
1128 1813 1239 1878 lirmam

87 1915 114 1977 in
136 1915 193 1978 deo
214 1913 401 1978 stabilitatem
424 1932 458 1976 nn
481 1913 674 1977 constantiam
698 1912 859 1976 obtineant.

294 2151 594 2230 ADVERSUS
622 2151 1038 2252 arosroulcOS,

414 2274 561 2349 haeresis
586 2271 700 2366 XLL,
726 2273 797 2388 sire
822 2273 916 2348 LXI.

169 2427 231 2491 Alii
249 2427 408 2491 seeundum
428 2426 494 2490 illos
513 2426 568 2490 diei
589 2447 621 2489 se
641 2425 830 2511 Apostolioos
848 2425 1021 2508 voluerunt,
1046 2429 1093 2512 qui
1114 2438 1144 2491 et
1158 2427 1240 2513 Apo·
1259 2433 1318 2502 cap.
1332 2436 1349 2482 t.

89 2529 228 2607 teotieos,
254 2529 309 2593 boo
331 2527 623 2594 estllenuntiatores
645 2529 759 2614 seipsos
778 2529 941 2593 nominant.
987 2527 1052 2592 lloe
1075 2529 1152 2592 enim
1176 2529 1240 2593 dili·

86 2645 192 2717 genter
214 2631 392 2710 observant,
416 2652 453 2695 ne
469 2632 621 2717 quiequam
642 2631 821 2717 possideant.
866 2629 957 2694 lidem
976 2653 1098 2716 porroa
1118 2631 1240 2696 Tatiaoi

86 2734 268 2820 dogmatibus
286 2733 366 2798 velut
380 2734 534 2798 avulsione
549 2736 671 2820 quadam
688 2735 855 2821 propagati,
879 2735 934 2798 hoo
951 2745 997 2798 est
1011 2735 1046 2798 ab
1063 2733 1238 2813 Enorutitis,

87 2837 225 2902 'lationis
243 2846 274 2900 et
291 2832 447 2916 Catharis,
471 2837 520 2921 qui
537 2857 639 2900 omnes
659 2839 814 2924 praecipue
836 2839 931 2922 legam
957 2837 1111 2922 repudiant
1133 2837 1241 2901 babent

84 2941 124 3004 illi
144 2941 264 3004 diversa
281 2959 298 3001 a
316 2939 426 3002 nostris
449 2950 634 3003 sacramenta
652 2949 738 3023 atque
754 2941 907 3026 mysteria.
953 2936 999 3002 De
1021 2939 1118 3023 iuopia
1141 2959 1238 3002 rerum

86 3043 214 3106 omniurn
231 3039 406 3124 glorientur,
431 3063 466 3104 oo
482 3051 698 3106 saerosanotenr
720 3041 767 3104 dei
786 3041 941 3106 eeclesiam
964 3041 1116 3127 adscititiis
1137 3060 1241 3125 super·

86 3145 254 3208 stitiouibns
270 3155 381 3208 temere
398 3144 531 3208 dividunt
546 3165 581 3208 ao
599 3142 792 3223 labefactant,
816 3154 845 3206 et
862 3165 878 3206 a
895 3143 992 3206 divina
1010 3141 1166 3206 elementia
1186 3161 1240 3205 ex·

87 3248 197 3311 sidunt.
243 3244 349 3330 Neque
366 3247 444 3309 anim
462 3267 528 3310 oum
544 3245 592 3329 qni
608 3244 699 3308 semel
717 3246 868 3331 prolapsus
887 3245 926 3308 sit
942 3244 1087 3328 reoipiuut
1103 3245 1238 3330 amplius,

87 3359 172 3433 atque
187 3349 289 3412 eadem
305 3349 424 3412 omnino
441 3349 476 3412 de
493 3346 601 3432 nuptiis
619 3347 786 3432 ooterisque
803 3349 830 3410 id
846 3367 940 3431 genus
958 3369 1024 3410 eom
1040 3347 1240 3433 superioribus

88 3449 144 3514 illis
161 3450 303 3514 sentiunt.
350 3445 483 3534 Cumque
501 3445 622 3514 Cathari
644 3450 772 3536 reoeptis
796 3452 939 3514 duntaxat
958 3447 1112 3535 seripturis
1134 3448 1241 3514 adbae-

89 3561 223 3629 reseant,
251 3553 299 3615 isti
319 3551 458 3616 Andreae
482 3573 516 3614 ao
539 3549 676 3615 Thomae
699 3551 750 3634 (ita
774 3552 993 3636 enimvooant)
1015 3551 1103 3616 Antis
1124 3549 1241 3636 potissi·

88 3675 164 3718 ιιιιιιιι
187 3654 332 3734 nituntur,
356 3663 480 3738 suntque
503 3653 539 3716 ab
562 3653 707 3718 eeclesiae
729 3655 829 3738 regula
852 3675 972 3740 prorsus
995 3653 1094 3718 alieni.

169 3755 249 3822 Nam
273 3755 300 3820 si
325 3755 534 3820 abominandae
556 3767 626 3820 sunt
649 3756 783 3843 nuptiae,
807 3756 910 3842 impuri
927 3757 1010 3842 plane
1031 3756 1071 3820 illi
1094 3754 1148 3839 ipsi
1171 3765 1237 3818 stunt

87 3861 134 3944 qai
157 3881 175 3924 e
200 3857 311 3945 nuptiis
332 3859 474 3943 originem
499 3869 667 3922 traxerunt.
713 3859 759 3922 Ao
783 3860 809 3922 si
834 3859 959 3924 ecelesia
980 3858 1026 3921 dei
1048 3878 1089 3921 ex
1110 3855 1147 3920 iis
1168 3857 1240 3921 solis

86 3973 202 4026 onustat
225 3961 274 4047 qui
293 3962 401 4046 nuptiis
422 3962 646 4040 renuntiarunt,
671 3981 765 4047 neque
785 3963 919 4047 nuptiae,
944 3980 1038 4045 neque
1060 3969 1150 4022 totum
1174 3981 1240 4045 pro-

85 4066 236 4150 pagandae
260 4064 371 4128 sobolis
390 4064 539 4148 negotium
559 4083 598 4128 ex
616 4065 671 4128 deo
688 4073 744 4128 est.
789 4059 889 4144 Quare
907 4073 938 4126 et
955 4061 1009 4146 ipsi
1028 4081 1093 4124 eum
1112 4061 1237 4126 indidem

85 4167 148 4230 nati
163 4168 235 4245 siut,
259 4187 277 4230 a
292 4167 347 4231 deo
362 4177 449 4230 eruut
463 4165 563 4230 alieni.
596 4163 690 4249 Quem
706 4162 796 4248 igitur
810 4164 905 4228 lorum
922 4161 1039 4228 babebit
1054 4162 1137 4244 illud,
1162 4169 1239 4245 Quae
1251 4190 1390 4244 nunrqr.

116 4351 142 4406 4.
161 4357 279 4417 namen
293 4350 343 4422 δὴ,
368 4357 448 4406 tnutttr
461 4355 556 4418 qurum
572 4328 646 4416 tibris,
679 4355 819 4416 rertmurom
832 4348 1028 4419 Ἐγιιριιτητῶι,
1051 4355 1081 4402 ob
1096 4347 1241 4420 Έγκρατη-

83 4427 125 4485 qut
143 4425 257 4486 ριιιὼιιιι
273 4421 310 4477 δὲ,
328 4411 337 4438 ”
682 4415 739 4487 arla,
756 4437 816 4484 qum
827 4427 919 4473 uetusto
932 4427 965 4474 ert
978 4435 1007 4474 oo
1023 4425 1126 4487 penulas
1140 4424 1240 4474 oomnis

120 4491 180 4542 Gar.
198 4493 216 4542 l.
240 4519 276 4532 -
317 4493 339 4546 1·
365 4493 426 4544 Alibi
446 4494 537 4554 passim
558 4493 651 4544 nunno
682 4491 766 4552 summ.
