3154 4930
397 223 533 276 rinnau
549 223 613 276 urs.
625 225 657 276 n.
674 223 756 278 ross.
769 225 801 278 u.
818 223 917 278 suun.
930 223 1023 276 uxvr.
1223 211 1284 278 dtu

128 341 254 419 mdo,
277 341 329 406 sed
348 341 383 408 dc
401 343 542 408 eunuchis
561 344 703 410 duntaxat
714 343 888 410 instituitur.
924 341 1036 408 Verum
1051 354 1083 406 ut
1099 343 1154 408 hoc
1168 343 1284 422 demus,

128 443 169 506 ad
186 443 279 528 ipsius
303 445 464 510 doctrinm
481 445 588 510 dictust
607 447 676 511 illud
699 457 850 532 spectares
882 449 949 509 Nos
965 467 1059 508 omas
1074 452 1204 529 copsbnt,
1230 446 1286 532 igi·

130 553 181 608 tur
198 545 224 608 si
242 547 450 633 nuncapium,
474 568 514 612 ex
531 548 648 635 propria
666 549 755 614 animi
769 549 917 614 sententis
932 569 990 612 nun
1008 548 1137 632 cupiunt.
1183 544 1285 632 Quare

129 645 216 712 laudo
237 660 290 714 aut
312 650 457 736 ritupcric
477 650 556 736 digni
576 671 615 714 cu
634 651 792 716 voluntatis
814 671 886 715 susc
908 649 1044 714 libertato
1058 650 1209 728 dicentur,
1233 669 1285 714 uc·

129 769 189 834 pse
208 771 249 814 rx
261 761 364 816 natura
383 753 529 838 capacitas
546 753 595 818 illa
611 752 735 838 peteuda
753 753 860 831 luerit3
882 743 990 837 alioqui
1006 751 1073 837 quid
1089 750 1283 835 praedicanda

128 851 264 918 doctriua
283 874 335 917 sua
356 855 529 939 pollueret?
573 853 685 920 Verum
705 854 913 919 nihilomnino
932 854 1020 932 dicit,
1052 851 1284 938 quandoquidem

129 975 192 1018 nnn
213 955 249 1018 ad
267 956 447 1036 doctrinam,
478 957 530 1020 sed
552 958 588 1021 ad
609 957 756 1044 spsduucs
776 958 933 1022 saluatoris
956 956 1003 1022 ille
1024 975 1121 1020 sermo
1145 954 1284 1040 pertinet.

127 1055 179 1119 Ac
196 1058 312 1122 umetsi
333 1059 369 1122 de
385 1059 517 1123 doctrina
541 1059 728 1144 loqueretur,
761 1081 819 1124 noc
845 1070 941 1124 tumen
965 1070 1044 1122 stare
1066 1069 1168 1144 posset
1184 1053 1284 1122 Mani·

128 1157 213 1222 chari
232 1159 319 1226 ratic.
364 1160 484 1226 Atcnim
499 1159 710 1240 Manichacus,
735 1159 887 1242 Noverat,
911 1161 1020 1245 inquit,
1044 1169 1174 1226 unsuns.
1215 1163 1286 1222 Orco
1310 1155 1393 1262 {ffi-

1 1333 2 1357 3
127 1266 203 1324 na'ss
224 1277 568 1344 arremarensibus,
593 1278 773 1346 adcognosco
790 1286 854 1328 oues
870 1285 954 1326 meus.
1002 1259 1063 1326 Seu
1082 1261 1189 1345 ubique
1202 1279 1285 1326 meu·

1 1459 2 1462 Ἴ
127 1361 212 1428 titur.
257 1363 336 1431 Nam
360 1385 425 1428 cum
445 1387 484 1430 es
501 1386 602 1430 eorum
619 1386 758 1447 numero,
782 1367 831 1450 qui
850 1378 909 1430 tum
927 1366 968 1429 illi
988 1363 1177 1448 disputationi
1198 1381 1284 1449 prae·

126 1475 231 1530 scutrs
251 1468 391 1546 aderant,
423 1469 587 1554 quempiam
608 1469 698 1534 uellet
720 1489 772 1554 per
795 1469 983 1533 ambitionum
1009 1487 1044 1530 sc
1060 1466 1214 1531 blanditias
1238 1484 1287 1530 ra·

128 1587 219 1653 perc,
250 1569 413 1635 istiusmodi
439 1571 561 1636 uocibus
584 1582 631 1634 est
655 1591 743 1650 usus,
776 1591 810 1634 ac
834 1570 915 1634 velut
941 1590 1039 1634 esurus
1064 1579 1095 1633 et
1118 1567 1286 1632 illecebram

1 1646 3 1674 ἱ
127 1671 275 1756 aspersit,
307 1683 340 1736 ut
361 1673 415 1738 hac
438 1673 479 1738 illi
499 1673 667 1738 adulatione
689 1675 725 1736 ad
751 1672 816 1737 eius
835 1693 868 1736 se
886 1672 1058 1738 societatem
1075 1680 1285 1756 aggregarent,

126 1784 162 1838 ut
179 1793 245 1837 cum
260 1775 387 1840 adiuncti
404 1785 522 1855 essent,
545 1775 666 1858 gloriari
685 1796 718 1841 ac
732 1776 843 1840 iactura
859 1784 960 1860 posset
977 1795 1010 1840 se
1026 1773 1105 1853 illus,
1130 1783 1286 1858 antequam

1 1864 2 1882 .
125 1875 165 1940 sd
182 1895 214 1938 se
230 1877 377 1958 venirent,
401 1877 537 1962 cognitos
555 1876 704 1942 hahuisse.
739 1874 799 1943 Sed
818 1877 894 1942 idern
912 1877 952 1940 illi
968 1876 1092 1960 contigit
1108 1875 1185 1960 quud
1196 1873 1287 1960 Apol·

1 1961 3 1980 ’
127 1977 183 2042 liui
200 1980 275 2057 rati,
299 1980 366 2065 qui,
399 1992 431 2044 ut
449 1991 495 2044 esl
512 1981 541 2044 iu
561 1979 744 2044 Graecorum
762 1979 867 2044 labulis
885 2001 950 2044 cum
972 1978 1038 2044 aliis
1055 1980 1151 2044 lutura
1173 1976 1288 2064 praedi·

1 2085 3 2092 '
125 2092 227 2160 curet,
251 2081 306 2146 sibi
325 2082 383 2168 ipsi
399 2104 456 2146 non
478 2083 654 2168 praesagiit,
678 2083 731 2147 ssd
746 2103 800 2147 suo
816 2081 908 2166 ipsius
923 2082 1044 2146 oraculo
1061 2079 1210 2146 fraudatus
1228 2089 1286 2160 cst,

1 2171 2 2178 ἵ
125 2204 195 2248 cun
214 2183 327 2248 scilicet
344 2182 484 2271 Daphnes
500 2206 600 2250 aruorc
617 2185 746 2270 flagrans
761 2184 798 2248 ub
819 2185 882 2248 eius
900 2185 1066 2248 castitstcns
1085 2203 1204 2270 compos
1219 2203 1288 2248 essc

125 2307 189 2348 nou
209 2287 313 2370 putuit.
362 2283 406 2351 lta
429 2285 623 2352 Manichacus
648 2307 712 2352 cum
732 2307 765 2350 se
786 2307 856 2350 suos
882 2307 971 2350 uossc
993 2286 1222 2366 vaticinaretur,
1252 2306 1288 2350 ac

1 2377 2 2388 ¹
123 2383 264 2452 Marcelli
284 2390 419 2475 captandi
439 2389 533 2474 pretia
552 2392 700 2468 venisset,
732 2411 786 2454 sua
805 2389 885 2456 illurn
909 2390 1049 2452 lrustrnta
1068 2387 1209 2452 divinatio
1228 2397 1284 2452 est.

123 2487 208 2556 Nam
223 2511 318 2575 nequa
330 2487 484 2570 Marcello,
502 2512 597 2577 neque
613 2492 697 2556 alteri
717 2490 851 2576 cuiquam
869 2511 922 2576 per
936 2491 1006 2556 illud
1021 2501 1136 2576 tempus
1152 2491 1287 2574 dogmata

121 2613 182 2656 suu
205 2593 329 2678 probare
351 2595 454 2680 potuit.

212 2693 391 2774 Praeterea,
414 2695 530 2775 Neruo,
555 2697 649 2782 inspuit
670 2694 737 2775 ille,
766 2697 871 2782 priscis
891 2695 1071 2781 temporibus
1089 2695 1213 2760 salutern
1235 2693 1287 2759 sl·
1322 2716 1382 2782 cup.

1 2795 2 2798 ¹
122 2809 297 2883 eplorant,
330 2799 386 2862 nisi
412 2799 448 2863 uh
465 2821 544 2866 auno
560 2799 672 2867 dccinsu
689 2799 790 2883 quinto
810 2797 926 2864 Tiberii
945 2793 1085 2864 Caesuns
1105 2798 1141 2865 al
1159 2807 1285 2862 aetatem
1305 2783 1426 2836 mlx·

2 3207 4 3221 ¹
118 3208 268 3274 stolorum
287 3207 397 3293 scripta
412 3208 615 3288 rnurninerintp
646 3211 706 3274 imo
721 3220 750 3272 et
769 3210 903 3274 dominus
923 3209 1003 3294 ipse,
1032 3213 1215 3290 Requhctem
1241 3207 1286 3272 iu·
1310 3215 1395 3262 Msttt

122 2920 222 2986 usquc
237 2919 338 2978 susm,
362 2923 438 2987 quse
456 2902 485 2964 in
501 2898 590 2966 Probi
609 2911 640 2964 et
657 2902 856 2966 antecessoris
874 2901 1028 2966 Aureliani
1044 2900 1198 2985 imperium
1215 2897 1288 2964 inci·

121 3003 187 3081 cir,
212 3003 265 3068 sub
283 3003 387 3088 quihus
404 3001 599 3068 Manichacus
617 3003 705 3068 visit.
752 3001 786 3070 lu
811 3025 869 3088 quo
891 3025 994 3069 rursus
1012 3003 1214 3089 explodendas
1236 3021 1287 3066 uc·

120 3105 187 3183 uit,
211 3127 275 3170 euru
294 3106 329 3168 de
351 3107 449 3172 multis
467 3106 535 3170 olim
553 3107 676 3170 salutem
695 3105 840 3172 assecutis
865 3118 921 3171 tarn
941 3106 1087 3190 evangelii
1107 3127 1193 3190 quarn
1216 3125 1287 3190 upo-

119 3311 207 3397 qull‚
229 3313 265 3374 uh
283 3315 337 3372 hur
349 3316 534 3391 gerrerutiune
553 3317 672 3392 sanguis
695 3317 785 3374 omnis
800 3317 909 3387 surdus,
934 3318 986 3394 qui
998 3313 1109 3397 effusus
1125 3324 1201 3373 ata
1220 3329 1287 3374 sun·
1313 3269 1348 3326 η’
1362 3269 1395 3316 ⁸

114 3418 214 3496 garire
230 3416 308 3476 Ahrl
320 3419 404 3487 s'uru',
430 3435 517 3496 usquc
534 3417 573 3474 ud
586 3419 751 3494 sanguninem
767 3417 943 3489 Zucdurrhc,
969 3420 1021 3495 pus'
1032 3415 1142 3499 effusus
1156 3425 1200 3476 cst
1213 3417 1288 3474 s’nler

118 3517 257 3596 mlum
280 3527 311 3576 rt
332 3519 434 3578 ultore.
483 3512 621 3580 Potuitne
647 3516 742 3580 iustus
761 3515 837 3580 Abel
860 3527 912 3582 aut
928 3515 1089 3580 Zacharias
1112 3535 1197 3595 csse,
1230 3513 1286 3578 uisi

117 3619 184 3682 iaus
205 3627 263 3680 tum
289 3615 369 3685 salus
391 3619 554 3703 comparari
580 3617 741 3703 potuisset,
772 3618 1000 3702 namquelepra
1024 3639 1060 3687 ac
1080 3619 1286 3705 prophatarum

118 3719 270 3785 bensheio
286 3719 448 3786 trihucrctl
477 3717 641 3806 Propterea
656 3720 795 3806 scriptum
815 3732 877 3799 cst,
900 3725 1039 3801 llegnuus't
1053 3743 1128 3784 nors
1146 3724 1286 3784 ulAdnru
1299 3743 1395 3800 nans,
1409 3741 1440 3788 ss.

117 3827 267 3904 usquead
284 3829 425 3903 Moysen,
460 3833 492 3886 ut
510 3822 656 3908 intelligas
682 3843 848 3910 repressam
874 3823 903 3888 iu
923 3819 1032 3910 Moyse
1057 3834 1179 3889 mortem
1204 3843 1285 3900 esse,

117 3947 186 3992 non
205 3925 323 3990 omnino
343 3926 525 3991 restinctum.
551 3924 739 4012 Expectahat
755 3927 860 4013 quippe
875 3941 1143 3992 cunsummstorem
1159 3925 1289 3990 omnium

118 4027 243 4106 lesum,
274 4027 368 4092 donec
386 4049 441 4113 pro
464 4027 589 4094 humano
614 4049 683 4094 sese
707 4049 818 4113 gruere
842 4041 947 4115 sponte
970 4029 1118 4108 traderet,
1148 4039 1236 4113 atque
1259 4037 1290 4092 st

116 4187 149 4236 tr‘t
163 4181 266 4233 suimus.
294 4185 323 4233 ll
337 4185 472 4246 tauroque
488 4185 549 4234 cdr'to
563 4189 627 4233 snut
640 4185 688 4246 ψυ·
722 4197 752 4233 cn
767 4185 842 4268 lth'rls·
858 4197 931 4235 nscnu
953 4188 1065 4236 usuratu
1102 4185 1213 4236 laeditis
1227 4185 1289 4235 ruulr

114 4249 182 4372 κήξ..
201 4313 271 4386 αὐτῷ
290 4321 467 4370 rodanone
487 4322 574 4384 edor-
611 4313 689 4374 αὐτοῦ
722 4257 930 4372 mlllllllculurn
946 4317 966 4387 η’
982 4325 1072 4374 reditui
1087 4337 1117 4374 ru
1134 4324 1200 4374 ls'hsa't
1214 4337 1269 4374 mss

113 4391 157 4442 ed.
180 4391 269 4439 runc·
757 4385 782 4439 3.
800 4383 919 4443 dscsc'rru
934 4393 970 4442 cd
1020 4393 1061 4444 'uc

157 4455 212 4506 cnr
228 4455 351 4507 Lxxrx.
375 4485 407 4496 -
446 4457 468 4508 l.
486 4451 563 4511 αὐτοῦ
581 4459 690 4508 rwocuus'
757 4455 783 4510 l.
801 4459 914 4522 Suspicor
933 4453 982 4514 uir
997 4477 1017 4514 s·
1053 4453 1219 4516 leandrus
1245 4461 1286 4514 dt·
