3186 4928
372 268 777 326 rnuaaunm.n.ront.1t.
794 269 893 322 narn.
906 271 988 322 axv.
1138 264 1144 273 '
1198 257 1260 323 387

110 391 163 455 buo
180 391 281 456 verbis
303 393 469 478 praeditus,
499 403 587 476 atque
611 391 646 455 ad
672 391 826 455 humanam
843 411 876 453 se
894 389 1120 454 imbecillitatem
1144 411 1260 454 areom-

111 494 244 572 modsas,
266 515 324 578 quo
340 495 453 560 taedius
470 494 581 559 nostris
598 494 688 558 veluti
706 493 841 558 sensibus
858 491 988 570 obiiciat,
1013 513 1048 556 ae
1066 513 1118 578 per
1133 513 1167 556 ea
1186 511 1259 576 qaae

110 596 138 658 in
162 595 248 660 nobis
270 598 342 660 bunt
366 597 456 661 fliium
478 619 562 660 suurn
590 597 771 660 demonstret
795 618 811 660 a
838 616 871 659 se
895 616 1000 660 revera
1027 615 1095 658 esse
1116 596 1259 679 genitum,

12 759 13 762 ,
112 700 195 762 deuna
215 719 255 764 ex
276 700 348 779 deo,
372 700 458 764 deam
477 719 581 764 verum
598 700 633 764 de
650 700 705 763 deo
722 721 813 777 vero,
838 717 895 761 non
916 698 1104 762 extrinsecus
1125 697 1259 775 ueritum,

12 847 13 866 t
111 801 161 864 sed
185 801 332 888 exipsius
351 802 514 866 substantio
532 821 739 888 progressum,
763 801 916 884 sicigitur
939 801 1012 888 apud
1030 797 1171 863 Davidem
1196 821 1262 884 pro·

12 949 13 964 t
113 905 244 968 nuntiate
269 909 317 966 Ea
333 915 413 966 atero
430 917 496 966 onte
511 905 674 988 Laeiserum
689 909 781 986 genai
792 916 829 978 te,
853 903 895 966 uti
911 899 1102 988 Septuaginta
1118 901 1311 986 interpres..
1327 923 1373 983 ma,
1386 925 1407 967 s.

12 1019 14 1070 2
112 1017 219 1070 tantur.
265 1005 315 1072 Ex
330 1007 395 1070 abiis
414 1017 511 1070 autem
530 1007 691 1070 editoribus
709 1005 815 1090 Aquita
833 1007 871 1068 ita
889 1005 1000 1069 reddita
1031 1007 1079 1067 Ab
1093 1017 1172 1067 atrro
1188 1007 1262 1066 ditu-

12 1143 15 1174 r
111 1113 175 1172 roto
193 1115 318 1172 errrtoto
340 1111 394 1170 tr'br'
406 1131 455 1170 ros
469 1113 610 1190 puen'tr'oe
628 1122 710 1186 ιιιιιες
735 1107 929 1194 Symmachus
948 1129 1054 1193 porro:
1086 1111 1168 1170 Velut
1188 1109 1262 1168 dr'la·

13 1273 14 1276 ,
111 1215 175 1274 rulo
192 1217 269 1273 rort's
284 1217 413 1274 tarentas
429 1224 496 1287 ινα,-
521 1209 690 1275 ΤΙιεοιιοΙίο
711 1231 800 1274 vero:
831 1215 880 1272 Er
902 1223 982 1273 utero
1001 1232 1019 1273 o
1039 1215 1174 1274 motutrbo
1195 1222 1262 1272 ten·

107 1335 180 1396 pore
195 1319 347 1376 r'aoenmn'r
364 1327 445 1390 aeae,-
470 1324 501 1376 at
517 1315 615 1398 quinta
637 1314 745 1378 editio:
775 1317 824 1376 Ee
840 1326 921 1376 utero
938 1315 975 1378 ab
997 1317 1121 1376 dilaculo
1143 1315 1197 1375 tabi
1214 1335 1264 1376 ror

112 1421 140 1478 in
155 1421 298 1478 iuuentute
314 1429 379 1492 tuo,·
404 1428 490 1481 sexta
508 1437 598 1502 porro
615 1417 721 1479 editio:
752 1419 801 1478 Ee
824 1427 904 1479 utero
925 1429 1061 1498 quaerent
1081 1427 1124 1489 te,
1149 1437 1201 1479 roe
1219 1421 1261 1478 r'o·

12 1555 16 1588 ι
111 1523 232 1580 rentutrb
251 1531 333 1594 tuae,·
362 1529 513 1604 postremo
532 1521 562 1582 ia
579 1517 733 1582 Hebraeo:
764 1521 886 1594 Merena,
911 1541 1046 1594 mersam,
1071 1523 1174 1595 laetat,
1198 1522 1264 1582 iete-

12 1663 14 1694 ι
111 1625 244 1696 derdetd,
270 1621 346 1706 quod
364 1621 519 1686 montiseste
538 1641 573 1684 ne
590 1623 663 1684 eitra
680 1621 766 1684 utinm
785 1621 1000 1706 ambiguitatem
1017 1623 1045 1684 id
1064 1623 1156 1706 ipsam
1174 1622 1266 1705 signi·

12 1741 17 1796 ς
111 1723 196 1789 beat:
226 1727 275 1786 Er
293 1733 373 1786 atero
395 1736 462 1788 ante
476 1726 640 1808 deraserunt
660 1729 752 1804 genai
772 1737 808 1786 te.
854 1721 926 1787 Vox
950 1725 1027 1786 onim
1053 1724 1120 1802 itta,
1144 1727 1262 1799 dferam,

111 1827 187 1890 idern
210 1838 257 1890 est
280 1837 384 1911 atque,
414 1831 572 1888 Enentre:
604 1829 841 1902 Messarrvero,
867 1823 1002 1890 Diluculo
1024 1847 1094 1911 prae
1117 1827 1263 1905 ouantibus,

112 1929 167 1994 boe
186 1938 232 1992 est
246 1941 312 1990 onte
325 1931 506 2012 Luerfermn:
531 1931 634 2004 laetat,
660 1929 688 1992 id
703 1939 751 1992 ast
763 1936 860 2011 Atque
873 1941 939 1990 onte
954 1949 1045 1992 rorem
1065 1949 1201 2010 puerum:
1224 1951 1264 1991 re·

14 2073 17 2081 ·
112 2033 255 2094 terentem
270 2030 395 2115 denique
411 2031 487 2094 idum
503 2043 549 2096 est
566 2053 612 2111 ao,
637 2016 741 2130 Genm'd
752 2045 788 2094 te.
835 2029 876 2096 Ut
890 2053 933 2094 ex
948 2052 983 2094 oo
1000 2051 1137 2096 sermone
1156 2051 1265 2115 unguo·

13 2174 18 2206 :
111 2155 180 2200 sess
195 2135 280 2198 datam
297 2133 417 2197 verbum
434 2134 584 2220 hypostasi
601 2133 716 2220 propria
733 2135 895 2220 praedium
909 2155 925 2196 a
941 2144 1021 2220 patre
1036 2155 1104 2199 esse
1120 2134 1263 2219 genitum,

12 2279 19 2293 ·
111 2238 193 2301 notio
213 2256 307 2320 aeque
323 2235 407 2300 initio
425 2257 521 2321 neque
538 2247 681 2322 temporo,
706 2234 871 2322 priusquam
888 2237 994 2322 aliquid
1012 2237 1090 2300 aliud
1108 2237 1263 2300 existerat.

15 2388 18 2396 .
110 2337 192 2404 Nam
210 2359 268 2402 non
281 2335 412 2402 Luciferi
427 2340 513 2402 modo
528 2339 642 2402 stabiam
660 2339 817 2418 intellexit,
843 2361 906 2402 oum
922 2337 978 2404 alia
995 2339 1054 2402 sint
1069 2339 1210 2423 permulta
1226 2339 1266 2401 si·

14 2486 19 2518 ,
111 2443 200 2520 dera,
225 2451 292 2527 pata
309 2442 354 2505 sol
377 2451 408 2506 et
433 2443 518 2522 iuno,
542 2461 616 2524 quoe
638 2441 684 2504 die
703 2437 757 2505 Ν.
780 2441 895 2505 eondita
918 2453 1004 2517 sunt,
1029 2451 1060 2504 et
1080 2452 1148 2504 onte
1170 2459 1264 2521 mare,

13 2563 17 2574 ’
111 2544 254 2622 arbores,
278 2545 447 2627 tractusque
464 2553 635 2629 procreata,
658 2554 775 2627 praeter
795 2564 868 2627 quae
886 2543 1098 2608 firmamentum
1121 2542 1209 2606 etiam
1231 2563 1266 2607 aa

13 2692 18 2724 c
110 2658 193 2716 terra
210 2645 382 2729 coelumque
399 2646 570 2731 productum
589 2655 651 2724 est,
675 2656 706 2707 et
724 2645 837 2729 angeli,
862 2646 910 2728 qai
934 2667 999 2708 oum
1015 2646 1072 2708 tttts
1089 2643 1264 2709 extiterunt.

110 2746 182 2814 Nisi
200 2747 278 2811 enim
295 2767 360 2810 oum
374 2748 458 2811 ooeio
476 2759 613 2832 terraque
629 2747 722 2810 creati
741 2749 838 2810 forent
853 2748 960 2832 angeli,
985 2769 1043 2811 non
1059 2748 1185 2812 dixisset
1199 2746 1264 2827 iob,

13 2899 17 2932 p
112 2855 183 2913 Cam
200 2853 287 2934 screto
306 2863 375 2912 rant
394 2854 506 2924 sedero,
537 2853 725 2912 laudaverunt
746 2871 789 2912 me
811 2872 904 2912 omnea
925 2855 1025 2932 angeli
1041 2855 1098 2914 rner‘
1115 2869 1181 2914 vore
1200 2871 1263 2916 ruo.
1280 2859 1406 2920 tantast.

112 2951 220 3038 itaque
238 2972 329 3016 voees
350 2951 434 3031 iliae,
458 2958 536 3014 Ante
551 2954 731 3035 deterseram,
756 2952 832 3016 idom
854 2953 1020 3036 significant
1039 2973 1073 3017 aa
1094 2953 1119 3016 si
1142 2951 1265 3032 dieerot,

111 3057 281 3142 priusquam
300 3064 381 3120 esset
396 3053 628 3138 tradereturque
646 3055 802 3140 quidpiam.
847 3052 979 3120 Verbum
1001 3057 1078 3119 enim
1100 3077 1164 3118 eum
1186 3067 1268 3140 patre

111 3179 234 3244 semper
248 3157 359 3222 extitit.
399 3154 477 3222 Nam
491 3179 546 3238 per
561 3163 650 3238 absum
665 3161 757 3220 omnia
764 3160 850 3241 saeta
866 3171 945 3232 runt,
969 3170 998 3219 et
1010 3163 1072 3220 orire
1086 3163 1147 3239 apro
1158 3159 1266 3238 sartam
1278 3169 1410 3228 tomam

109 3263 261 3324 estnihil.

15 3433 16 3446 q
200 3361 318 3426 Etenim
335 3361 413 3425 dieat
425 3361 530 3446 aliquis
547 3359 668 3445 angelos
683 3372 752 3425 ante
767 3361 864 3426 sidera
883 3382 949 3426 esse
965 3363 1146 3426 monstrasti.
1181 3361 1267 3445 Quod
1285 3360 1345 3430 cap.
1361 3360 1392 3413 V·

14 3523 16 3548 q
111 3477 213 3531 sutem
230 3464 317 3528 simui
332 3485 397 3529 eum
415 3464 498 3527 noeto
513 3473 650 3546 terraque
665 3465 822 3548 productos
838 3485 904 3529 esse
918 3465 1032 3543 dixisti,
1057 3467 1129 3528 erdo
1143 3485 1267 3549 qonnnm

111 3569 140 3632 id
157 3567 276 3632 ratione
293 3565 509 3652 comprobasti?
543 3562 653 3628 Nonne
669 3576 737 3630 aute
754 3567 866 3630 coebum
884 3587 919 3630 ae
938 3577 1044 3630 terram
1063 3567 1183 3630 omnino
1202 3587 1269 3652 pro·

111 3669 253 3734 uterumt
283 3689 426 3753 nusquam
443 3669 520 3733 enim
541 3677 642 3751 aperte
662 3667 806 3754 seriptum
827 3680 940 3754 tempos
955 3669 1120 3754 expressit,
1144 3689 1201 3752 quo
1216 3690 1269 3731 an·

110 3773 174 3857 geli
200 3771 345 3856 proereati
367 3782 447 3835 sunt.
493 3771 539 3832 Aa
562 3783 593 3835 to
614 3768 729 3855 quidem
750 3771 865 3856 priores
881 3772 947 3836 illos
964 3771 1110 3834 sideribus
1133 3769 1268 3834 extitisse

111 3895 176 3938 non
194 3873 269 3937 orale
286 3873 493 3938 demonstrasti
503 3899 511 3936 z
535 3873 643 3957 alioqui
660 3873 737 3936 enim
753 3873 897 3958 quomodo
915 3876 1000 3937 deam
1016 3873 1053 3936 ob
1071 3871 1209 3936 tabrieata
1230 3874 1270 3936 si·

111 3977 190 4041 dora
215 3975 436 4060 praedicarent?
478 3972 545 4038 Nos
567 3985 664 4038 autem
684 3975 824 4060 uniusque
844 3974 1025 4060 quaestionis
1049 3974 1269 4039 dissolutionem

110 4099 174 4143 non
196 4099 238 4141 ex
254 4077 372 4161 ingenio
393 4088 514 4155 nostro,
538 4077 590 4141 sed
610 4097 654 4144 en,
672 4076 881 4162 seripturarum
901 4077 979 4142 serie
1003 4098 1037 4140 ae
1057 4078 1268 4162 consequentia
1352 4089 1359 4098 ’

110 4182 228 4246 afferre
245 4199 411 4264 possumus.
448 4179 539 4264 aqui
554 4179 623 4244 illud
640 4177 793 4242 evidenter
809 4179 926 4246 divinus
941 4181 1194 4258 sermonumt,
1218 4200 1269 4244 ne·

110 4305 174 4369 que
202 4293 269 4368 post
289 4283 387 4348 sidera
409 4285 565 4369 productos
587 4281 727 4366 angelos,
757 4302 852 4366 neque
877 4293 944 4346 oute
968 4282 1081 4346 eoelum
1105 4293 1269 4368 terramque

109 4437 267 4498 moedmdi,
284 4443 325 4486 out
338 4443 463 4500 transpono
477 4436 521 4490 aab
534 4436 620 4496 καλῶς
635 4431 679 4502 μὶν
714 4435 845 4488 ostendisti
858 4435 926 4503 ipsus
942 4433 1019 4488 inisse
1033 4445 1092 4488 aute
1107 4435 1205 4505 sydera.

109 4500 162 4558 dtr.
202 4507 332 4555 Carnarius
349 4510 430 4568 onte,
453 4507 485 4556 Et
501 4505 564 4555 bene
582 4503 681 4572 quidem

992 4595 1031 4658 25
1049 4591 1066 4630 *
