3128 4930
320 203 380 268 120
747 213 869 267 εααστι
886 213 1056 268 muman

318 333 434 416 βλέπει,
468 329 518 396 διά
541 327 663 414 ἡλιακῆς
683 329 899 418 στροφάλιγγες
921 333 953 398 ἐν
973 337 1080 420 φωλεῷ
1101 329 1179 418 πρός
1203 327 1347 414 άνατολήν
1373 333 1473 418 προςί-

319 461 399 518 χσντι
428 431 536 515 ἐαυτην
563 437 776 518 προςθλίψασα
801 436 854 498 ιιαλ
878 432 1076 516 νηστεῦσασα,
1109 432 1188 518 πρός
1216 431 1362 517 άνατολήν
1387 461 1472 500 ιιατα-

321 544 441 603 νσσῦσα.
484 535 570 618 Αῦτη
593 535 639 614 δὲ,
669 537 746 618 φημί
766 531 788 618 ἦ
808 538 933 621 αἵρεσις,
961 538 993 602 ἐν
1012 534 1124 604 ἅπασιν
1141 533 1316 621 άφροσόνην
1336 537 1474 618 κέκτηται

320 646 374 704 τοῦ
396 638 488 718 ζόαν,
510 635 547 704 ου’
568 637 627 721 μὴν
649 636 754 704 πάντά
773 635 872 724 δλίγου
888 646 942 704 τοῦ
961 641 1093 704 ἐπαίνου.
1133 633 1187 715 Ὡς
1208 631 1263 704 σῦν
1284 639 1336 704 καί
1360 635 1475 721 αῦτηά

322 745 447 826 αἵρεσις,
474 739 594 826 8σαόρπ
614 738 687 823 ἡμῖν
708 748 844 823 λεχθεῖσα
867 737 989 824 ἦλιαπή,
1010 741 1062 807 παλ
1081 750 1322 824 παταπατηθεῖσα
1340 739 1402 807 ῦπδ
1425 749 1476 823 τῆς

322 843 462 928 ἀληθείας
486 841 579 909 αῦτοῦ
604 845 728 926 μενέιω,
761 843 853 925 μηδὲν
877 842 1074 926 ιιαιισχόουσει
1097 844 1191 929 4περί
1217 850 1296 910 θεοῦ
1318 841 1475 928 άληθείιις·

322 944 407 1031 ἡμεῖς
427 948 460 1012 δέ
480 948 529 1012 ἐπί
552 944 606 1022 τάς
627 945 728 1026 άλλας,
751 941 793 1021 άς
814 947 949 1029 εἴπομεν,
975 944 1188 1032 ἐξορμήσωμεν.

608 1297 749 1366 ΚΑΤΑ
786 1297 1197 1388 ΘΕΟΔΟΤΙΑΝΩΝ,

445 1412 627 1512 τριακοστὴ
652 1410 815 1512 τετάρτη,
840 1409 862 1506 ἠ
889 1416 950 1488 καὶ
975 1415 1181 1510 πεντηκοστὴ
1207 1412 1362 1513 τετάρτη.

186 1569 253 1638 Κεφ.
271 1569 305 1627 α’.
405 1560 524 1645 Ἀνέστη
541 1562 629 1628 πάλιν
646 1559 794 1636 Θεόδοτός
811 1587 870 1640 τις,
892 1558 1074 1645 άπόσπασμα
1090 1559 1232 1646 ῦπάρχων
1254 1565 1287 1629 ἐν
1305 1567 1357 1644 τῆς
1379 1587 1476 1648 προει-

322 1667 452 1751 ρημένης
465 1663 588 1750 Ἀλόγσυ
605 1666 758 1748 αίρέσεως,
781 1671 835 1746 τῆς
852 1661 1036 1748 α’ρνσνμένης
1054 1663 1087 1730 τά
1109 1662 1184 1730 κατά
1200 1662 1340 1745 Ἰωάννην
1361 1662 1478 1750 εῦαγγί·

200 1794 251 1842 μς
264 1783 309 1830 m
322 1777 402 1848 λιον,
424 1770 475 1833 ιιαλ
490 1767 542 1833 τόν
559 1770 591 1833 ἐν
608 1764 687 1855 αὐτῷ
705 1768 737 1832 ἐν
752 1765 826 1856 άργῇ
841 1763 912 1832 όντα
927 1765 1002 1832 θεόν
1017 1765 1118 1853 λόγον,
1140 1769 1191 1832 καί
1208 1766 1263 1851 τήν
1278 1765 1373 1833 αῦτοῦ
1391 1765 1478 1834 Ἀπο-

321 1870 468 1952 κάλυψεν,
491 1869 562 1936 άλλά
577 1871 628 1935 καί
645 1877 711 1945 ταῖς
727 1867 827 1945 άλλαις
843 1871 969 1954 αἱρέσεσι
984 1878 1048 1946 ταῖς
1062 1872 1290 1955 προειρημέναις
1306 1869 1480 1956 σνγγενάμε·

323 1972 375 2048 νός
396 1995 426 2038 τε
448 1974 498 2038 ιιαλ
521 1969 724 2056 συνυπάρξας,
745 1973 797 2038 καί
816 1969 892 2038 πατά
906 1969 958 2038 τόν
972 1971 1079 2056 χρόνον
1093 1970 1186 2048 αῦτάς
1198 1971 1420 2055 διαδεξάμενος,
1451 1977 1480 2050 ἐξ

324 2067 418 2158 σῦπερ
439 2079 471 2141 σί
489 2075 679 2141 Θεοδοτιανοί
703 2073 887 2158 ιιαλοῦμενοι.
931 2076 992 2140 Καὶ
1013 2077 1040 2140 εἰ
1056 2075 1109 2157 μέν
1125 2073 1248 2160 ῦπόρχει
1270 2073 1417 2160 ἦαίρεσις
1439 2078 1480 2140 ἔτι

324 2176 401 2261 αῦτη
423 2175 620 2265 1άγνοοῦμεν,
635 2174 672 2242 τά
687 2177 720 2243 δέ
734 2179 775 2254 είς
790 2174 870 2261 ἡμᾶς
882 2173 942 2244 άπό
957 2175 1193 2265 συγγραμμάτων
1208 2177 1334 2244 ἐλθόντα
1346 2180 1480 2264 ἐροῦμεν.

413 2479 509 2564 Οῦτος
529 2483 548 2552 ά
566 2483 713 2562 Θεόδοτος
731 2482 791 2552 άπά
807 2487 971 2564 Βυζαντίου
988 2485 1040 2568 μίν
1058 2484 1193 2572 άρμᾶτο,
1214 2491 1267 2570 τῆς
1285 2487 1351 2551 νυνί
1373 2494 1480 2552 καλου-

324 2593 414 2676 μένης
431 2593 658 2656 Κωυσταντίνον
680 2585 810 2668 πόλεως,
831 2585 954 2664 σπυτεῦς
973 2587 1028 2672 τόν
1046 2591 1162 2673 τέχνην,
1185 2587 1363 2674 πολυμαθὴς
1385 2589 1418 2656 δέ
1440 2595 1481 2678 τῷ

323 2693 410 2782 λόγῳ.
448 2684 545 2767 Οῦτος
558 2689 620 2773 άμα
636 2693 694 2756 τισί
711 2695 840 2756 πλείοσιν
855 2694 887 2757 ἐν
901 2698 995 2780 καιρῷ
1010 2695 1142 2778 διωγμοῦ
1158 2691 1319 2774 ἐνστάντος,
1341 2690 1397 2758 οῦκ
1413 2689 1483 2758 οίδα

295 2788 302 2803 '
326 2799 419 2862 είπεῖν
440 2797 496 2859 Ωέν
517 2799 558 2881 τῷ
580 2792 705 2883 τσισότμ
728 2797 865 2882 διωγμῷ,
892 2790 951 2860 άπό
973 2801 1027 2860 τοῦ
1048 2801 1101 2878 τῆς
1119 2792 1232 2872 πόλεως
1253 2794 1393 2880 άρχσντος
1414 2804 1483 2861 συλ-

325 2899 453 2982 ληφθεὶς
475 2894 545 2977 μετά
565 2893 708 2963 πλειόνων
729 2899 779 2961 καί
798 2899 963 2974 ἐξετασθείς
985 2894 1041 2963 σῦν
1056 2907 1118 2974 τοῖς
1135 2896 1232 2974 ἄλλοις
1246 2895 1321 2984 άπερ
1339 2903 1482 2983 Χριστοῦ,

327 3001 359 3068 σί
379 3000 432 3083 μὲν
455 2996 536 3064 άλλοι
558 2999 666 3074 πάντες
688 3005 764 3064 θεοῦ
788 3002 891 3064 δοῦλοι
911 2997 944 3066 τά
969 3007 1053 3076 νῖπσς
1076 2997 1308 3087 άπενεγιιάμενοι
1332 3005 1483 3086 βραβείων

326 3107 428 3186 ἔτυχον
448 3103 648 3188 ἐπουρανίων,
670 3098 744 3185 όπέρ
763 3107 896 3187 Χριστοῦ
915 3101 1167 3188 μαρτυρήσαντες,
1189 3094 1277 3179 οῦτσς
1299 3103 1333 3167 δέ
1350 3101 1484 3188 Χριστόν

328 3201 544 3292 άρνηοάμενος,
567 3206 618 3270 ιιαλ
633 3202 812 3288 παραπεσόν
833 3209 887 3269 τσῦ
903 3209 1017 3271 σκοποῦ
1033 3213 1084 3288 τῆς
1101 3203 1256 3289 άληθείας,
1280 3207 1312 3272 ἐν
1330 3205 1482 3289 παρεκβά-

327 3330 370 3374 σει
394 3309 560 3393 γεγέννηται,
588 3307 639 3373 καί
662 3303 721 3371 άπό
745 3304 886 3390 αίσχόνης
910 3313 1019 3390 πολλῆς
1040 3306 1101 3376 ῦπό
1128 3315 1243 3375 πολλῶν
1270 3305 1484 3390 ὀνειδιζόμενος

327 3405 474 3496 άπέδρασε
496 3415 547 3492 τῆς
569 3409 676 3474 ἐαυτοῦ
694 3411 852 3493 πατρίδος,
873 3411 925 3475 παὶ
942 3407 1055 3494 άναβάς
1076 3413 1117 3487 είς
1129 3407 1245 3496 Ῥιόμην
1264 3413 1355 3477 ἐκεῖσε
1376 3413 1485 3496 διέτρι-

327 3517 388 3600 βεν.
430 3509 504 3578 ‘Two'
526 3537 606 3588 τινος
623 3511 655 3577 δέ
672 3513 868 3598 ἐπιγνωσθεὶς
885 3518 944 3579 τῶν
960 3514 992 3578 ἐν
1003 3509 1100 3604 Ῥάμη
1115 3515 1163 3579 ιιαί
1181 3511 1270 3580 πάλιν
1289 3515 1337 3579 παλ
1359 3515 1425 3580 ἐπεῖ
1442 3521 1484 3602 τῷ

327 3614 408 3704 αῦτρῦ
426 3611 529 3682 όνείδει
554 3611 730 3694 ῦποπίπτει,
758 3613 808 3680 διά
830 3613 863 3680 τό
882 3617 1091 3701 ’ἐγκαλεῖσθαι
1115 3613 1205 3682 αότόν
1227 3613 1287 3683 ῦπό
1309 3623 1368 3682 νῦν
1389 3613 1485 3683 αῦτδν

328 3717 451 3786 εἰδότων
467 3719 566 3784 ἔνεπεν
586 3724 639 3800 τῆς
654 3721 874 3799 πολυμαθείας,
896 3715 943 3784 ότι
962 3713 1039 3804 άνήρ
1062 3717 1243 3802 πολυμαθής
1259 3727 1349 3795 4πως
1365 3721 1486 3797 ἐξέπεσε

328 3829 381 3904 τῆς
396 3819 545 3904 άληθείας.
578 3823 635 3896 Είς
650 3821 758 3884 ἐαυτοῦ
770 3821 803 3885 δέ
818 3824 914 3904 δῆθεν
927 3819 1023 3904 ιιαιιήν
1038 3819 1198 3908 άπολογίαν
1215 3821 1384 3904 ἐπινενόηκε
1400 3825 1485 3890 τουτί

328 3920 360 3988 τά
380 3922 467 3990 κενόν
481 3923 592 4009 δόγμα,
615 3921 715 4005 φήσας
728 3920 789 4002 δτι,
814 3922 890 3990 Θεόν
909 3921 964 4009 ἐγοδ
985 3922 1042 3990 οῦκ
1059 3921 1248 4010 ἠρνησάμην,
1271 3923 1342 3990 α’λλά
1359 3923 1482 4014 άνθρω·

329 4051 387 4091 πον
402 4021 584 4112 η’ρυησάμην.
628 4022 705 4090 Είτα
723 4024 911 4110 ἐρωτάμενος
926 4035 1014 4092 ποῖον
1032 4025 1210 4113 άνθρωπσν,
1232 4025 1425 4112 άπονρίνεται
1440 4031 1483 4096 λέ-

329 4154 400 4215 γων,
424 4129 553 4216 Χριστόν
567 4125 740 4217 ἠρνησάμην
755 4125 927 4217 άνθρωπον.
961 4126 1117 4196 Ἐντεῦθεν
1133 4129 1230 4208 σῦεως
1245 4132 1340 4220 ἐαυτῷ
1356 4133 1483 4220 ἐδογμά·

363 4317 388 4372 3.
407 4321 472 4370 λίδτί
490 4321 578 4386 παῦρα.
920 4324 1078 4374 emendatione
1092 4325 1192 4374 Ρτλσυιλ.
1228 4325 1301 4387 Υσλςο
1317 4318 1483 4393 άμοουμέιη.

364 4384 389 4437 4.
407 4387 456 4454 τῆς
472 4385 530 4454 περὶ
546 4391 635 4440 volebat
653 4391 772 4442 Ριλσυίιιε.
920 4391 957 4440 Ita
975 4393 1102 4442 Carnarius
1115 4395 1198 4444 υετίιλε
1217 4392 1250 4442 Εε
1264 4391 1375 4459 quami·
1391 4393 1484 4445 haero-

365 4455 422 4508 διε.
438 4457 457 4508 ί.
473 4481 514 4508 -,
540 4455 561 4507 ί.
578 4455 717 4525 ἀγνοοῦμεν
733 4459 843 4521 rescripsi
859 4471 888 4509 επ
921 4457 954 4509 ιίι
970 4457 1033 4510 haec
1048 4457 1130 4510 udhuc
1146 4459 1179 4510 ιίε
1192 4459 1294 4527 ignota,
1312 4469 1397 4514 ειιαειτ
1414 4469 1465 4515 m
