3186 4928
342 233 404 298 428
763 245 1075 299 ειυοτιτνιειτιυιι

343 362 429 450 χάριν
447 365 498 428 καλ
516 361 534 429 ό
551 361 625 439 θεός
639 364 669 440 έξ
685 359 820 448 δπαρχῆς
836 366 939 442 κτίζων
953 361 1007 429 τόν
1026 361 1122 430 κιόντα
1136 362 1248 448 κόσμον
1264 371 1300 456 τῇ
1317 362 1413 432 αῦτοῦ
1429 364 1494 451 όγα-

343 465 452 549 θότητι
474 464 546 531 καθ’
564 467 686 531 έναστον
705 473 765 532 τῶν
788 465 954 549 κτισμάτων
977 464 1013 532 τό
1033 465 1125 532 καλόν
1144 468 1283 554 ἐπέφερε,
1305 467 1415 554 λέγων,
1438 472 1495 533 Καὶ

343 565 418 636 είδεν
435 566 539 645 όθεός
553 567 599 634 ὅτι
613 567 713 634 καλόν·
737 567 821 644 ῦπως
835 575 876 658 τρῦ
889 575 969 658 καλῷ
985 568 1168 660 μαρτυρήσῃ,
1190 572 1241 636 καί
1257 567 1356 637 αἰνέλοι
1371 569 1428 654 τήν
1441 579 1495 638 τόν

343 669 508 755 ἐπιβούλων
524 677 577 755 τῆς
595 669 785 758 ἀνθρωπείας
799 672 918 754 φῦσεως
935 669 1104 756 δεινότητα,
1125 679 1184 738 τῶν
1203 671 1254 738 διό
1275 671 1386 758 μῦθον
1406 701 1495 758 πονιμ

342 781 403 861 ρῶν
420 774 640 858 έπινοησόντων
656 772 797 856 όφανίσαν
812 777 845 841 έκ
856 782 916 840 τῶν
929 772 1099 860 όνθροόπων
1112 774 1166 859 τὴν
1180 774 1331 859 όληθειαν.
1358 773 1496 861 Ἐποίησε

341 875 395 963 γδρ
420 875 472 944 τόν
489 875 636 964 οδρανόν,
658 876 780 961 κοίτην
798 885 869 964 γῆν,
892 879 943 944 καί
960 875 993 943 τό
1013 885 1094 960 φῶς,
1116 881 1168 945 καί
1189 877 1226 944 ταί
1245 881 1277 944 έν
1293 885 1330 968 τῇ
1345 887 1386 970 γῇ
1406 883 1441 947 έν
1460 889 1495 971 τῇ

341 978 444 1070 πρῶτη
464 977 569 1069 ἡμέρη.
613 982 674 1044 Καί
691 977 764 1061 είδε,
787 982 837 1046 καί
854 979 922 1046 ίδοό
939 979 1046 1062 καλόν,
1069 984 1143 1066 φησί
1160 978 1181 1066 ἡ
1196 981 1305 1068 γραφή.
1340 980 1420 1068 Ἀρα
1440 983 1494 1070 γιίρ

341 1080 397 1148 οῦκ
421 1081 485 1172 ᾔδει
508 1083 554 1150 ῦτι
576 1081 665 1150 καλόν
686 1081 807 1167 ἤμελλεν
824 1086 1015 1170 έργοίζεσθαε,
1037 1083 1083 1150 δτι
1106 1083 1178 1168 μετό
1199 1083 1233 1150 τό
1251 1085 1390 1171 γενέσθαι
1410 1087 1495 1172 λέγει,

339 1183 417 1252 Ἰδοῦ
432 1184 541 1265 καλόνς
566 1188 619 1251 καί
640 1185 718 1252 οῦτω
742 1191 873 1269 καθεξῆς
896 1189 946 1253 έπλ
961 1195 1025 1264 τοῖς
1039 1185 1160 1267 ῦδασιν,
1188 1189 1238 1253 ίπί
1258 1193 1311 1270 τῆς
1332 1187 1495 1271 θαλόσσης,

341 1289 391 1356 έιτί
407 1295 466 1354 τῶν
478 1288 703 1373 βλαστημότων,
725 1293 773 1356 έιιί
790 1297 848 1355 τῶν
864 1289 976 1370 ξόλων,
999 1291 1049 1356 έπί
1066 1297 1124 1356 τῶν
1139 1288 1305 1376 φωστηρων
1320 1292 1352 1356 έν
1366 1289 1496 1381 οδρανρῑ,
1582 1363 1583 1390 ρ

340 1393 390 1459 lul
408 1399 468 1458 τῶν
491 1399 623 1476 κτηνῶν,
651 1394 701 1459 ἐπί
723 1399 783 1459 τῶν
802 1400 923 1476 πτηνῶν
947 1396 998 1459 καί
1019 1395 1150 1479 έρπετῶν
1173 1395 1224 1458 καί
1248 1393 1369 1476 ίγθῦων.
1415 1392 1497 1459 Καθ’
1582 1417 1583 1450 ss

340 1498 464 1562 ἕκαστον
483 1493 536 1582 γδρ
553 1498 640 1582 έλεγε,
664 1500 725 1560 Καί
740 1492 817 1562 εἶδεν
833 1493 947 1576 όθεδς,
969 1498 1021 1561 καί
1039 1493 1107 1560 ίδοῦ
1120 1493 1226 1562 καλόν·
1248 1493 1286 1562 οδ
1299 1493 1332 1561 τό
1349 1494 1499 1584 πρότερον
1582 1513 1583 1518 ’

339 1593 471 1684 όγνυῶν,
494 1595 564 1665 οῦδέ
581 1597 652 1682 μετὰ
668 1597 702 1665 τό
718 1601 855 1686 γενέσθαι
872 1596 913 1676 ῶς
932 1597 1004 1664 1διαί
1021 1603 1123 1686 πείρας
1141 1596 1272 1682 έσγηκῶς
1291 1605 1370 1664 ’τοῦ
1385 1601 1498 1666 είδέναι

340 1702 386 1768 ὅτι
403 1699 492 1767 καλόν
498 1751 507 1782 ,
530 1699 601 1766 όλλδ
618 1699 678 1768 όπδ
693 1709 749 1768 τοῦ
768 1699 842 1768 εἶναι
859 1700 957 1767 κιόντα
971 1700 1061 1782 καλό,
1083 1703 1134 1766 καί
1151 1698 1286 1784 οῦδαμοῦ
1303 1698 1381 1766 είναι
1400 1703 1499 1769 καινόν

339 1807 535 1891 προεθέσπιζε
551 1802 601 1870 διό
616 1803 670 1888 την
686 1812 745 1871 τῶν
758 1807 951 1888 κακοβούλων
966 1803 1071 1884 δόξαν,
1092 1809 1151 1870 τῶν
1167 1802 1287 1870 πόντων
1303 1803 1431 1890 ιίγαθαῦν
1448 1804 1498 1871 δν-

339 1935 398 1974 των
421 1911 472 1973 καί
495 1915 593 1974 καλῶν
615 1910 878 1993 μαρτυρουμένων,
909 1905 1008 1973 8ιτατδ
1028 1905 1081 1990 τήν
1100 1913 1155 1972 τοῦ
1176 1915 1269 1972 καλοῦ
1294 1905 1500 1991 όληθεστότην

340 2015 503 2097 μαρτυρίαν
524 2008 557 2075 τό
578 2008 678 2076 Καλόν
702 2013 793 2097 έλτγε,
816 2013 950 2097 στέρησις
971 2008 1006 2076 δν
1028 2008 1139 2086 παντός
1158 2007 1304 2096 έδγαθοῦ
1325 2012 1375 2076 καί
1397 2013 1500 2095 κνίσης

340 2117 453 2188 κακίας.
488 2114 549 2178 Καί
566 2115 617 2178 ίνα
632 2111 691 2179 δπό
708 2118 761 2179 τοῦ
776 2111 868 2180 καλόν
882 2110 958 2179 είναι
972 2112 1006 2178 τό
1023 2120 1084 2178 πᾶν
1100 2111 1255 2198 ἀναιρῆται
1273 2109 1293 2178 ό
1306 2115 1374 2200 περί
1389 2119 1500 2191 κακίας

342 2219 399 2282 ιέν
418 2213 594 2301 όνθριόποις
612 2218 837 2300 έπινενοημένος
858 2214 960 2301 λόγος,
991 2219 1043 2281 ίνα
1064 2212 1118 2300 την
1141 2223 1241 2281 πᾶσαν
1263 2212 1421 2298 ὑπόληψιν
1441 2216 1501 2300 τὴν

338 2318 528 2406 κακότροπον
549 2325 609 2384 τῶν
630 2317 684 2402 τήν
705 2321 897 2385 διδασκαλίαν
913 2315 1171 2406 παρειςφερόντων
1186 2318 1374 2384 παντάπασιν
1389 2317 1501 2386 duaa.

340 2419 418 2488 Είτα
435 2420 534 2488 έλθῶυ
553 2423 600 2489 έπί
618 2421 670 2488 τόν
690 2421 856 2509 ῦνθρωιτον
872 2419 927 2490 οῦκ
946 2419 1026 2487 είιτεν
1044 2419 1106 2500 ὅτι,
1129 2419 1244 2486 Καλόν·
1266 2418 1319 2506 οῦχ
1334 2419 1381 2486 ῦτι
1403 2423 1502 2490 κακόν

338 2524 356 2592 ό
375 2524 555 2611 όίνθρωπος,
578 2523 612 2591 τό
633 2525 812 2609 έξοχῶτατον
833 2523 915 2613 παρὰ
932 2523 1030 2590 πάντα
1046 2523 1082 2588 τό
1098 2525 1147 2589 έττί
1166 2530 1244 2606 οτῆς
1259 2530 1315 2608 γῆς
1331 2525 1500 2608 έατισμένα,

341 2628 398 2695 ’τό
416 2630 466 2694 έιιλ
479 2635 520 2717 τρῦ
535 2627 632 2713 ῦρχειν
646 2631 678 2694 έκ
695 2635 772 2694 θεοῦ
789 2629 959 2711 έκτισμένον
977 2631 1069 2716 σοφία
1087 2624 1223 2715 δρρήτρτ,
1246 2619 1271 2715 ρῦ
1290 2627 1387 2709 ἔμελλε
1403 2653 1504 2714 παρα-

339 2729 456 2797 διδόναι
470 2729 543 2807 θεός
558 2736 753 2797 εδεσιτοτείαν
768 2739 827 2796 τῶν
841 2728 891 2796 ὑπ’
904 2728 996 2796 αδτοῦ
1011 2728 1133 2795 πόντων
1147 2730 1333 2811 έκτισμένων,
1357 2727 1400 2806 ῶς
1414 2754 1502 2814 φησι,

341 2833 521 2917 Ποιήσωμεν
543 2831 707 2920 ῦνθρωπον
730 2832 795 2900 κατ’
813 2832 913 2899 είκόνα
935 2831 1077 2919 ἡμετέραν
1098 2833 1149 2898 καί
1171 2829 1244 2898 καθ’
1260 2828 1421 2914 δμοίωσιν,
1449 2837 1502 2898 καί

340 2935 508 3023 όργέτωσαν
523 2943 581 3002 τῶν
599 2934 714 3020 ίχθῦων
726 2943 779 3020 τῆς
793 2934 962 3019 θαλάσσης,
985 2938 1035 3001 καί
1051 2942 1110 3001 τῶν
1127 2942 1267 3000 πετεινῶν
1282 2941 1337 3001 τοῦ
1354 2932 1502 3021 οῦρανοῦ,

338 3040 390 3106 καί
405 3047 466 3106 τῶν
482 3041 611 3124 ἑρπετῶν
627 3047 680 3122 τῆς
696 3047 765 3125 γῆς,
788 3040 839 3104 καί
854 3045 984 3122 κτηνῶν,
1005 3039 1056 3103 καί
1077 3041 1211 3124 θηρίων,
1234 3039 1285 3103 καί
1301 3035 1427 3102 πόντων
1441 3045 1504 3104 τόν

339 3139 433 3208 όντων
450 3144 499 3209 έπί
513 3147 566 3225 τῆς
581 3147 650 3228 γῆς·
673 3135 732 3208 ἄλλ’
749 3141 852 3226 έιτειδη
867 3139 928 3207 κατ’
945 3139 1045 3208 είκόνα
1060 3147 1137 3207 θεοῦ
1154 3143 1291 3222 έκτίσθη,
1312 3137 1454 3226 ἠρκέσθη
1469 3139 1501 3206 τό

338 3253 427 3311 θεῖον
449 3243 570 3331 γρόμμα
590 3251 633 3334 τῷ
657 3243 788 3334 τοσοῦτςο
809 3241 950 3327 α’ξιῶματι
974 3242 1014 3327 μή
1032 3248 1131 3330 χρείαν
1151 3245 1226 3326 έχειν
1245 3241 1428 3327 προςθήνης
1450 3246 1503 3310 έτι
1578 3303 1580 3346 ρ

340 3351 384 3412 Et
397 3346 454 3434 γόρ
473 3345 565 3432 αὐτῆς
584 3356 637 3432 τῆς
658 3347 847 3435 δγαθότητος
867 3343 925 3430 είχε
943 3349 1119 3430 κεκτημένος
1142 3343 1196 3428 τήν
1215 3343 1331 3424 εἰκόνα,
1361 3349 1447 3428 φημί
1471 3349 1504 3412 δέ
1579 3359 1580 3376 ’

339 3458 392 3517 τοῦ
418 3455 548 3536 οκυρίου
564 3456 655 3531 θεοῦ,
682 3451 780 3528 πόσας
803 3454 925 3526 κτίσεως
942 3453 1141 3535 δημιουργοῦ,
1167 3451 1219 3514 καί
1241 3447 1374 3534 σἰγοιθοῦ,
1405 3451 1442 3526 έξ
1465 3443 1504 3515 οῦ

214 3589 267 3636 ρας.
280 3579 325 3627 ιιι.
340 3561 420 3621 πῦσα
439 3553 520 3641 πηγὴ
545 3553 803 3642 Ιθᾶγαθωσόνης,
825 3556 857 3631 έξ
872 3545 909 3619 οῦ
928 3551 960 3618 τό
977 3548 1097 3638 α’γαθόν
1112 3553 1145 3616 έν
1164 3558 1255 3617 πᾶσιν
1270 3546 1409 3634 ῦπόργει,
1435 3561 1504 3629 ιτὸς

338 3661 380 3725 ἔτι
397 3663 495 3745 χρείαν
509 3655 565 3740 εἶχε
582 3663 744 3744 μαρτυρίας
759 3655 901 3736 όκοῦσαι,
923 3654 980 3736 ὅτι,
1000 3652 1078 3720 Ἰδοῦ
1093 3653 1194 3733 καλόν,
1216 3649 1308 3720 όπότε
1322 3652 1375 3736 τήν
1390 3653 1503 3721 είκόνα

339 3759 433 3828 αὐτοῦ
449 3767 502 3829 τοῦ
516 3769 608 3828 καλοῦ
622 3757 678 3843 είχε
693 3761 870 3843 κεκτημένος
875 3787 884 3838 3
911 3760 985 3834 Ηές
998 3755 1120 3842 ῦστερον
1134 3757 1167 3822 δέ
1182 3757 1232 3822 έπλ
1245 3757 1317 3822 τέλει
1330 3761 1389 3820 τῶν
1407 3755 1502 3836 ὅλων,
1578 3803 1579 3830 ι

338 3863 411 3948 μοναί
426 3863 460 3930 τό
478 3873 602 3948 ποιῆσαι
616 3871 715 3932 πᾶσαν
730 3867 941 3949 δημιουργίαν,
964 3857 1249 3948 έπισφραγισόμενος
1264 3855 1282 3924 ό
1300 3867 1384 3935 θείας
1407 3857 1503 3949 λόγος

372 4091 432 4142 cn.
446 4091 540 4143 xvffl.
558 4117 592 4130 -
627 4091 650 4142 1.
672 4087 715 4144 διδ
736 4088 826 4158 πείρας
848 4092 899 4142 κοιλ
934 4091 997 4174 ρυοδ
1009 4091 1087 4152 musis
1101 4087 1206 4150 οιτίδοί,
1229 4080 1372 4154 α’ναγόθσυ,
1394 4091 1444 4138 cue
1462 4085 1499 4154 μὴ

339 4161 435 4224 Rhodia.
470 4158 601 4224 διαπείρας
618 4161 701 4224 reliqui
717 4161 778 4209 ίίῠτί.
934 4157 1042 4224 αγαθοῦ.
1190 4221 1191 4226 ¹

372 4227 396 4278 2.
416 4229 586 4292 corripendum
599 4232 705 4291 ιιιιρίοοτ
721 4223 749 4280 τδ
766 4225 865 4282 εἰδέναι.
967 4227 990 4277 5.
1009 4223 1034 4278 ίν
1051 4227 1198 4276 desiderum
1216 4227 1241 4274 in
1253 4225 1290 4275 εδ.
1304 4225 1396 4274 PM
1417 4225 1500 4275 σολον.

371 4295 397 4347 θ.
414 4297 526 4358 suspicor
542 4293 608 4349 κατιί
625 4313 653 4349 τε
669 4297 713 4348 τοῦ
728 4295 815 4347 καλοῦ.
966 4291 991 4346 6.
1008 4294 1057 4360 τῆς
1072 4309 1118 4344 τοο
1135 4295 1203 4343 δοσιν
1219 4295 1270 4344 τοο.
1287 4292 1386 4354 Rhodio.

372 4362 397 4412 4.
417 4363 545 4414 omanus
566 4366 631 4414 λουσ
652 4367 720 4415 aliter
734 4365 776 4412 δυο
798 4365 900 4413 vocabu·
967 4359 990 4414 7.
1008 4364 1035 4414 1ο
1049 4364 1113 4412 λῶντι
1128 4363 1200 4424 υνίρο
1217 4365 1280 4411 mat
1295 4355 1348 4412 τόν.

338 4433 388 4481 lum
400 4433 563 4491 ίιιλπρτείοίιιι
577 4437 609 4481 est
622 4447 695 4495 ρυοω
704 4433 824 4482 Ρείουίυι.
849 4433 898 4481 Non
965 4431 989 4482 8.
1007 4433 1087 4480 Deum·
1100 4431 1296 4492 praepositionem
1313 4426 1350 4486 είς
1365 4441 1429 4490 que
1445 4431 1499 4478 wl-

338 4501 418 4554 δυδίίο
432 4493 839 4567 ςιιίυινντροιινιισνοιοίντιθέτσυ,
854 4501 900 4564 ντί,
932 4513 962 4564 ρο
986 4497 1165 4563 mmmm
1188 4501 1242 4548 οικι
1263 4511 1313 4548 νοτ.
1335 4496 1496 4552 &mnia
