3116 4934
357 228 417 292 178
659 258 661 264 ¹
779 237 902 292 εεαοει
920 237 1090 293 εειεειεοειι

355 355 469 433 πάντας
485 357 623 433 ἐξουσίαν
642 356 718 438 ἐχειν
736 361 789 437 τῆς
811 351 949 436 τοιαύτης
965 355 1061 430 αίείας
1076 361 1228 418 ποιεῖσθαι
1246 351 1299 436 τὴν
1319 357 1422 437 δίκην,
1440 362 1504 418 θεα-

356 458 485 542 σάμενος
506 459 537 523 δὲ
560 460 647 539 δίκην
672 454 781 532 δόντος
806 453 994 541 άνθράπους
1008 458 1059 521 καί
1080 454 1171 533 αῦτός
1189 457 1222 521 δέ
1235 455 1272 520 τά
1294 459 1344 521 ίοα
1364 453 1504 538 8μιριησιί-

356 587 445 643 μενος
465 558 584 644 θελήσει
602 556 775 626 άποκτεῖναί
790 583 889 637 τινας,
911 555 952 634 τός
972 562 1067 640 δῆθεν
1083 556 1154 634 τοῦς
1175 555 1353 640 ἠδικηκότας
1374 557 1504 636 δικάζον,

356 661 446 738 άλοῦς
462 664 494 728 δὲ
514 660 682 736 ότοιοῦτος
704 657 794 737 αῦτδς
818 665 905 742 δίκην
924 658 1029 739 δάσει,
1059 659 1099 744 μή
1119 659 1248 742 είληφοίς
1268 661 1350 746 παρά
1372 662 1506 744 βασιλέως

356 768 493 844 ἐξουσίαν
507 772 568 830 τῶν
584 762 745 842 τοιοῦτον,
769 765 819 830 καί
837 762 885 828 ότι
900 760 955 844 τὴν
970 766 1037 846 ίσην
1054 761 1167 844 ἐνόμιζε
1180 763 1256 828 κατά
1272 761 1395 828 πάντων
1412 765 1508 842 ίξιίναι

355 875 463 950 ψῆφον
481 865 541 934 άπό
563 873 617 950 τῆς
639 869 725 949 δίκης
747 872 806 932 τοῖν
828 864 942 948 νόμων,
973 863 1079 930 ἐαντόν
1098 867 1131 930 δέ
1154 868 1186 931 ἐν
1210 874 1246 955 τῇ
1267 864 1369 954 άδιτίᾳ
1392 865 1443 932 διά
1462 872 1508 946 τῆς

356 973 434 1046 ίδίας
451 967 585 1056 άπειρίας
597 972 649 1036 καί
663 967 964 1052 άπαρακολουθησίας
980 970 1103 1035 ἔκδοτον
1117 964 1261 1044 άππλείας
1272 967 1508 1054 παρασκευάσας·

354 1071 434 1138 οῦτω
449 1074 500 1138 καί
515 1070 600 1138 αότοί
616 1072 651 1137 τά
669 1070 790 1138 πάντων
805 1067 883 1153 όμοῦ
900 1074 1035 1152 μίξαντες
1052 1072 1085 1134 ἐκ
1098 1067 1219 1136 πάντων
1235 1073 1385 1150 ἐξέπεσαν,
1408 1073 1458 1136 καί
1473 1067 1509 1152 μή

176 1194 180 1202 ’
234 1201 284 1246 τις.
298 1189 343 1234 σεο
357 1175 519 1258 νοήσαντες
535 1174 571 1240 τά
588 1172 699 1258 ἀκριβῆ
711 1181 764 1255 τῆς
777 1179 832 1240 τοῦ
848 1179 925 1238 θεοῦ
941 1175 1126 1248 διδασκαλίας
1140 1175 1191 1238 ἐπί
1207 1174 1428 1260 ἕτόραντρίβσν
1441 1195 1511 1254 σφα·
1549 1231 1550 1234 ,

220 1591 286 1661 Κεφ.
299 1589 332 1646 δ’.

353 1280 449 1353 λέντες
470 1275 653 1362 ἐτράπησαν,
683 1273 739 1342 οῦκ
760 1273 868 1351 εἰδότες
890 1275 937 1340 ὅτι
963 1272 1037 1356 αῦτη
1062 1276 1140 1340 ἐστίν
1166 1273 1262 1358 ἧσῆς
1285 1281 1373 1353 θείας
1395 1283 1510 1364 γραφῆς

354 1378 520 1468 παράδοσις
540 1381 592 1445 καί
614 1377 788 1446 άκοίουθία.

446 1583 489 1649 Τά
500 1582 556 1670 γάρ
571 1587 613 1661 είς
625 1581 789 1670 ίερπσῦνηυ
802 1584 1014 1669 παραδοθέντα
1028 1579 1078 1648 διά
1091 1579 1125 1648 τό
1139 1579 1318 1665 ἐξοχάιατον
1330 1590 1384 1665 τῆς
1398 1587 1512 1670 ίερουρ

353 1691 419 1773 γίας
433 1689 476 1762 εἰς
490 1685 606 1763 πάντας
624 1685 765 1770 ἐνόμισαν
781 1689 853 1760 ίσιος
869 1687 1023 1770 φέρεσθαι.
1066 1680 1241 1766 Ἀκηκοότες
1258 1683 1304 1750 ότι
1320 1689 1369 1752 δεῖ
1381 1685 1438 1752 τόν
1455 1687 1513 1751 ἐπί

353 1813 468 1856 σκοπον
490 1787 688 1871 άνεπίληπτον
708 1784 798 1866 εἶναι,
822 1794 891 1870 μιῦς
913 1785 1056 1872 γυναικός
1077 1783 1186 1871 άνδρα,
1210 1789 1350 1872 ἐγκρατῆ,
1374 1785 1516 1864 εόςαῦτως

352 1895 405 1958 καί
421 1890 473 1958 τόν
489 1891 632 1958 διάκονον
647 1892 700 1956 καί
715 1889 768 1956 τόν
784 1887 991 1974 πρεσβύτερον.
1036 1892 1098 1954 Καὶ
1113 1886 1169 1973 γάρ
1190 1897 1231 1978 τῷ
1249 1891 1303 1972 μίν
1322 1888 1384 1956 όντι
1409 1889 1449 1957 οῦ
1471 1891 1515 1955 δέ·

352 2019 432 2077 ηεται
448 1991 481 2058 τό
498 1992 584 2079 δι’γιον
598 1999 651 2058 τοῦ
666 1999 742 2057 θεοῦ
758 1991 897 2077 κήρυγμα
912 1989 984 2074 μετά
1000 1989 1054 2073 τήν
1069 1998 1123 2056 τοῦ
1136 1997 1268 2077 Χριστοῦ
1284 1994 1430 2074 ἐκδημίαν
1447 1989 1519 2066 τοῦς

353 2093 413 2161 άπό
432 2094 554 2180 πράσου
575 2093 673 2181 γάμου
694 2093 903 2177 τελευτησάσης
923 2101 975 2176 τῆς
995 2091 1095 2158 αάτῦν
1113 2093 1255 2179 γυναικός
1276 2095 1406 2184 δευτέρηι
1428 2094 1519 2182 γάμῳ

353 2199 575 2278 συναφθέντος,
598 2195 649 2262 διά
663 2195 694 2262 τό
712 2193 897 2283 ὑπερβάλλον
910 2203 963 2278 τῆς
976 2204 1062 2279 τιμῆς
1077 2204 1130 2279 τῆς
1144 2195 1312 2282 ίεριοσόνης.
1343 2199 1408 2262 Καί
1423 2204 1521 2262 ταῦτα

353 2298 495 2382 άσφαλιῦς
511 2297 531 2382 ά
550 2297 618 2386 άηία
640 2304 694 2364 τοῦ
716 2305 794 2364 θεοῦ
817 2301 955 2381 ἐκκλησία
978 2296 1049 2381 μετά
1072 2296 1224 2383 ἀκριβείας
1245 2298 1522 2384 παραφολάττεται.

350 2401 435 2468 ’Λλλά
453 2404 504 2468 καί
521 2401 574 2468 τόν
591 2404 634 2468 ἐτι
652 2405 776 2484 βιοῦντα
791 2404 842 2466 καί
861 2406 1105 2486 τεκνογονοῦντα,
1127 2407 1199 2483 μιῦς
1214 2400 1354 2486 γυνααιός
1372 2401 1450 2468 ὄντα
1468 2401 1523 2466 άν-

351 2509 426 2591 δρα,
448 2503 485 2572 οῦ
499 2505 626 2587 δίχεται,
649 2501 720 2568 άλλά
743 2501 804 2569 άπό
823 2510 893 2585 μιᾶς
915 2505 1184 2588 ἐγκρατευσάμενον
1202 2502 1224 2586 ἢ
1243 2501 1429 2591 χηρεάσαντα
1453 2502 1522 2570 διά-

351 2605 497 2672 κτανόντε
519 2609 572 2672 καί
594 2605 792 2692 πρεσβύτερον
815 2607 866 2671 καί
890 2607 1051 2672 ἐπίσκοπον
1070 2607 1121 2670 καί
1137 2602 1355 2685 ῦποδιάκονον,
1387 2606 1524 2688 μάλιστα

351 2707 431 2776 ὅπου
453 2706 585 2795 άκριβεῖς
606 2707 729 2784 κανόνες
750 2713 781 2774 οἱ
801 2710 1041 2791 ἐκκλησιαστικοί.

435 3113 519 3182 Ἀλλά
536 3116 655 3194 πάντας
671 3121 746 3203 ἐρεῖς
763 3141 814 3200 μοι
836 3121 869 3183 ἐκ
888 3139 945 3184 τισι
966 3115 1072 3194 τόποις
1093 3119 1135 3182 ἔτι
1150 3127 1332 3204 τεκνογονεῖν
1349 3124 1527 3204 πρετβυτέ·

351 3243 425 3301 ρους
443 3221 494 3285 καί
511 3219 671 3297 διακόνους
691 3223 743 3286 καί
759 3217 987 3296 ὑποδιακόνους.
1036 3226 1131 3287 Τοῦτο
1150 3217 1188 3286 οῦ
1207 3219 1290 3306 παρά
1311 3218 1364 3286 τόν
1385 3223 1526 3304 κανόνα,

351 3318 423 3387 άλλά
444 3321 525 3409 παρά
548 3321 601 3406 τὴν
623 3330 684 3388 τοῖν
703 3320 876 3408 άνθράπαν
895 3321 970 3388 κατά
991 3321 1096 3408 καιρόν
1121 3322 1342 3412 όᾳθυμήσασαν
1362 3323 1530 3408 διάνοιαν,

350 3425 401 3490 καί
423 3428 477 3490 τοῦ
496 3423 635 3508 πλήθους
659 3427 772 3506 ἕνεκεν,
795 3424 836 3508 μὴ
857 3421 1066 3509 εόρισκοριένης
1084 3421 1251 3512 ῦπηρεοίας.
1299 3424 1340 3492 Τό
1355 3433 1529 3512 πρεπωδέω

350 3547 452 3612 στερον
466 3525 524 3612 γάρ
540 3524 585 3592 αἐί
602 3524 623 3610 ἦ
638 3530 774 3610 ἐκκλησία
790 3525 889 3612 όρῦσα
909 3525 982 3617 άγίηο
999 3530 1145 3608 πνεύματι
1164 3519 1197 3593 εῦ
1221 3531 1411 3612 διοτοηθείσκ
1433 3534 1533 3618 ἔῃ.

351 3625 589 3716 άπερισπάστονς
602 3638 666 3719 θεῷ
681 3628 733 3706 τάς
746 3635 880 3716 λατρείας
893 3632 1089 3696 ἐπιτελεῖσθαι
1102 3629 1290 3710 σπουδάζειν,
1305 3633 1356 3696 καί
1369 3630 1407 3696 τά
1419 3657 1532 3702 κενου·

350 3730 459 3813 ματικά
481 3739 540 3798 τάν
562 3739 665 3818 χρειῶν
687 3731 758 3814 μετά
775 3731 872 3814 πάσης
886 3730 1082 3817 εῦνουστάτης
1097 3732 1293 3817 συνειδήσεως
1313 3741 1536 3804 τελειοῦσθαι

281 3921 284 3928 ⁴
352 3837 437 3916 Φημί
452 3834 485 3900 δέ
500 3833 546 3902 ότι
562 3836 677 3919 πρέπον
691 3835 753 3900 ἐστί
766 3830 816 3898 διά
831 3832 884 3910 τάς
902 3837 1040 3917 ἐξαπίνης
1056 3839 1239 3924 λειτουργίας
1254 3838 1305 3902 καί
1324 3841 1422 3922 χρείας
1445 3863 1540 3926 σχο-

348 3933 444 4015 λάζειν
460 3935 513 4002 τόν
528 3934 726 4022 πρεσβύτερον
738 3937 790 4000 καί
805 3934 947 4004 διάκονον
962 3939 1013 4002 καί
1030 3939 1194 4004 ἐπίσκοπον
1207 3945 1279 4028 θεηῦ.
1324 3942 1367 4004 Εί
1381 3937 1440 4026 γάρ
1463 3949 1538 4010 καί

348 4045 412 4114 τοῖς
435 4037 494 4106 άπό
517 4045 572 4105 τοῦ
595 4044 669 4105 λαοῦ
690 4037 864 4123 προςτάσσει
885 4036 903 4104 ό
927 4039 1012 4125 άγιος
1035 4038 1199 4118 α’πόσεολος
1221 4043 1330 4127 atym,
1357 4045 1408 4106 ίνα
1431 4046 1544 4130 πρὸς

349 4137 454 4224 καιρόν
468 4138 628 4224 σχολάσασι
642 4148 680 4230 τῇ
697 4137 782 4232 τάχη,
805 4141 889 4232 πόσην
904 4166 936 4230 γε
952 4150 1059 4226 μᾶλλον
1075 4151 1117 4232 τῷ
1133 4147 1207 4232 ίερεῖ
1218 4141 1251 4209 τό
1271 4140 1343 4210 κῦτό
1360 4147 1539 4233 προςτοὶσ-

384 4359 407 4412 3.
425 4359 564 4429 μεσάμινος
580 4367 634 4418 aaa.
649 4370 725 4429 prino.
