3168 4926
302 230 343 295 38
728 239 849 292 ειυετι
867 239 1038 292 τειεειιειιι

302 355 458 441 ἀποφῆναι
476 355 549 422 8δίκε
563 353 599 422 δι’
615 355 723 440 ἀκοῆς,
746 355 797 424 ἅτε
810 354 871 424 όπδ
887 355 1059 443 ἐγγράφων,
1080 359 1132 423 καὶ
1147 355 1199 422 άτε
1211 353 1273 424 ἀπό
1289 383 1379 424 τινων
1395 356 1465 442 άλη-

301 467 369 537 θῶς
385 461 617 542 πιστωσυμίνωυ
632 457 684 542 νῆν
700 457 787 542 ῆμῦν
803 461 920 526 ἔννοιαν
937 458 1168 544 κατειλῆφαμεν·
1196 463 1248 526 ἳνα
1264 462 1357 543 μηδίν
1371 488 1401 526 τι
1413 487 1466 526 τεε-

303 561 402 648 ριττόν
419 555 489 628 4ἀν
506 587 537 648 γε
556 564 686 647 ίγνωμεν
703 561 897 646 ποιησάμενοι
914 559 974 628 διεδ
992 566 1160 645 συνείδησιν
1176 561 1309 646 δόξωμεν
1327 559 1403 630 ελναι
1421 563 1466 648 μῆ

303 663 385 752 σ’ρθά
398 667 449 729 καί
463 661 548 730 αότολ
563 667 787 750 λφεορίσκοντες
800 664 874 732 κατά
889 662 1063 751 ἀνθρώπων
1075 667 1178 751 λέγειν,
1196 662 1267 732 ἀλλά
1278 663 1467 758 ,ἀποπίπτον-

304 793 351 844 τες
366 766 469 847 πάθει,
492 759 516 854 ᾦ
533 768 584 832 καί
601 764 687 832 αὐτοὶ
702 764 863 848 ἀπέπεσαν,
886 765 1030 850 ἀλήθειαν
1044 765 1085 851 μῆ
1101 769 1247 856 λέγοντες,
1270 765 1341 836 ἀλλά
1355 768 1467 854 κηρῦσ·

304 893 402 947 σοντες
418 869 438 934 ἀ
455 867 497 952 μῆ
513 867 694 955 ἑωράκασιν,
723 867 792 936 οῦδὲ
808 869 956 953 ῆιιουσιιν,
985 868 1056 938 οῦδὲ
1073 870 1155 956 παρά
1170 877 1225 954 τῆς
1243 868 1364 954 ἀληθοῦς
1381 875 1464 938 διδα-

305 978 425 1050 σκαλίας
443 980 498 1039 τοῦ
516 970 602 1058 άγίου
620 969 785 1055 πνεύματος
801 971 1027 1057 παρειλήφασιν.
1069 969 1213 1059 ’Λιιριβιός
1230 974 1263 1038 δὲ
1280 971 1393 1052 πάντα,
1423 971 1468 1052 οῦς

182 1106 233 1151 ηις.
247 1093 292 1139 ιιι,
307 1077 399 1159 ἔφην,
429 1073 643 1160 διεξερχόμενοι
664 1076 732 1160 περὶ
751 1073 875 1158 ἑκάστης
893 1077 1046 1162 αἱρέσεως,
1075 1073 1109 1141 τό
1127 1077 1182 1158 μὲν
1199 1074 1298 1141 δεινόν
1315 1071 1466 1142 ἀπεκαλύ-

304 1203 425 1256 ιιτοντες
439 1181 481 1254 είς
495 1175 660 1262 διόρθωσιν
675 1183 735 1244 τάν
749 1180 1064 1264 παρενευγχαυόντων,
1092 1179 1142 1244 καλ
1161 1175 1213 1244 διά
1227 1186 1280 1261 τῆς
1295 1174 1468 1264 ἀνατροπῆς

306 1279 391 1347 ῡάπδ
416 1288 476 1346 τῶν
499 1285 591 1346 θείαν
611 1279 707 1366 λόγων
730 1282 782 1346 καὶ
806 1283 835 1359 ἐξ
854 1278 959 1366 όρθοῦν
981 1287 1128 1366 λογισμῶν
1144 1279 1318 1362 ποιούμενοι
1338 1279 1466 1361 ίατικδν,

305 1381 346 1461 οἷς
362 1387 469 1462 εἰπεῖν,
500 1379 676 1466 φάρμακον,
707 1380 782 1448 κατά
802 1381 919 1459 διετοῦς
936 1381 1067 1469 τρόπους
1084 1381 1346 1462 κατασκευάζοντες
1363 1385 1397 1450 ίν
1413 1409 1466 1450 κυ-

305 1492 370 1576 ρίμ,
391 1493 454 1561 τοῖς
467 1484 520 1566 μίν
533 1486 731 1570 διερχομένοις
745 1488 786 1561 είς
800 1483 832 1552 τό
852 1483 1045 1568 6ἀιιασφῆλαι
1058 1490 1110 1568 τῆς
1123 1484 1215 1552 νόσου
1229 1489 1280 1551 καλ
1294 1491 1347 1568 τῆς
1359 1485 1467 1552 τοσού-

304 1613 358 1671 της
373 1585 552 1673 ἀλγηδόνος,
573 1597 637 1664 τοῖς
650 1589 683 1653 δὲ
699 1590 774 1670 μηδὲ
791 1592 1011 1674 παρεμπεσοῦσί
1025 1613 1097 1654 ποτε
1112 1586 1400 1674 προκαταλητετιιιόν,
1423 1585 1469 1666 οἱς

305 1694 408 1770 εἰπεῖν,
429 1687 463 1754 τό
479 1689 624 1773 βοῆθημα
637 1698 690 1758 τοῦ
703 1698 757 1773 τῆς
770 1688 913 1773 ἀληθείας
925 1689 1088 1774 φαρμάκου
1101 1689 1306 1773 μεταδιδόντες
1316 1700 1384 1766 τοῖς
1397 1711 1466 1756 συν-

306 1803 382 1870 ειοῖς
401 1795 536 1876 μαθηταὶ
563 1795 613 1857 καὶ
637 1789 722 1858 αῦτολ
745 1801 905 1876 κληθῶμεν
926 1800 987 1858 τιῦν
1010 1800 1064 1858 τοῦ
1087 1799 1220 1879 Χριστοῦ
1244 1799 1390 1877 μαθητῶν
1414 1794 1468 1858 ιιαλ

306 1894 400 1964 αὐτοῦ
421 1903 475 1962 τοῦ
497 1902 645 1982 σωτῆρος,
668 1900 788 1980 βοηθοῦ
809 1893 994 1982 ῦπάρχοντος
1014 1895 1160 1980 σωμάτων
1180 1898 1232 1962 καλ
1253 1903 1369 1980 ψυχῶν.

388 2305 441 2385 Ὡς
463 2308 495 2374 δὲ
518 2310 568 2374 καί
589 2307 644 2391 τῆν
666 2309 797 2374 ἐνταῦθα
820 2311 930 2385 ἱκανῶς
949 2305 1174 2394 είςηγησάμενοι
1195 2309 1265 2392 περὶ
1282 2305 1393 2390 ταύτης
1413 2313 1470 2390 τῆς

307 2412 447 2493 αίρὲσεως
462 2413 616 2496 ἐργασίαν,
639 2407 693 2476 σῦν
710 2409 831 2492 δυνάμει
851 2417 994 2494 Χριστοῦ,
1017 2413 1067 2476 λπλ
1085 2409 1138 2486 τάς
1153 2411 1220 2492 ἑξῆς
1234 2415 1384 2496 προβῆναι
1400 2411 1468 2475 λαυ-

306 2514 376 2590 τοῦς
392 2517 553 2598 ίπιδῦμεν,
574 2512 628 2580 τόν
647 2514 700 2596 μίν
718 2511 765 2578 ίδν
781 2515 831 2578 καλ
848 2512 885 2579 τά
904 2513 1110 2600 ἀγκιστροειδῆ
1126 2520 1185 2578 τῶν
1201 2511 1335 2578 όδόντων
1352 2511 1471 2595 ἀὐτῆς

308 2619 453 2699 φάρμακα
474 2619 569 2704 ἐντῷ
590 2623 645 2699 τῆς
666 2614 807 2699 ἀληθείας
827 2625 882 2682 τοῦ
900 2623 1030 2702 σταυροῦ
1052 2615 1128 2704 ξόλμ
1147 2614 1401 2695 καταθλάσαντες,
1430 2621 1470 2706 τῆ

308 2722 478 2806 Αίμορροίφ
498 2720 597 2806 δχίδυη
624 2721 794 2797 8ἐοικυίας,
822 2711 861 2802 ῆς
881 2716 903 2801 ῆ
922 2717 1001 2800 λύμη
1022 2724 1081 2784 τῶν
1103 2719 1290 2803 δεδηγμένον
1314 2717 1370 2784 οτό
1395 2715 1470 2801 αἷμα

308 2819 419 2896 παντός
441 2827 495 2886 τοῦ
518 2818 657 2904 σόμοιτοςΙ
677 2823 821 2906 ίκκρίνει,
851 2823 904 2885 καὶ
925 2819 1021 2897 οῦιας
1049 2817 1143 2886 Ιοτόν
1164 2820 1302 2888 θάνατον
1325 2823 1470 2903 ἐμβάλλει.

308 2923 395 3005 Λῦτη
407 2921 465 3009 γάρ
480 2923 528 2988 καί
547 2921 567 3006 ῆ
583 2932 643 2989 τῶν
657 2930 890 2989 Χυΐντιλλιανῦν
906 2927 1017 3008 αἵρεσις
1032 2929 1121 2988 τοῦτο
1136 2925 1268 2989 ἐπιτελεῖ.
1312 2921 1471 3007 Ἀφθόρου

309 3023 364 3112 γάρ
379 3023 490 3101 παιδός
503 3033 665 3114 κατακεντᾷ
679 3025 712 3092 τό
729 3033 824 3108 σῶμα,
846 3027 898 3090 καί
911 3024 945 3092 τό
960 3024 1034 3109 αίμα
1048 3031 1144 3109 δῆθεν
1159 3029 1200 3101 τίς
1215 3025 1379 3109 μετάληψιν
1395 3023 1471 3091 ἀκο-

309 3131 443 3213 φίριτοι,
476 3131 518 3206 είς
539 3133 743 3215 μυσταγωγίαν
765 3125 910 3211 ὀνόματος
928 3135 1061 3215 Χριστοῦ
1083 3126 1155 3205 τοῦς
1171 3125 1380 3212 ῆιεατημίνους
1397 3135 1469 3194 κελαι

310 3253 399 3297 νασιι.

393 3330 493 3416 Ἡμεῖς
512 3334 544 3400 δὲ
568 3335 617 3400 ἐπὶ
641 3333 693 3409 τάς
717 3335 784 3416 ἑξῆς
807 3336 839 3399 ἒν
861 3331 984 3417 δυνάμει
1009 3341 1139 3420 Χριστοῦ
1164 3333 1473 3419 προςερχόμενοιεην
1444 3333 1451 3358 “

310 3433 405 3504 αῦτου
389 3433 561 3519 ’ἀλήθειαν
575 3434 869 3518 ἒπικαλεσόμεθα,”
851 3463 936 3512 οπως
948 3436 1072 3520 ἑκάστης
1086 3436 1199 3520 πλάνης
1220 3435 1472 3521 Ηίχιιηλατῆσαν-

310 3565 357 3616 τες
373 3536 427 3622 τῆν
441 3537 578 3622 δύναμιν,
600 3540 789 3626 φωράσαντίς
803 3565 834 3606 τε
849 3542 899 3606 καλ
915 3541 1089 3626 ἐλέγξαντος,
1112 3547 1175 3629 θεῷ
1191 3541 1223 3606 ίν
1236 3547 1309 3606 πᾶσι
1326 3539 1473 3624 συνήθως

312 3640 572 3729 εάχαριστῆσωμεν.

346 3827 406 3886 θ’
388 3850 434 3886 οτι
452 3827 484 3888 δι’
501 3828 584 3900 ἀκοῆς
601 3835 731 3884 emendatio
750 3839 783 3884 ιιι
805 3837 874 3885 Ριίο·
943 3834 968 3884 5.
984 3829 1034 3887 α’πδ
1052 3833 1102 3888 τῶν
1121 3835 1196 3889 θείων
1219 3849 1267 3900 τρο.
1303 3837 1369 3886 λίθοι’
1389 3837 1477 3890 hubent

312 3905 353 3954 υίι.
388 3903 453 3952 λαλιτλ
469 3904 552 3952 λοῦται
570 3901 595 3954 εἴ
611 3919 639 3954 τε
657 3897 689 3956 δι’
707 3895 797 3967 ἀκοῆς
910 3901 959 3955 τῶν
978 3897 1028 3955 ἀπὸ
1048 3901 1131 3955 θείων

346 3960 425 4022 λοι
439 3987 469 4036 γε
483 3973 567 4032 scripsi
582 3985 626 4029 οτο
642 3987 727 4033 αντε
744 3974 807 4034 quod
822 3975 876 4022 λιδτί
942 3970 967 4022 ό.
985 3967 1129 4053 ἀναοφᾶλοι
1144 3975 1182 4022 ιιι.
1198 3975 1273 4035 μνίου.

313 4041 369 4088 edin·
382 4042 498 4100 praebent.
518 4041 629 4090 Petamus
637 4043 779 4102 μοιιιουίοιιι
792 4057 819 4092 τε
831 4055 875 4090 υιι
943 4039 967 4091 7.
985 4033 1071 4098 αὐτοῖς
1088 4043 1139 4092 cod.
1156 4043 1253 4104 ίίλιιίίς.

314 4109 350 4156 τίκ
352 4109 372 4154 ιι
385 4107 503 4156 inclusisse
519 4110 640 4170 acquievit.
675 4109 701 4158 λα
716 4111 767 4160 cod.
777 4110 874 4171 λλιδίς.
942 4106 965 4156 θ.
984 4105 1093 4168 ἐοικυίας
1110 4125 1159 4171 εςο,
1177 4123 1229 4161 cum
1246 4111 1372 4160 θοίολιιο.
1407 4111 1477 4161 Lari

314 4163 414 4225 fflud'
392 4190 427 4226 ων
444 4189 472 4224 τε
486 4177 557 4236 plaut
574 4177 727 4227 desideratur.
908 4177 992 4226 λοδειιί
1009 4172 1105 4248 δοικυίᾳ
1121 4181 1158 4227 υελ
1174 4176 1260 4232 ίοικλα
