3128 4930
362 265 497 318 Ponant!
514 265 577 318 tna.
594 265 624 318 ll.
640 265 720 322 TOM.
735 267 755 317 l.
772 265 871 318 naen.
886 267 966 318 LVll.
1179 255 1239 318 157

88 383 289 468 sincerumque
313 383 421 449 cultum
444 385 598 468 adhibent,
631 386 737 472 quique
758 385 892 451 conlutis
916 395 946 449 ct
969 385 1055 450 nnius
1078 387 1240 452 catholicae

88 486 226 550 ccclesiae
253 499 325 552 sunt
352 487 423 552 filiii
465 487 667 554 Vehementer
693 511 788 555 erras.
841 485 916 572 Quis
944 489 1021 552 enirn
1044 505 1102 553 non
1125 501 1240 554 asserat

87 609 168 652 unam
186 593 274 654 deum
295 611 363 655 esse
384 589 516 655 veritatis
540 600 652 678 patrem
676 593 924 678 omnipotentem,
954 613 1045 676 aquo
1071 591 1239 676 unigenitus

86 691 155 755 filius
171 712 245 756 vere
268 713 443 778 progressus
460 704 525 774 est,
550 697 622 758 deus
638 695 779 774 verbum,
802 695 943 774 verbum,
967 695 1102 778 inquam,
1125 695 1154 758 in
1173 717 1240 778 pro·

87 793 143 879 pria
158 798 483 884 personaoonsistcns,
508 808 538 859 ct
554 817 570 859 n
586 807 668 881 patro
684 818 789 862 revera
805 798 870 860 sine
886 797 944 860 ullo
961 796 1043 860 initio
1059 817 1094 860 sc
1108 807 1240 883 tempore

86 897 233 980 yenitunt‘.l
276 895 373 964 Unam
390 898 488 982 itaque
503 900 587 962 deum
604 909 688 964 cauto
704 921 739 964 ac
756 900 916 986 prudenter
933 899 1058 963 ecclesia
1074 899 1236 984 praedicat,

86 1009 190 1083 patrem
212 999 353 1066 videlicet
369 1011 400 1064 et
416 1001 515 1066 lllltttn.
563 1005 716 1080 Quonrbm,
740 1001 850 1086 inquit,
874 1024 927 1082 ego
943 1005 973 1064 in
987 1013 1085 1082 patre,
1110 1015 1140 1063 et
1156 1015 1392 1084 potertoannteta.

87 1105 165 1165 mnne
183 1115 240 1178 cst,
266 1115 307 1182 et,
331 1106 423 1167 Ambo
440 1126 646 1178 commeamus,
673 1105 727 1168 hoc
743 1115 789 1168 est
805 1124 862 1167 una
882 1102 1032 1184 divinitas,
1057 1115 1087 1168 ct
1104 1105 1239 1170 volontas
1252 1119 1285 1166 ta
1300 1121 1333 1179 to,
1344 1123 1376 1166 aa.

88 1225 149 1284 uua,
172 1216 203 1269 et
221 1225 281 1269 nna
295 1207 465 1270 dominatio.
514 1203 655 1272 Ceterum
672 1227 711 1270 ex
725 1217 807 1293 patre
823 1205 943 1290 spiritus
961 1227 1075 1292 quoque
1095 1207 1238 1292 procedit,

87 1318 181 1390 suapte
198 1319 341 1372 constans
357 1307 520 1395 hypostasi,
544 1330 579 1372 ae
596 1310 704 1395 reipsa
721 1309 870 1394 perlectus
884 1307 1017 1373 veritatis
1032 1309 1164 1394 spiritus,
1188 1312 1237 1395 qui

87 1411 224 1474 illuminat
239 1417 348 1486 curarit,
374 1417 453 1493 puio
464 1413 534 1493 filio
551 1416 671 1492 recapit,
697 1416 841 1486 ueritates,
865 1411 999 1496 inquam,
1023 1417 1156 1493 apmou,
1180 1418 1389 1494 aprsstoruntant.

86 1519 153 1575 ritus
163 1521 274 1596 pent,
297 1519 416 1596 spz‘rr'tus
430 1517 547 1576 cneo:
585 1510 686 1598 ltaque
705 1535 791 1578 unam
807 1514 934 1578 ecclesia
950 1513 1132 1579 divinitatem
1149 1496 1239 1600 agno-

87 1615 152 1696 scit,
182 1629 290 1702 estque
309 1617 381 1680 deus
403 1637 477 1680 unus
500 1616 635 1681 veritatis
660 1627 760 1703 pater,
789 1617 938 1702 perlectus
958 1628 1059 1702 pater,
1089 1618 1239 1704 hypostasi

86 1739 133 1782 sua
152 1720 322 1805 praeditus,
351 1721 500 1804 perlectus
520 1719 614 1798 lilius,
643 1741 727 1784 soum
752 1739 899 1806 peraeque
922 1719 1032 1784 babens
1055 1720 1238 1806 hypostasin,
1304 1713 1306 1720 ’

86 1824 232 1906 perlectus
257 1821 383 1905 denique
403 1823 522 1908 spiritus
545 1833 685 1900 sauctus,
715 1831 746 1886 et
769 1843 852 1886 suam
874 1823 929 1886 sibi
952 1823 1122 1909 hypostasin
1146 1823 1240 1887 vindi·

86 1945 168 2004 cans,
200 1947 261 1990 una
283 1923 439 2003 divinitas,
469 1945 583 2010 unaque
604 1925 776 1990 dominatio.
823 1922 938 2009 Quibus
959 1927 994 1989 de
1018 1925 1131 1990 caussis
1154 1926 1238 1990 deum

85 2047 168 2090 auom
194 2045 300 2092 sacrae
319 2026 426 2112 ubique
445 2027 548 2092 literae
570 2027 777 2113 pronuntiant,
802 2028 938 2092 nimirum
960 2029 1239 2094 consubstantialem

85 2131 204 2194 triadem
231 2149 266 2193 ac
290 2150 406 2214 semper
424 2131 619 2211 existentem,
645 2131 691 2195 cui
717 2132 818 2194 eadem
837 2131 974 2195 identitas
991 2131 1125 2216 idemque
1148 2131 1240 2196 donni·

85 2241 166 2296 natus
191 2232 370 2296 attribuitur.
415 2231 465 2297 Ex
487 2254 543 2319 quo
562 2245 609 2298 tua
627 2233 695 2314 illa,
722 2231 911 2297 stolidissima
935 2234 1117 2314 mortalium,
1140 2235 1240 2321 inepta

84 2335 155 2398 ratio
175 2333 319 2398 concidit.
365 2333 420 2398 llis
439 2333 651 2400 animadversis
675 2335 818 2400 adversos
841 2335 906 2400 illas
923 2333 1014 2400 Nocti
1037 2355 1127 2402 voces
1150 2355 1240 2422 oppo-

86 2439 209 2502 nendum
227 2437 314 2501 modo
330 2435 437 2522 aliquid
455 2447 486 2501 ct
502 2438 538 2501 ab
554 2438 620 2523 ipso
636 2437 777 2523 principio
798 2436 987 2523 repetendum
1006 2447 1070 2517 est,
1094 2448 1180 2522 utque
1202 2457 1239 2503 eo

86 2541 167 2604 nodo
191 2540 307 2624 singula
329 2541 421 2626 capita
444 2540 618 2604 refellenda.

165 2639 255 2726 Quod
274 2642 364 2727 iffl'tur
380 2641 513 2728 inprimis
530 2643 599 2707 illud
618 2641 734 2706 obiicita
770 2647 847 2706 Unus
863 2655 907 2704 est
921 2645 989 2704 deus
1006 2665 1044 2704 ee
1060 2665 1115 2725 quo
1132 2649 1234 2719 omneis,
1258 2657 1316 2722 Cup.
1337 2660 1367 2707 v.

86 2757 113 2806 et
128 2769 181 2810 nor
205 2751 235 2808 in
255 2751 360 2826 ι’ρειιηι,
384 2756 413 2806 et
430 2767 502 2807 unus
524 2748 747 2808 domnolum
764 2749 911 2820 Cdra'rtrts,
940 2756 968 2806 et
990 2767 1041 2807 nos
1060 2768 1114 2828 per
1134 2750 1236 2826 aprum,
1253 2722 1393 2780 ΜΗ

82 2861 199 2930 propter
214 2871 294 2930 quem
313 2853 423 2924 omnnia,
446 2859 477 2910 et
491 2870 543 2910 noa
553 2870 609 2930 per
625 2853 731 2929 absum,
756 2868 854 2912 nonne
874 2847 910 2911 iis
929 2846 1001 2932 ipsis
1020 2848 1136 2927 verbis,
1164 2852 1241 2912 Uarr:

85 2954 148 3012 deus
168 2975 208 3013 ex
226 2975 281 3033 quo
302 2956 410 3026 omnib,
434 2963 463 3012 et
482 2972 535 3013 nos
549 2955 578 3014 io
594 2957 703 3032 ipsun,
727 2971 814 3014 uuum
830 2951 988 3036 significari
1007 2949 1179 3037 principium
1196 2949 1240 3016 vi·

86 3052 153 3117 desi
189 3051 239 3118 Ne
256 3054 383 3118 anianum
400 3064 531 3118 nostram
549 3055 585 3118 ad
601 3054 684 3137 plura
704 3053 859 3136 cogitanda
878 3053 1021 3140 principia
1039 3064 1238 3131 converteret,

87 3175 118 3218 ac
132 3156 300 3220 mortalium
319 3155 436 3242 ingenia
453 3156 613 3222 vanissima
633 3155 681 3219 illa
698 3156 819 3219 deorum
838 3155 1021 3219 multitudine
1037 3156 1158 3241 decepta
1176 3177 1239 3220 rur-

87 3277 133 3322 sns
149 3259 187 3323 ad
205 3259 329 3323 eaodem
345 3261 533 3324 asserendam
551 3259 664 3346 copiam
681 3258 851 3323 adduceret.
896 3254 991 3322 Vides
1007 3257 1084 3321 enim
1103 3258 1239 3342 menrad-

86 3363 199 3426 modnm
216 3383 276 3426 uno
292 3360 410 3426 nomina
427 3361 466 3425 sit
487 3383 558 3425 usos
574 3373 604 3424 et
620 3360 815 3447 appellatione
831 3381 907 3440 uoa,
930 3381 989 3424 nou
1008 3370 1039 3425 ut
1057 3359 1238 3444 unigenitum

87 3463 166 3528 deum
186 3465 362 3550 abnegaret.
409 3461 565 3528 Dominum
583 3464 688 3550 qnippe
705 3483 772 3528 ease
789 3462 869 3526 illurn
885 3462 1032 3547 intelligit,
1056 3463 1238 3546 eundemque

87 3566 178 3632 deam.
228 3565 300 3632 ldeo
317 3567 459 3652 singulari
476 3567 598 3652 quadam
616 3565 752 3630 cautione
771 3565 840 3629 illud
856 3563 980 3642 adiecit,
1004 3568 1045 3626 Et
1062 3587 1135 3628 unus
1151 3569 1238 3626 domi-

86 3691 136 3732 rno
154 3677 237 3734 Iecur
253 3674 399 3745 Cdra'rtue,
420 3691 570 3752 perquem
587 3674 689 3732 omneis.
738 3665 824 3752 Quod
845 3685 910 3731 oum
925 3665 991 3731 voci
1006 3667 1066 3746 illi,
1089 3670 1235 3741 Bombos,

88 3775 241 3858 praecipue
264 3773 393 3853 affinxit,
425 3794 484 3836 oon
506 3771 630 3836 eundem
653 3770 793 3834 iudicauit
816 3791 883 3834 esse
903 3781 1033 3854 patrem,
1057 3769 1238 3853 eundemque

88 3873 191 3955 filium,
215 3875 268 3940 sed
293 3896 358 3940 enm
383 3873 431 3960 qui
457 3885 541 3960 pater
560 3885 692 3938 estesse
714 3882 846 3958 patrem,
870 3873 918 3958 qui
936 3873 1030 3952 filius,
1054 3892 1127 3935 vere
1148 3870 1237 3936 lilium

88 3997 151 4041 esse
165 3979 338 4044 declaravit.
382 3976 462 4042 Nam
479 3988 510 4041 et
526 3999 591 4041 cum
607 3977 644 4042 de
664 3986 745 4062 patre
761 3975 884 4060 loqoene
903 3995 992 4039 unrrm
1010 3975 1095 4038 deam
1113 3993 1180 4038 esse
1196 3972 1238 4038 di·

88 4079 353 4166 1it,nequaqaam
378 4081 435 4144 lilio
459 4081 640 4144 divinitatem
668 4077 807 4142 detraxit.
852 4074 931 4140 Num
956 4078 981 4140 ai
1002 4077 1074 4141 deus
1098 4087 1236 4157 nonest,

88 4203 178 4267 oeque
194 4183 329 4247 dominus
344 4195 402 4264 est,
422 4205 486 4247 cum
504 4194 601 4248 autem
618 4179 753 4244 dominus
769 4179 819 4258 sit,
844 4179 915 4242 deus
929 4199 1043 4264 quoque
1057 4178 1097 4242 sit
1109 4189 1236 4266 oportet.

88 4280 196 4350 Verum
217 4286 387 4373 apostolus,
417 4297 449 4350 ut
472 4285 507 4350 ad
535 4305 621 4350 unam
644 4283 868 4370 appellationem
893 4282 1064 4362 reduceret,
1096 4281 1238 4368 aspiritu

89 4400 187 4454 sancto
203 4389 372 4476 compulsus
390 4388 431 4452 ita
455 4384 521 4452 ddei
540 4386 713 4474 mysterium
730 4384 815 4450 nobis
833 4384 964 4472 aperuit,
988 4394 1020 4450 ot
1035 4405 1125 4450 noum
1147 4382 1239 4448 domi·

90 4509 166 4574 uun,
188 4492 370 4578 proindeque
385 4502 415 4556 et
431 4491 530 4571 deum,
552 4499 653 4576 aperte
668 4499 858 4554 monstraret.
888 4486 956 4554 Neo
971 4499 1017 4554 est
1029 4498 1139 4570 umen,
1162 4487 1239 4574 qnod
