3154 4930
166 205 171 212 ’
230 262 243 275 -
345 245 706 304 anconitanensem
723 253 753 304 n.
772 251 979 308 ananum.
1185 241 1246 307 ata

170 367 230 434 Sed
256 370 291 431 ad
316 369 393 434 iilam
419 369 576 435 salvatoris
601 378 704 438 vocem
729 369 923 436 Manichacus
948 373 1148 456 adhaerescit,
1180 397 1246 440 curu
1282 377 1344 443 θῦν·

83 471 131 536 ilic
148 468 235 550 dixit,
260 475 361 534 Simile
376 484 425 533 ecs·
434 494 554 552 regnum
569 475 712 534 coelorum
734 477 843 536 dommi
853 477 1078 556 patrifamilias
1095 481 1148 557 qui
1162 484 1245 539 semi-
1271 445 1367 552 {iffi

83 579 161 634 recm't
179 579 209 635 in
231 595 305 654 agro
328 595 380 636 suo
398 576 498 637 bunum
520 596 631 637 semen:
665 595 727 637 oum
744 588 836 638 comm
852 581 1010 639 dormirent
1023 581 1164 654 domama,
1190 583 1245 642 ein'-
1284 563 1323 616 η’
1336 561 1370 604 ¹⁴·

84 680 173 736 merus
192 679 274 736 domo
290 682 382 752 uenr't,
408 689 437 738 et
453 681 603 738 seminavit
616 682 755 739 ze'aunr'ra:
789 690 846 740 tum
862 667 950 741 sr'c'ei
962 685 1041 741 serui
1059 683 1150 742 locuti
1168 694 1244 756 sunt,

82 780 303 842 Nanneiorum
323 801 416 842 semen
437 783 587 840 seminasti
604 783 634 840 in
657 787 753 859 egro?
794 785 859 862 Ego
879 803 945 843 cero
959 787 1109 856 seminum,
1134 803 1249 864 respom

81 883 134 941 dit.
186 880 264 942 Unde
283 885 378 960 opiner
403 884 544 942 creareris?
572 885 724 956 Inimicus,
750 882 860 966 inquit,
889 887 969 945 domo
993 888 1046 945 boo
1062 887 1149 965 sem't.
1196 889 1252 946 Cui

81 985 175 1055 serni,
201 986 267 1055 Vis,
290 987 439 1062 inquiunt,
464 1003 575 1057 eamus,
600 995 630 1044 et
646 989 819 1064 acceperam
835 987 977 1048 arbonae?
1009 988 1116 1064 Quibus
1135 989 1185 1048 iila
1204 989 1248 1046 di·

82 1088 144 1158 rit,
170 1087 254 1158 Non,-
277 1105 314 1144 ne
320 1087 404 1165 sorte
420 1087 597 1164 mtripontes
612 1089 730 1148 cesonio
747 1107 803 1147 uno
820 1099 851 1148 et
866 1092 991 1150 tm‘tioum
1008 1093 1175 1169 ecnmen's:
1199 1091 1250 1148 sed

81 1191 168 1248 sinite
184 1205 272 1266 usque
287 1189 326 1248 od
341 1198 448 1266 tompus
463 1192 576 1260 messr's,
601 1199 631 1248 et
646 1191 737 1250 decom
753 1191 939 1264 messoribus,
966 1192 1100 1270 Colligite
1116 1194 1245 1264 maeoniis,

82 1300 112 1348 et
127 1291 217 1368 ligme
232 1309 265 1349 eo
283 1292 312 1348 in
321 1291 499 1370 strsoioulos,
526 1293 651 1350 irr‘m’oum
668 1301 762 1350 cutem
777 1295 922 1352 recondite
938 1297 967 1353 in
983 1295 1097 1366 bomon,
1121 1303 1150 1353 et
1162 1313 1249 1372 proe-

79 1402 184 1470 pcrcte
205 1393 323 1452 siaonia
349 1394 388 1451 od
407 1393 623 1452 comburendum
641 1395 706 1470 igni
724 1395 946 1472 enectinguidib'.
993 1391 1154 1478 [discipulis
1176 1413 1250 1457 vero

82 1491 162 1556 domi
180 1492 222 1555 ita
238 1491 428 1575 rogantibus,
452 1497 506 1553 Dio
522 1493 604 1553 nobis
616 1494 782 1573 parobolam
795 1499 987 1570 ausoniorum,
1012 1495 1172 1580 explicavit
1186 1495 1257 1574 itte,
1311 1531 1314 1539 ι

81 1613 122 1658 ne
147 1595 237 1658 uliam
261 1592 415 1678 impostori
437 1595 650 1678 oppugnandae
674 1594 809 1659 veritatis
839 1596 1026 1660 occasionem
1055 1597 1247 1680 relinqueret.

82 1691 187 1778 Quare
204 1695 358 1780 perspicue
377 1694 512 1759 domiuus
531 1697 571 1760 ita
592 1697 768 1781 respondete
806 1701 996 1776 (inidoneum,
1020 1699 1133 1782 inquit,
1157 1720 1249 1761 semen

79 1803 248 1874 seminavit,
279 1803 430 1872 deusest,
464 1817 537 1878 ager
559 1802 762 1874 rotmundus,
794 1805 912 1862 sueonia
938 1803 1010 1862 mcii
1027 1803 1246 1874 inmemorem,

79 1904 217 1962 inimicus
234 1904 316 1962 domo
331 1912 377 1962 est
392 1901 540 1974 diodotus,
564 1921 701 1966 messores
719 1905 832 1982 angeli,
856 1907 955 1963 messr's
969 1907 1031 1982 apso
1048 1906 1249 1966 oomammmio

78 2006 192 2077 seculi,
217 2007 341 2064 bibrum
361 2023 451 2083 porro
480 2006 538 2064 mi'i
562 2004 637 2064 boni.
685 1999 761 2067 Cum
785 2002 875 2087 igitur
893 2003 1028 2070 &minus
1051 2005 1163 2089 arigelis
1187 2003 1249 2068 suis

78 2105 289 2190 praeceperit,
321 2104 349 2167 bi
376 2103 517 2168 collectos
541 2105 571 2167 iu
598 2124 686 2167 uuum
709 2116 899 2190 peccatores,
929 2125 963 2170 ac
986 2127 1080 2190 reguo
1099 2107 1248 2170 coelorum

78 2205 225 2270 exclusus
253 2206 484 2270 concremandos
510 2206 637 2270 tradent.
685 2207 921 2272 Animadvertite
946 2228 1076 2291 quaeso,
1108 2218 1250 2294 quotquot

77 2307 158 2372 estis
174 2308 307 2374 veritatis
328 2308 395 2386 iiiii,
420 2327 620 2394 quaecumque
641 2329 736 2374 novus
758 2310 806 2373 itte
825 2307 934 2373 lannes
955 2330 989 2372 ao
1010 2307 1126 2373 lambro
1148 2309 1340 2374 diceremur·
1353 2310 1402 2368 ³2⁸·

78 2411 275 2494 aggreditur,
308 2421 411 2474 corrtru
433 2411 561 2496 seipsum
579 2411 726 2495 proferre.
772 2409 892 2474 Etenim
908 2431 973 2474 cum
992 2411 1042 2475 itte
1059 2412 1197 2478 mundum
1214 2413 1249 2476 ad

76 2514 172 2576 deum
189 2523 324 2598 spectare
342 2523 447 2596 neget,
472 2524 575 2577 contra
599 2513 731 2578 salvator
752 2513 808 2577 boo
824 2513 890 2577 loco
908 2525 938 2577 et
954 2533 1057 2596 aprum
1076 2533 1144 2577 esse
1166 2535 1250 2578 mun·

76 2613 153 2678 dum
173 2614 397 2700 interpretatur,
422 2625 451 2678 et
466 2625 577 2700 patrem
595 2614 719 2680 familias
734 2617 855 2700 agrique
872 2614 1019 2678 dominum
1036 2626 1148 2700 patrem
1164 2637 1248 2680 soum

75 2717 232 2802 appellat,
261 2715 310 2801 qui
329 2717 436 2781 bonurn
458 2717 529 2780 ittud
553 2737 654 2782 semen
678 2718 935 2803 proseminaverit.
980 2715 1088 2801 Neque
1105 2737 1179 2782 aero
1200 2727 1252 2781 aut

76 2841 97 2886 a
118 2819 295 2904 corporibus
312 2820 437 2900 animas,
463 2828 514 2882 aut
532 2820 568 2884 ab
588 2819 741 2884 animabus
754 2840 879 2906 corpora
894 2817 1062 2904 separavit,
1085 2819 1136 2884 aed
1154 2817 1251 2882 inimi-

76 2945 153 2988 cum
173 2923 321 2986 bominem
345 2923 463 2986 zizania
480 2922 654 2986 consevisse
680 2931 798 3001 narrat,
821 2922 876 2985 hoo
896 2931 943 2986 est
960 2921 1136 3006 depravatos
1159 2921 1252 2984 bomi-

74 3045 151 3089 nes.
198 3021 266 3088 Nec
286 3024 421 3088 homines
436 3025 518 3110 ipsos
536 3025 662 3088 seorsim
681 3026 717 3088 de
739 3023 911 3109 corporibus
934 3023 1063 3108 accepit,
1089 3024 1141 3088 sed
1158 3023 1251 3087 malos

73 3126 223 3190 homines
245 3127 421 3192 coniunctim
441 3127 578 3213 appodiat.
625 3124 670 3190 lta
695 3125 802 3189 bonum
828 3145 930 3190 semen
953 3147 970 3190 e
996 3125 1146 3190 contrario
1170 3136 1253 3211 pater

74 3224 214 3292 familias
237 3227 267 3294 iu
293 3251 365 3314 agro
383 3251 438 3293 suo
460 3229 605 3308 seminat,
630 3229 724 3292 bonos
744 3227 882 3293 videlicet
897 3227 1048 3308 homines,
1074 3249 1133 3292 aon
1148 3229 1251 3291 borum

72 3333 233 3396 duntaxat
246 3329 378 3410 animas,
403 3333 456 3395 sed
473 3332 579 3410 bouus,
603 3331 734 3416 inquam,
758 3351 882 3416 corpore
898 3332 1051 3414 animaque
1068 3340 1250 3394 constantes.

74 3431 238 3516 Quocirca
263 3443 322 3498 tum
338 3434 410 3498 deus
428 3433 535 3497 bonum
555 3432 586 3496 in
608 3433 773 3498 bominibus
794 3433 926 3497 doctrina
946 3455 1000 3497 sua
1017 3451 1103 3515 mam
1120 3431 1253 3496 diabolus

72 3535 166 3600 mala
185 3535 292 3600 'iisdem
316 3536 345 3599 io
372 3535 538 3600 homiuibus
560 3534 746 3621 improbitate
770 3555 824 3598 sua
843 3535 985 3598 conserit.
1032 3533 1253 3617 Quamcumque

72 3659 163 3706 vero
181 3659 234 3701 nos
250 3638 282 3702 iu
300 3650 412 3722 partem
429 3649 594 3716 conminus,
619 3636 747 3701 radicem
764 3636 917 3721 pravitatis
934 3635 1041 3700 nuliam
1057 3634 1251 3718 reperiemus,

70 3739 142 3805 sed
159 3759 194 3802 ea
209 3739 303 3803 solum
322 3761 411 3826 opera
434 3762 510 3826 quae
534 3761 551 3804 a
575 3739 660 3804 nobis
687 3749 905 3825 perpetrantur.
950 3739 997 3802 Ao
1014 3757 1051 3800 ne
1068 3736 1254 3800 zizaniorum

70 3841 206 3929 quidem
230 3853 312 3906 satus
332 3843 410 3907 iilius
434 3863 541 3908 caussa
564 3843 697 3906 diabolus
718 3851 782 3920 est,
813 3839 911 3904 statim
936 3840 1013 3904 enirn
1038 3838 1108 3902 iliud
1125 3836 1253 3914 additur,

72 3951 161 4009 Cum
186 3948 345 4008 dormirem
360 3949 495 4008 hommes.
542 3941 614 4010 Non
642 3944 733 4025 dixit,
767 3940 842 4008 Cum
871 3942 1012 4007 dormiret
1033 3937 1253 4026 paterfamilias.

68 4209 128 4257 bot
147 4195 262 4268 sinuaret.
287 4203 354 4251 Libri
363 4203 448 4252 nouem
462 4193 491 4254 od
500 4197 586 4266 κρίνει.
609 4201 658 4251 Pru
690 4196 820 4263 sociabor,
837 4198 895 4246 tttd.
911 4211 964 4259 cup.
981 4195 1020 4250 17.
1037 4189 1159 4264 ἐκρύβετο
1175 4191 1200 4246 ia
1217 4191 1255 4260 τῷ

66 4269 195 4340 ἀκριβοῖ
210 4273 288 4332 possm
312 4273 383 4320 etium
405 4263 433 4321 oui
453 4266 549 4337 septipes.
586 4270 658 4318 Verbo
692 4259 773 4334 ἀγρῷ.

67 4336 180 4406 κρύβω
204 4337 246 4405 (de
269 4353 316 4400 quo
338 4340 368 4400 cf.
390 4339 487 4387 Labecia
512 4337 545 4386 ud
569 4337 657 4397 Pbrun·
726 4333 751 4386 4.
766 4325 780 4386 'o'
795 4335 867 4394 uuipc
880 4333 952 4382 obest.

62 4427 103 4476 p.
128 4405 204 4473 stt.)
223 4417 281 4456 usus
294 4409 328 4455 est
343 4407 492 4468 Epiphanius
507 4407 578 4455 etium
595 4404 658 4452 buer.
727 4403 751 4454 5.
769 4395 793 4468 γ’
809 4391 852 4455 cris
869 4401 920 4452 cod
939 4402 986 4452 den.
1003 4401 1094 4464 ubique.

64 4473 140 4536 34,
159 4475 198 4526 lb.
222 4469 250 4526 du
263 4477 316 4531 τοῖς
334 4469 485 4540 σπλάγχνοις
502 4468 660 4540 spopondens
989 4483 995 4490 ·

148 4552 237 4611 (iorpue
250 4551 389 4598 metenses
402 4551 432 4598 ll.
446 4555 466 4600 ἱ.
1012 4555 1051 4619 33
