3168 4926
619 241 816 294 namrarro.
1256 261 1295 308 ιχ

129 381 171 447 ab
192 397 229 446 eo
250 379 445 462 praestitam
467 397 541 446 esse
562 381 677 462 putare
697 378 787 460 licet,
812 377 935 461 pariter
955 375 1117 444 haedinae
1138 376 1297 461 suspicari

130 491 312 559 debeamus.

212 603 305 681 Quae
327 619 400 668 cum
421 603 469 668 ita
490 609 614 682 esseut,
635 606 808 684 postquam
830 617 890 684 ego
904 598 1032 665 Panarii
1047 617 1197 666 unacum
1210 601 1297 666 Ana·

132 713 336 797 cephalaeosi
356 713 547 780 recensendi
568 712 747 795 edendique
762 709 928 777 consilium
944 709 1027 792 cepi,
1048 709 1081 775 id
1097 716 1173 776 ante
1189 710 1296 776 omnia

132 826 292 908 agendum
314 841 387 890 esse
409 824 475 890 vidi
495 829 540 890 ut
566 823 717 890 librorum
738 827 936 889 vetustomm
959 821 1077 888 auxilia
1098 838 1217 903 eosque
1239 840 1294 904 ap

131 943 264 1020 paratus
287 935 366 1002 mihi
388 949 604 1018 compararem
626 934 741 1018 quibus
770 935 891 1018 scripta
920 951 958 1000 ea
980 951 1062 1016 quae
1083 933 1297 999 innumerabi-

131 1047 213 1115 bbus
236 1047 316 1112 locis
339 1047 453 1112 vitiata
474 1051 507 1112 et
528 1050 678 1128 corrupta
693 1046 855 1126 iacebant,
877 1045 1054 1128 quibusque
1070 1050 1146 1128 post
1160 1044 1216 1110 Th.
1232 1043 1296 1112 Ga·

131 1160 294 1240 taborum,
321 1157 480 1224 hominem
501 1157 581 1224 satis
605 1173 754 1239 sagacem
776 1175 835 1223 nec
856 1155 1025 1224 infeliciter
1045 1157 1078 1222 in
1100 1157 1296 1239 temptandis

131 1269 415 1351 emaodaudisque
441 1269 562 1351 aliquot
589 1269 667 1334 locis
690 1275 867 1348 versatum,
897 1268 948 1333 vix
975 1267 1060 1334 ullus
1089 1285 1218 1350 operam
1241 1267 1298 1333 ali·

132 1399 229 1464 quam
251 1380 423 1462 impendit,
444 1399 515 1446 cum
529 1379 592 1445 lide
615 1386 649 1444 et
670 1379 860 1445 auctoritate
877 1379 904 1443 ei
919 1397 983 1444 non
996 1378 1136 1459 restitui,
1159 1381 1296 1444 atcerte

131 1491 266 1575 purgari
296 1491 520 1573 emendarique
547 1496 689 1572 possent.
738 1492 843 1572 Atque
870 1507 966 1555 manu
994 1495 1142 1555 exaratos
1171 1488 1297 1556 codices

131 1602 239 1668 inveni
258 1601 498 1667 commemorari
510 1601 668 1666 Venatum
684 1600 894 1667 bibliothecae
917 1599 949 1666 S.
962 1599 1062 1666 Marci
1084 1619 1150 1666 nro.
1166 1598 1298 1680 CXXV,

131 1712 419 1778 Vratislauiensem
439 1711 649 1778 bibliothecae
671 1711 928 1793 Rhedigeranae,
956 1711 1024 1776 siue
1046 1710 1298 1793 Rehdigeranae,

132 1831 169 1891 ut
190 1824 245 1891 alii
267 1823 386 1890 rectius
407 1822 546 1888 scribere
573 1821 635 1888 sibi
656 1821 718 1888 uisi
739 1830 828 1903 sunt,
857 1839 950 1904 quem
972 1821 1087 1887 librum
1109 1839 1173 1888 non
1193 1821 1299 1888 diver-

134 1955 204 2004 sum
226 1953 302 2002 esse
323 1935 365 2000 ab
386 1953 424 2000 eo
446 1935 593 2016 suspicor
614 1951 707 2015 quem
729 1933 752 1999 l.
769 1934 801 2000 Ο.
817 1933 969 2000 Barthius
984 1933 1017 1999 in
1033 1931 1240 1999 adnotatione
1256 1932 1299 1998 ad

135 2047 303 2113 Claudiani
318 2047 426 2128 Opera
446 2061 519 2127 pag.
531 2045 604 2110 243.
622 2045 671 2110 ed.
687 2045 810 2110 Hanov.
828 2044 919 2111 1612.
941 2043 1208 2127 „elegantissimis
1225 2043 1299 2110 che·

132 2157 310 2224 molaribus
334 2153 487 2237 scriptum
510 2173 583 2222 sese
604 2159 756 2222 nactum“
786 2173 859 2222 esse
886 2155 1043 2236 camach,
1071 2155 1187 2220 deinde
1214 2153 1299 2221 codi-

133 2287 201 2336 cem
222 2271 395 2334 lenensem
416 2265 629 2332 bibliothecae
650 2266 857 2347 Academiae,
888 2265 1028 2332 codicem
1050 2265 1231 2332 Parisinum
1252 2264 1299 2332 bi·

131 2381 313 2447 bliothecae
338 2376 413 2443 olim
439 2376 548 2459 regiae
574 2376 715 2442 numeris
735 2375 988 2442 ccccxxxiii.
1009 2383 1042 2442 et
1065 2375 1298 2444 DOOOXXXV.

133 2494 308 2574 signatrmr,
331 2506 394 2572 quo
415 2487 588 2570 Dionysius
610 2486 762 2553 Petarius
784 2505 866 2552 usus
886 2492 944 2554 est.
988 2488 1129 2565 Quorum
1146 2487 1298 2554 librorum

131 2620 225 2684 quem
247 2601 351 2683 primo
373 2600 444 2688 loco
464 2598 646 2680 nuncupavi
674 2597 769 2680 longe
791 2597 996 2663 utilissimum
1023 2596 1091 2664 iore
1120 2599 1229 2665 studm
1250 2599 1298 2665 in·

131 2712 239 2778 tellexi
262 2715 434 2794 postquam
456 2713 677 2790 excerptorum
699 2727 738 2775 ex
761 2729 799 2776 eo
822 2710 915 2793 copia
935 2709 968 2772 in
990 2727 1104 2774 manue
1120 2727 1209 2775 meas
1226 2727 1297 2792 per-

132 2823 225 2888 venit
269 2823 303 2886 Is
321 2820 424 2887 solum
439 2819 553 2885 librum
568 2818 698 2885 Panarii
716 2820 853 2903 primum
873 2827 907 2886 et
929 2818 1061 2886 secundi
1077 2824 1197 2885 tomum
1213 2819 1299 2902 prio·

132 2951 198 2999 rem
220 2932 457 3014 complectitur,
479 2935 512 2995 et
534 2934 661 2996 constat
682 2928 767 2996 loliis
784 2930 1034 2998 membranaceis
1050 2929 1127 3010 394,
1149 2931 1189 2996 ab
1205 2930 1298 2996 loan-

132 3062 171 3109 ue
191 3043 381 3126 presbytero
403 3059 488 3108 anno
510 3040 642 3106 MLVII.
655 3040 806 3123 bipertito
829 3041 1033 3123 conscriptia;
1055 3059 1083 3106 v.
1098 3041 1224 3107 Zanetti
1239 3041 1298 3108 Oa·

131 3154 184 3219 tal
206 3173 282 3237 pag.
301 3155 350 3220 71.
394 3152 492 3218 Cuius
514 3150 586 3217 libri
614 3169 676 3234 ope
699 3151 833 3234 contigit
853 3170 917 3217 non
938 3151 1043 3218 solum
1064 3159 1101 3218 ut
1121 3153 1203 3220 duas
1224 3151 1298 3219 illas

132 3264 304 3346 ampliores
324 3263 458 3329 lacunas
480 3263 594 3345 quibus
616 3263 765 3328 laborant
785 3261 908 3344 vulgati
929 3263 1056 3345 generis
1079 3263 1205 3329 codices
1226 3281 1297 3330 cum

130 3380 267 3457 utraque
289 3374 428 3440 editione
449 3373 525 3439 inde
546 3373 685 3455 repetita
707 3373 794 3456 (nam
809 3374 919 3455 tertia,
942 3393 1023 3456 quae
1037 3373 1134 3457 vulgo
1151 3391 1225 3440 esse
1239 3393 1298 3458 pu·

131 3489 234 3566 tatur,
263 3503 336 3567 pag.
353 3485 424 3550 708.
447 3484 496 3548 ed.
519 3483 646 3566 Petam,
673 3503 776 3566 neque
802 3485 836 3550 in
863 3485 955 3550 codd.
979 3503 1056 3552 mss.
1079 3485 1221 3556 indicata
1241 3488 1298 3551 aut

131 3593 312 3679 significata
333 3577 400 3674 cat,
419 3600 467 3675 et,
488 3599 659 3677 postquam
680 3594 832 3661 facillima
854 3595 1037 3662 coniectura
1057 3597 1146 3663 locus
1162 3600 1296 3662 sanatus

132 3713 195 3787 eat,
227 3705 397 3788 apparebit
419 3723 492 3771 esse
514 3705 611 3789 plane
633 3705 736 3786 nulla,
764 3707 812 3772 ita
833 3713 871 3772 ut
889 3725 954 3773 una
974 3707 1038 3773 iam
1059 3711 1161 3772 restet
1182 3711 1298 3788 quarta

131 3836 213 3900 quae
233 3821 287 3882 est
305 3815 340 3880 in
364 3815 492 3882 haeresi
513 3817 774 3884 Marcionitarum
800 3837 874 3902 pag.
890 3818 977 3898 342,
1006 3834 1089 3899 quae
1109 3835 1150 3882 ne
1172 3815 1297 3884 Veneto

131 3928 259 4010 quidem
278 3925 359 3992 libro
381 3926 540 4010 expletur)
569 3926 603 3994 in
630 3928 757 3994 haeresi
777 3929 1044 4012 origenianorum
1071 3937 1144 4010 pag.
1164 3927 1237 3995 576.
1264 3933 1298 3996 et

131 4057 200 4122 pag.
212 4037 287 4104 596.
309 4039 359 4103 ed.
372 4037 482 4104 Petav.
498 4037 673 4121 explorem,
695 4038 912 4122 plurimosque
933 4039 1021 4104 locos
1043 4037 1097 4120 qui
1118 4039 1215 4123 vulgo
1229 4019 1297 4106 cor·

130 4147 308 4232 ruptiasimi
329 4148 533 4230 legebantur,
562 4149 753 4231 praesertim
773 4150 808 4215 in
829 4151 876 4216 eis
897 4149 1044 4234 partibus
1066 4167 1146 4233 quas
1168 4151 1210 4215 de
1230 4151 1296 4217 Ire-

132 4261 203 4326 mei
224 4259 315 4326 libris
339 4259 493 4326 adversim
516 4260 669 4326 haereses
691 4260 820 4343 scriptis
842 4278 901 4326 suo
914 4258 1115 4342 Epiphanius
1138 4260 1227 4344 operi
1248 4259 1297 4326 in-

134 4371 244 4451 sunit,
266 4367 488 4450 emendarem,
510 4370 568 4436 sed
592 4370 689 4436 etiam
703 4371 832 4438 turbato
847 4370 1059 4436 membrorum
1075 4370 1227 4438 orationis
1245 4390 1296 4437 or-

134 4479 196 4548 dini
221 4479 255 4548 in
284 4480 333 4548 eis
360 4497 443 4564 quae
470 4482 512 4549 de
537 4481 619 4550 libro
641 4481 796 4552 Methodii
818 4481 859 4550 de
879 4483 1125 4555 Resumectione
1146 4487 1296 4568 excerpta
