3186 4928
379 250 515 303 raanan
531 251 595 304 nro.
609 252 643 302 n.
660 251 742 304 root.
755 252 775 303 ι.
793 249 891 302 narn.
905 249 997 302 axrv.
1208 237 1266 300 341

111 392 150 457 pe
167 381 318 457 peccatum
336 391 422 436 omne
442 391 477 434 ao
494 381 617 436 conatus
636 370 811 436 adminiculo
829 369 928 436 carnis
949 370 984 432 ad
1007 369 1141 434 effectum
1164 369 1270 454 perdu-

111 474 201 538 citur.
248 471 447 558 Quamobrem
471 494 684 559 saepenumero
707 473 737 538 in
763 472 896 558 epistolis
920 472 1019 536 eadem
1039 471 1093 536 illa
1116 473 1270 536 manifeste

111 575 199 641 nobis
214 575 367 642 inculcans
382 577 484 661 lugere
500 575 693 660 aversariqoe
709 575 801 640 iubet.
845 579 943 638 Nolite
958 597 1069 649 orare,
1093 575 1198 658 inquit,
1221 597 1270 638 ne·
1282 590 1392 646 acuar,
1402 591 1422 636 a.
1457 573 1461 583 “

110 703 167 762 que
175 682 387 762 fornicatores,
411 701 501 760 aeque
515 682 692 752 idololatrae,
717 700 769 740 nec
785 681 919 752 adultera}
944 699 1033 759 nepae
1049 680 1156 751 molles,
1181 699 1270 758 neptae

110 787 299 845 mastalonem
317 784 527 856 concubitores,
557 803 646 863 aeque
669 783 767 862 fieres,
798 802 849 844 nec
873 784 970 855 caari,
1001 801 1053 842 nec
1069 781 1157 853 ebrii,
1182 801 1270 860 aeque

109 889 330 959 menecratem,
354 907 443 966 nepae
461 896 590 965 raptores
604 905 722 964 regnam
738 887 787 946 dei
796 885 990 964 possidebunt.
1037 879 1169 960 Deinde,
1193 882 1269 964 quod
1341 953 1347 970 .

110 997 200 1072 eaput
216 999 279 1068 est,
304 997 336 1050 ut
354 1009 408 1052 nos
426 987 462 1050 ad
486 996 637 1072 peccatum
661 985 739 1050 omni
762 1006 818 1070 ope
843 985 992 1048 vitandum
1014 995 1045 1048 et
1062 983 1268 1046 excutiendum

111 1089 295 1175 impelleret,
318 1093 480 1152 imitatores
497 1094 566 1164 mei,
592 1088 702 1173 inquit,
725 1100 828 1162 estote,
851 1092 926 1150 strat
946 1100 976 1149 et
989 1109 1042 1167 ego
1059 1089 1176 1148 Christi.
1224 1081 1269 1148 lta
1282 1095 1421 1150 romanu

109 1215 170 1256 non
188 1193 302 1276 agendo
320 1192 587 1276 committendoquc
605 1212 678 1275 quae
694 1191 804 1268 nollet,
826 1191 878 1253 sed
897 1190 1052 1274 cogitando
1070 1188 1165 1252 solum
1183 1207 1269 1272 sope-
1364 1175 1367 1180 ¹

109 1295 193 1360 riora
210 1293 258 1358 illa
276 1296 439 1380 proposuit.
485 1293 605 1379 Alioqui
622 1293 671 1378 qui
690 1303 790 1377 posset
807 1293 936 1356 imitator
952 1287 1063 1356 Christi
1084 1311 1151 1354 esse
1174 1291 1270 1374 perle-

109 1399 197 1461 ctos?
240 1395 330 1462 Nono
346 1409 443 1462 autem
466 1419 531 1460 cum
547 1417 636 1482 saepe
655 1395 814 1460 bestiarum
833 1394 950 1480 proprie
970 1393 1054 1460 nobis
1073 1393 1268 1477 cogitationes

108 1500 257 1580 incidant,
281 1521 355 1584 qnae
379 1521 433 1563 nos
456 1499 513 1563 alia
536 1499 609 1563 alias
631 1498 788 1583 cupiditate
812 1519 846 1562 ac
868 1497 1039 1566 curiositate
1062 1497 1239 1582 compleant,

330 1623 495 1681 Muccurum
517 1622 608 1680 ueluti
624 1623 774 1680 densorum
795 1622 926 1679 esemona
947 1620 1047 1692 multo,
1279 1625 1307 1671 u.
1321 1625 1349 1682 lt,
1365 1627 1410 1673 tta.

107 1809 233 1886 idcirco,
257 1805 327 1872 Non
346 1807 423 1892 qood
437 1807 518 1886 volo,
542 1806 628 1884 dixit,
653 1805 708 1870 boo
724 1804 812 1870 lucio.
857 1803 944 1890 Quae
961 1806 1077 1890 quidem
1095 1813 1266 1869 constanter

108 1933 150 1975 ex
166 1911 266 1974 animo
282 1909 426 1974 elicienda
442 1921 522 1989 sunt,
547 1920 578 1974 ut
594 1910 629 1974 od
647 1908 757 1973 nullum
773 1909 892 1972 omnino
909 1909 1033 1974 faciendi
1052 1929 1127 1994 quae
1141 1907 1269 1974 suaserit

107 2015 203 2098 gratia
221 2013 412 2076 declinemus.
458 2009 498 2076 Ut
514 2012 590 2074 enim
609 2012 643 2075 ad
661 2012 791 2076 coeleste
810 2033 933 2096 regnum
951 2012 1163 2090 adscribamur,
1188 2019 1268 2096 post·

107 2137 195 2201 quam
217 2135 271 2201 per
294 2135 397 2179 omnes
416 2113 582 2199 voluptates
599 2133 635 2178 ac
652 2114 769 2178 dolores
793 2114 954 2200 perieulum
979 2114 1073 2179 nostri
1097 2113 1266 2191 fecerimus,

107 2229 276 2284 utrumnam
294 2227 466 2281 constantes
485 2227 571 2301 atquo
590 2216 784 2282 immutabiles
805 2217 913 2295 simn's,
939 2216 1089 2302 elabique
1106 2216 1267 2301 incorrupti

107 2322 205 2386 instar
219 2320 284 2384 auri
301 2319 370 2405 igne
385 2330 471 2404 atque
486 2319 622 2383 incendio
638 2319 769 2405 probati,
794 2319 864 2384 nibil
880 2341 896 2384 a
913 2319 1029 2405 propria
1047 2319 1157 2386 virtute
1172 2317 1267 2384 desci-

108 2425 258 2503 verimus,
283 2435 343 2488 tum
362 2443 435 2488 vero
450 2421 598 2508 plerisque
614 2422 704 2488 rebus
725 2422 840 2486 animus
856 2431 959 2486 noster
974 2421 1162 2507 perturbatur
1178 2431 1267 2505 atque

106 2525 238 2610 angitur.
284 2521 484 2608 Quamobrem
503 2525 617 2588 fortiter
636 2545 690 2588 nos
712 2507 813 2590 eorum
836 2523 989 2588 conatibus
1007 2543 1156 2610 opponere
1178 2523 1266 2588 debe-

106 2649 186 2694 mns.
232 2625 484 2712 Quemadmodum
502 2647 613 2711 genere
628 2647 661 2694 sc
680 2626 788 2690 milites
809 2625 922 2703 solent,
948 2625 1080 2710 quicum
1101 2647 1135 2692 se
1155 2626 1191 2690 ab
1214 2626 1266 2692 bo·

106 2731 204 2796 stibus
219 2730 347 2796 obsideri
365 2730 479 2810 rident,
505 2729 608 2792 borum
625 2729 741 2814 sagittis
758 2751 792 2792 ac
810 2727 912 2792 iaculis
934 2729 1108 2814 contemptis
1126 2730 1265 2794 tutandae

107 2833 190 2898 urbis
206 2833 301 2918 gratia
318 2853 424 2917 magno
445 2831 542 2896 animo
558 2830 782 2916 impressionem
799 2831 829 2894 io
847 2851 899 2895 eos
918 2830 1045 2911 iaciunt,
1071 2852 1165 2916 oeque
1185 2832 1265 2917 quio-

106 2957 196 3021 quam
213 2936 300 3000 studii
317 2935 570 3020 praetermittunt,
594 2937 689 2998 donec
704 2935 867 2997 conlectum
884 2933 999 2998 illorum
1016 2935 1133 3018 globum
1149 2935 1265 3020 propul-

105 3049 176 3102 sent
199 3049 286 3122 atque
306 3049 393 3102 extra
418 3037 492 3100 dues
516 3057 587 3101 suos
612 3035 743 3100 eiiciaot.
788 3033 881 3100 Vides
905 3039 981 3100 enim
1009 3036 1050 3100 uti
1073 3037 1266 3120 cogitationes

105 3151 229 3227 propter
243 3150 392 3224 peccatum
408 3138 491 3219 illud,
515 3140 591 3223 quod
607 3139 636 3204 in
651 3139 736 3204 nobis
750 3139 872 3217 habitat,
898 3139 1086 3204 extrinsecus
1100 3139 1265 3224 insurgant,

106 3245 191 3308 velot
206 3243 296 3306 rabidi
314 3243 430 3327 qnidam
447 3261 548 3319 canes,
570 3240 617 3306 vel
634 3243 760 3309 audaces
777 3263 812 3306 ac
828 3242 985 3306 truculenti
999 3242 1174 3327 praedones,
1193 3263 1266 3326 quos

103 3346 243 3410 immanis
261 3344 308 3408 ille
326 3356 468 3431 tyrannus
485 3354 515 3407 et
534 3342 694 3409 iniustitiae
712 3344 848 3430 princeps
868 3343 987 3408 assidue
1005 3343 1034 3406 in
1055 3365 1109 3408 uos
1125 3343 1265 3408 immittit.

105 3449 208 3532 Atque
225 3447 261 3510 ab
282 3447 319 3511 iis
337 3448 452 3532 quidem
470 3447 643 3532 probamur,
667 3458 763 3512 utrum
783 3448 923 3511 resistere
940 3447 1027 3532 ipsis,
1052 3457 1140 3531 atque
1159 3467 1198 3510 ex
1217 3448 1266 3510 ad.-

104 3571 198 3615 verso
221 3550 302 3614 velut
321 3551 351 3614 io
375 3550 439 3614 acie
462 3551 626 3614 consistere
650 3549 806 3634 possimus.

193 3653 261 3736 Age
284 3651 383 3737 itaque
407 3653 474 3717 ride
498 3653 558 3732 sis,
587 3652 702 3733 anima,
732 3673 769 3718 ne
794 3651 921 3716 infracta
947 3652 1120 3736 quandoque
1142 3651 1172 3714 in
1195 3649 1264 3714 illud
1302 3653 1360 3716 cap.

104 3766 281 3820 transversa
299 3756 441 3841 rapiaris,
466 3775 521 3820 neo
543 3753 602 3818 ullo
621 3765 650 3818 te
668 3754 879 3841 redemptionis
903 3755 996 3841 pretio
1014 3754 1138 3819 liberare
1161 3773 1266 3837 possu-
1295 3722 1364 3774 th.

101 3877 185 3922 mus.
228 3862 317 3936 Quum
331 3864 402 3921 enain
417 3863 656 3922 coniectationem
674 3860 752 3920 dabat
767 3862 847 3947 borno
858 3881 915 3940 pro
928 3864 1021 3921 anemo
1036 3862 1112 3918 suot
1143 3853 1185 3918 Et
1202 3853 1264 3939 qui-
1284 3855 1369 3955 {¹3⁸2}

102 3961 173 4026 dem
196 3962 352 4045 optandum
375 3961 445 4026 illud
469 3971 533 4025 crat
550 3983 584 4025 ae
602 3960 729 4030 laetitiae
750 3961 968 4046 plenissimum,
993 3960 1087 4023 nullos
1108 3968 1141 4022 ut
1161 3958 1265 4022 adver·
1317 3941 1324 3966 ’

101 4063 205 4129 sorios
219 4073 304 4148 atque
322 4063 424 4128 bootes
441 4063 626 4130 haberemus.
673 4060 733 4128 Sed
751 4063 886 4147 quoniam
903 4063 965 4126 fieri
985 4062 1060 4126 istud
1079 4081 1138 4124 non
1155 4070 1263 4146 potest,

101 4177 134 4230 et
162 4167 239 4250 quod
268 4165 403 4232 volumus
432 4187 613 4252 nequaquam
642 4165 838 4250 assequimur.
885 4163 1028 4228 Volumus
1056 4163 1133 4228 euim
1157 4164 1264 4228 babere

99 4360 168 4407 eam
183 4358 255 4418 ampo
271 4321 337 4424 ἅχρὶ.
701 4358 765 4420 quoa
783 4357 837 4406 rua
858 4357 963 4406 renone
998 4351 1034 4413 εἰς
1058 4352 1156 4421 μηδένα
1176 4356 1267 4417 praem

138 4425 164 4475 5.
182 4419 263 4490 μηδὶν
289 4427 356 4489 (out,
373 4429 394 4475 si
410 4429 488 4488 acopis
503 4429 593 4488 ploret,
619 4443 668 4492 μη·
702 4427 806 4476 Pelooio.

101 4489 146 4560 bl)
165 4485 233 4552 ὅλως
246 4506 289 4556 tut
302 4495 411 4558 rumpet
424 4508 468 4558 pro
485 4493 582 4563 μηδένα
592 4486 667 4560 ὅλως,
735 4491 762 4546 6.
779 4487 923 4548 induerant
939 4494 993 4544 edit.
1008 4495 1084 4555 prino.
