3168 4926
262 213 325 263 m
749 193 942 245 rudusculo.

174 389 179 399 .
263 337 331 411 oet,
361 330 404 396 ad
433 347 551 398 annum
580 329 709 395 DLXII.
731 331 852 405 redeat
901 328 1036 394 Constat
1061 325 1146 392 loliis
1174 323 1426 393 membranaceis

266 441 341 522 137,
363 440 600 508 characteribus
618 439 820 506 nitidissimis
841 425 1001 522 tripertito
1024 437 1242 520 conscriptum
1268 437 1330 504 iuit
1350 437 1426 503 on

263 551 475 618 bibliothecae
496 549 685 618 Monostem'i
707 549 738 616 S.
754 550 877 616 Marisa
897 549 1071 632 Deiparae‚
1092 547 1179 614 unde
1193 549 1236 614 ad
1251 548 1426 615 Britannos

264 663 418 730 advectus
441 669 492 728 est
512 679 595 728 auno
614 658 837 728 MDGOCXLI.
878 659 1051 744 Epiphanii
1063 657 1191 726 libellus
1213 659 1331 743 legium
1351 659 1427 726 inde

265 773 359 840 aiol.
381 773 501 839 129.ὶ)’Δ
525 789 628 855 usque
649 770 909 838 adiol.136.h¹.

350 883 643 966 Anacephalaeosia
674 883 799 950 codices
828 881 939 965 scripti
965 881 1151 964 pervarias
1172 880 1295 964 passim
1316 879 1429 948 bibh0·

267 995 378 1062 macas
400 1000 609 1063 recensentur
631 993 825 1077 complures
856 1011 989 1075 quorum
1010 997 1135 1074 partem
1162 996 1306 1060 notatam
1326 993 1428 1060 habes

265 1107 300 1173 in
320 1106 459 1174 Fabricii
479 1105 628 1172 Biblioth.
645 1105 699 1171 Gr.
719 1105 781 1171 vol.
795 1105 892 1186 V111.,
914 1121 988 1186 pag.
1001 1103 1064 1169 263
1077 1121 1145 1186 sqq.
1167 1101 1256 1169 Harl.
1277 1102 1357 1168 Mihi
1371 1119 1428 1168 ao-

267 1221 332 1283 tam
353 1223 483 1300 praeter
505 1217 673 1282 larensem
696 1219 729 1280 at
749 1215 1035 1282 Vratislaviensem
1064 1215 1145 1280 alios
1171 1213 1330 1296 inspicere
1352 1233 1429 1298 ope·

265 1347 321 1394 rae
343 1328 486 1411 pretium¹
501 1346 566 1392 uon
583 1331 634 1392 est
649 1327 762 1392 visum.
799 1325 973 1391 Plurimum
989 1325 1098 1391 auxilii
1115 1331 1182 1392 tam
1204 1326 1247 1392 ad
1268 1325 1329 1392 hoc
1350 1345 1429 1409 opu·

269 1439 391 1506 sculum
413 1456 510 1520 quam
531 1439 574 1504 ad
596 1436 776 1504 summaria
797 1437 932 1520 singulis
949 1436 1078 1504 Pauarii
1100 1437 1196 1504 tomis
1218 1438 1361 1521 praefixa
1379 1455 1429 1504 re

269 1549 440 1632 purganda
460 1553 558 1630 atque
580 1549 780 1615 emendanda
801 1547 919 1614 adtulit
935 1547 1064 1614 loannis
1081 1548 1274 1614 Damasceni
1290 1550 1331 1616 de
1345 1549 1430 1616 Has·

268 1658 395 1727 casibus
423 1659 517 1742 liber,
548 1659 685 1742 primum
711 1660 752 1726 ab
780 1659 804 1725 1.
820 1660 857 1726 B.
873 1658 1031 1725 Cotelerio
1053 1659 1087 1724 in
1109 1659 1324 1726 Monumentis
1344 1657 1429 1725 Eccl.

269 1771 323 1838 Gr.
341 1771 401 1838 rol.
418 1772 457 1851 1.‚
480 1789 554 1854 pag.
570 1772 632 1837 758
648 1789 732 1853 sqq„
754 1769 871 1838 deinde
893 1790 914 1836 a
934 1771 975 1836 M.
992 1772 1039 1837 Le
1057 1771 1180 1849 Quieuo
1200 1771 1285 1838 inter
1306 1771 1431 1853 reliqua

269 1881 400 1950 loannis
417 1880 609 1948 Damasceui
625 1899 725 1965 opera
740 1881 940 1947 emendatius
957 1882 1072 1949 editus.
1101 1882 1206 1948 Aliam
1221 1881 1349 1948 Panarii
1365 1881 1431 1964 cpl-

269 1997 394 2073 nmen,
426 1991 528 2058 idest
549 1992 682 2076 triginta
703 1997 840 2075 quatuor
867 1993 1041 2075 primarum
1068 1991 1137 2058 eius
1164 1993 1360 2074 haeresium,
1389 1991 1430 2057 ab

268 2103 396 2172 homine
417 2104 504 2169 haud
525 2103 684 2171 inerudito
709 2102 899 2186 confectam,
923 2103 1063 2170 servavit
1084 2103 1184 2169 codex
1206 2103 1344 2185 scriptus
1368 2101 1429 2168 Pa

268 2214 387 2282 risimus
404 2213 615 2282 bibliothecae
628 2214 703 2281 olim
724 2214 833 2297 regias
854 2233 921 2280 nro.
935 2213 1133 2295 dcccclv„
1155 2213 1358 2296 gossypinus,
1378 2231 1430 2279 se·

270 2325 333 2392 culi
347 2325 434 2391 XIII.
457 2326 499 2408 (v,
518 2325 619 2391 Gatal.
637 2325 718 2392 Bibl.
736 2325 858 2407 Regma
879 2324 940 2390 rol.
953 2323 1002 2404 II,
1022 2343 1095 2408 pag.
1113 2325 1207 2407 lod),
1229 2324 1319 2389 curius
1336 2323 1371 2389 iu
1385 2323 1431 2389 so·

269 2437 313 2502 lio
328 2437 380 2504 hh.
396 2457 422 2503 r.
443 2435 562 2520 legitur
577 2437 658 2504 haec
672 2435 854 2520 inscriptio:
872 2430 926 2496 'Ea
940 2439 993 2513 τῆς
1014 2435 1120 2514 βίβλου
1137 2439 1192 2498 τοῦ
1213 2433 1244 2498 έν
1266 2429 1362 2516 tipicis
1375 2459 1432 2498 ππ-

270 2543 340 2630 τρὸς
362 2542 449 2626 ἡμῶν
467 2544 650 2624 Ἐπιφασέου
679 2541 845 2610 ἐπισκόπου
867 2541 997 2628 Κύπρου
1024 2549 1076 2626 τῆς
1102 2542 1178 2608 acad
1199 2551 1258 2608 τῶν
1279 2545 1430 2630 αἱρέσεων,

271 2652 337 2736 ἥτις
365 2653 518 2737 ἐπεκλήθη
548 2652 719 2738 Πανᾶριον,
753 2651 819 2736 ἤτοι
849 2652 1018 2735 Κιβώτιον,
1049 2658 1213 2738 γραφείσης
1239 2653 1309 2739 παρ’
1337 2653 1433 2720 αὐτοῦ

271 2761 390 2842 dissidet
413 2773 504 2831 τινοῖν
524 2765 760 2849 ἆρχεμανὸριτοῖν
787 2766 839 2828 καὶ
853 2765 1084 2850 πρεσβυτέρων,
1113 2762 1253 2832 Ἀπαπίοο
1274 2768 1326 2832 παὶ
1349 2763 1434 2831 Παδ-

271 2883 340 2954 lou,
364 2867 407 2942 ὧν
428 2872 465 2940 τὰ
487 2872 669 2960 μονασεὴρισ
691 2876 724 2940 έν
744 2881 782 2963 τῇ
805 2879 901 2963 Κοίλῃ
924 2876 1029 2961 Συρίᾳ.
1072 2877 1171 2960 Inssip.
1192 2872 1287 2957 Ἀδᾶμ
1309 2883 1345 2966 τῇ
1364 2878 1434 2966 ἕκτῇ

270 2983 369 3075 ἡμέρᾳ
391 2987 536 3060 πλασθεὶς
557 2982 617 3050 circo*
639 2991 692 3067 τῆς
713 2991 782 3069 γῆς,
811 2987 863 3052 fin.
886 2985 939 3052 iol.
955 2987 1006 3052 64.
1015 3007 1043 3054 v.
1072 2987 1122 3054 his
1144 2987 1266 3055 Verbis:
1296 2983 1357 3052 ἆπό
1380 2991 1435 3052 τοῦ

272 3100 381 3172 αἰῶνος
402 3096 526 3162 τούτου·
556 3092 619 3159 εἶτα
643 3100 797 3179 μερίζουσι
819 3093 912 3160 αὐτόν
934 3093 1136 3184 ὀποβαλσάμῳ
1159 3099 1211 3162 παὶ
1232 3097 1371 3181 γενέσθαι
1390 3095 1434 3160 λέ-

273 3229 357 3293 γουσι
379 3208 496 3273 τέλειον.
539 3209 578 3274 ld
595 3208 783 3291 opusculum
805 3207 945 3273 fortasse
961 3225 1079 3290 operae
1094 3209 1232 3292 pretimn
1249 3211 1311 3276 erit
1323 3215 1360 3274 ut
1377 3227 1435 3292 pu·

273 3319 348 3387 blici
368 3319 448 3386 iuris
468 3319 535 3384 fiat.
578 3319 672 3398 Quod
694 3319 724 3384 si
744 3319 884 3402 spetlum
907 3317 999 3384 alteri
1021 3319 1115 3386 huius
1134 3320 1263 3386 Pauarii
1286 3319 1434 3386 editionis

273 3435 360 3497 tomo
383 3431 423 3498 ab
445 3428 681 3496 honestissimis
704 3429 773 3494 eius
789 3429 1045 3510 redemptoribus
1063 3430 1265 3513 praefinitum
1283 3430 1436 3514 permise-

273 3541 332 3622 rit,
352 3559 418 3608 una
440 3559 510 3607 cum
532 3539 678 3622 pluribus
700 3558 718 3604 c
740 3539 873 3606 Nicatae
894 3540 1070 3608 choniates
1091 3543 1256 3608 Tbesauro
1278 3543 1436 3608 Orthodo·

274 3671 334 3718 rae
355 3651 461 3732 siuet,
481 3651 651 3716 maximam
672 3654 797 3732 partem
819 3650 954 3732 inedito,
976 3653 1010 3716 in
1032 3662 1125 3734 quem
1148 3657 1260 3719 auctor
1278 3652 1380 3718 multa
1394 3652 1436 3718 de

274 3761 447 3845 Epiphanii
463 3759 600 3828 Panam'o
622 3760 759 3842 recepit,
784 3779 805 3826 a
824 3780 876 3827 me
897 3761 1069 3843 excerptis,
1092 3762 1226 3830 adiectis
1249 3762 1345 3829 eliam
1363 3761 1435 3827 aliis

275 3889 357 3954 quac
378 3872 421 3937 ad
444 3870 727 3938 commendandam
754 3870 837 3938 hauc
858 3872 1032 3938 editionem
1053 3871 1232 3955 conferent,
1261 3873 1349 3940 velut
1369 3872 1436 3956 epi-

274 3987 411 4050 monum
432 3982 546 4048 harum
566 3999 673 4047 rerum
695 3982 850 4052 studiosis
871 3982 905 4048 in
925 3981 1093 4050 AddendIs
1115 4001 1299 4068 proponam.

362 4091 470 4158 Pauca
492 4091 627 4158 adiciam
649 4110 732 4175 quac
754 4091 870 4175 partim
894 4093 935 4159 ad
959 4094 1178 4178 explicandam
1197 4093 1313 4178 partim
1328 4093 1370 4160 ad
1383 4111 1437 4159 er·

164 4204 168 4213 '
276 4202 453 4270 cusandam
474 4206 624 4283 spectant
643 4203 800 4268 rationem
822 4219 917 4284 qaam
938 4204 972 4269 in
994 4203 1181 4272 edomando
1202 4206 1263 4271 hoo
1282 4205 1363 4270 libro
1385 4219 1437 4270 se-

276 4317 369 4382 cutus
390 4329 472 4379 sum.
515 4312 639 4381 Patavii
652 4312 833 4380 versionem
849 4313 999 4380 Latinam
1013 4315 1140 4381 serrari
1155 4315 1317 4397 intactam,
1339 4315 1437 4380 etiam

276 4421 331 4491 uhi
351 4424 477 4492 Graeca
497 4422 664 4510 scriptoris
685 4422 785 4492 veiha
804 4440 826 4488 a
846 4439 897 4490 me
919 4431 1063 4493 comeam
1082 4431 1174 4510 sunt,
1194 4423 1281 4508 quod
1303 4442 1343 4492 er
1365 4440 1438 4507 gra·
