<?xml version="1.0" encoding="UTF-8"?>
<!DOCTYPE html PUBLIC "-//W3C//DTD XHTML 1.0 Transitional//EN"
    "http://www.w3.org/TR/xhtml1/DTD/xhtml1-transitional.dtd">
<html xmlns="http://www.w3.org/1999/xhtml" xml:lang="en" lang="en">
 <head>
  <title>
</title>
<meta http-equiv="Content-Type" content="text/html;charset=utf-8" />
  <meta name='ocr-system' content='tesseract 3.04.00' />
  <meta name='ocr-capabilities' content='ocr_page ocr_carea ocr_par ocr_line ocrx_word'/>
</head>
<body>
  <div class='ocr_page' id='page_1' title='image "./corporishaerese02oehlgoog_0548.png"; bbox 0 0 3154 4930; ppageno 0'>
   <div class='ocr_carea' id='block_1_1' title="bbox 377 210 1271 280">
    <p class='ocr_par' dir='ltr' id='par_1_1' title="bbox 377 210 1271 280">
     <span class='ocr_line' id='line_1_1' title="bbox 377 210 1271 280; baseline -0.002 -2"><span class='ocrx_word' id='word_1_1' title='bbox 377 227 515 279; x_wconf 82' lang='lat' dir='ltr'><strong>rsusnu</strong></span> <span class='ocrx_word' id='word_1_2' title='bbox 533 228 596 280; x_wconf 81' lang='grc' dir='ltr'><strong>ιιι.</strong></span> <span class='ocrx_word' id='word_1_3' title='bbox 609 229 639 280; x_wconf 96' lang='grc' dir='ltr'><strong>ιι.</strong></span> <span class='ocrx_word' id='word_1_4' title='bbox 656 228 781 280; x_wconf 80' lang='lat' dir='ltr'><strong>remur.</strong></span> <span class='ocrx_word' id='word_1_5' title='bbox 799 226 898 278; x_wconf 82' lang='lat' dir='ltr'><strong>naen.</strong></span> <span class='ocrx_word' id='word_1_6' title='bbox 913 227 1005 279; x_wconf 79' lang='lat' dir='ltr'><strong>exva.</strong></span> <span class='ocrx_word' id='word_1_7' title='bbox 1210 210 1271 276; x_wconf 76' lang='lat'><strong>527</strong></span> 
     </span>
    </p>
   </div>
   <div class='ocr_carea' id='block_1_2' title="bbox 1 343 1271 533">
    <p class='ocr_par' dir='ltr' id='par_1_2' title="bbox 1 343 1271 533">
     <span class='ocr_line' id='line_1_2' title="bbox 1 343 1271 433; baseline -0.002 -23"><span class='ocrx_word' id='word_1_8' title='bbox 1 407 2 410; x_wconf 74' lang='grc'>,</span> <span class='ocrx_word' id='word_1_9' title='bbox 106 345 228 410; x_wconf 86' lang='lat' dir='ltr'><strong>loeutus</strong></span> <span class='ocrx_word' id='word_1_10' title='bbox 251 356 314 422; x_wconf 85' lang='lat' dir='ltr'><strong>est,</strong></span> <span class='ocrx_word' id='word_1_11' title='bbox 346 345 394 429; x_wconf 92' lang='lat' dir='ltr'><strong>qui</strong></span> <span class='ocrx_word' id='word_1_12' title='bbox 418 347 515 410; x_wconf 87' lang='lat' dir='ltr'><strong>lutura</strong></span> <span class='ocrx_word' id='word_1_13' title='bbox 532 357 600 411; x_wconf 90' lang='lat' dir='ltr'><strong>ante</strong></span> <span class='ocrx_word' id='word_1_14' title='bbox 622 346 766 433; x_wconf 90' lang='lat' dir='ltr'><strong>praevidit</strong></span> <span class='ocrx_word' id='word_1_15' title='bbox 784 368 819 410; x_wconf 88' lang='lat' dir='ltr'><strong>ac</strong></span> <span class='ocrx_word' id='word_1_16' title='bbox 834 343 992 430; x_wconf 81' lang='lat' dir='ltr'><strong>praedixit.</strong></span> <span class='ocrx_word' id='word_1_17' title='bbox 1038 343 1271 408; x_wconf 81' lang='lat' dir='ltr'><strong>Naorsifutura</strong></span> 
     </span>
     <span class='ocr_line' id='line_1_3' title="bbox 1 447 1271 533; baseline 0 -23"><span class='ocrx_word' id='word_1_18' title='bbox 1 497 2 517; x_wconf 27' lang='grc' dir='ltr'><strong>ι</strong></span> <span class='ocrx_word' id='word_1_19' title='bbox 109 448 213 526; x_wconf 89' lang='lat' dir='ltr'><strong>novit,</strong></span> <span class='ocrx_word' id='word_1_20' title='bbox 246 447 460 532; x_wconf 73' lang='lat' dir='ltr'><strong>praescientiae</strong></span> <span class='ocrx_word' id='word_1_21' title='bbox 482 469 590 533; x_wconf 78' lang='lat' dir='ltr'><strong>expers</strong></span> <span class='ocrx_word' id='word_1_22' title='bbox 613 470 670 512; x_wconf 91' lang='lat' dir='ltr'><strong>uon</strong></span> <span class='ocrx_word' id='word_1_23' title='bbox 697 449 767 528; x_wconf 88' lang='lat' dir='ltr'><strong>luit,</strong></span> <span class='ocrx_word' id='word_1_24' title='bbox 798 448 911 532; x_wconf 89' lang='lat' dir='ltr'><strong>critque</strong></span> <span class='ocrx_word' id='word_1_25' title='bbox 937 449 1008 511; x_wconf 89' lang='lat' dir='ltr'><strong>deus</strong></span> <span class='ocrx_word' id='word_1_26' title='bbox 1035 447 1082 530; x_wconf 92' lang='lat' dir='ltr'><strong>qui</strong></span> <span class='ocrx_word' id='word_1_27' title='bbox 1109 448 1271 510; x_wconf 82' lang='lat' dir='ltr'><strong>futurorum</strong></span> 
     </span>
    </p>
   </div>
   <div class='ocr_carea' id='block_1_3' title="bbox 27 547 1273 744">
    <p class='ocr_par' dir='ltr' id='par_1_3' title="bbox 27 547 1273 744">
     <span class='ocr_line' id='line_1_4' title="bbox 27 547 1273 634; baseline -0.002 -22"><span class='ocrx_word' id='word_1_28' title='bbox 27 618 35 632; x_wconf 44' lang='lat'><strong><em>¹</em></strong></span> <span class='ocrx_word' id='word_1_29' title='bbox 108 549 279 633; x_wconf 70' lang='lat' dir='ltr'><strong>cognitione</strong></span> <span class='ocrx_word' id='word_1_30' title='bbox 301 550 450 634; x_wconf 87' lang='lat' dir='ltr'><strong>praeditus</strong></span> <span class='ocrx_word' id='word_1_31' title='bbox 468 559 524 614; x_wconf 87' lang='lat' dir='ltr'><strong>est.</strong></span> <span class='ocrx_word' id='word_1_32' title='bbox 570 547 666 614; x_wconf 90' lang='lat' dir='ltr'><strong>Porro</strong></span> <span class='ocrx_word' id='word_1_33' title='bbox 683 551 749 614; x_wconf 91' lang='lat' dir='ltr'><strong>ideo</strong></span> <span class='ocrx_word' id='word_1_34' title='bbox 770 551 817 614; x_wconf 89' lang='lat' dir='ltr'><strong>illa</strong></span> <span class='ocrx_word' id='word_1_35' title='bbox 835 548 954 634; x_wconf 77' lang='lat' dir='ltr'><strong>scripsit</strong></span> <span class='ocrx_word' id='word_1_36' title='bbox 978 559 1009 610; x_wconf 91' lang='lat' dir='ltr'><strong>ut</strong></span> <span class='ocrx_word' id='word_1_37' title='bbox 1029 548 1184 631; x_wconf 88' lang='lat' dir='ltr'><strong>aliquando</strong></span> <span class='ocrx_word' id='word_1_38' title='bbox 1200 569 1273 612; x_wconf 87' lang='lat' dir='ltr'><strong>cou-</strong></span> 
     </span>
     <span class='ocr_line' id='line_1_5' title="bbox 96 649 1268 744; baseline -0.001 -31"><span class='ocrx_word' id='word_1_39' title='bbox 96 650 276 744; x_wconf 68' lang='lat' dir='ltr'><strong>¹tioqereutq</strong></span> <span class='ocrx_word' id='word_1_40' title='bbox 301 652 417 735; x_wconf 89' lang='lat' dir='ltr'><strong>quaesi</strong></span> <span class='ocrx_word' id='word_1_41' title='bbox 439 651 586 716; x_wconf 87' lang='lat' dir='ltr'><strong>contraria</strong></span> <span class='ocrx_word' id='word_1_42' title='bbox 607 652 662 736; x_wconf 85' lang='lat' dir='ltr'><strong>ipsi</strong></span> <span class='ocrx_word' id='word_1_43' title='bbox 682 653 794 729; x_wconf 89' lang='lat' dir='ltr'><strong>lereut,</strong></span> <span class='ocrx_word' id='word_1_44' title='bbox 819 650 862 716; x_wconf 83' lang='lat' dir='ltr'><strong>sie</strong></span> <span class='ocrx_word' id='word_1_45' title='bbox 881 653 916 714; x_wconf 91' lang='lat' dir='ltr'><strong>de</strong></span> <span class='ocrx_word' id='word_1_46' title='bbox 934 651 990 714; x_wconf 89' lang='lat' dir='ltr'><strong>illis</strong></span> <span class='ocrx_word' id='word_1_47' title='bbox 1007 649 1095 714; x_wconf 84' lang='lat' dir='ltr'><strong>scribi</strong></span> <span class='ocrx_word' id='word_1_48' title='bbox 1114 649 1268 729; x_wconf 89' lang='lat' dir='ltr'><strong>voluisset,</strong></span> 
     </span>
    </p>
   </div>
   <div class='ocr_carea' id='block_1_4' title="bbox 1 749 1270 838">
    <p class='ocr_par' dir='ltr' id='par_1_4' title="bbox 1 749 1270 838">
     <span class='ocr_line' id='line_1_6' title="bbox 1 749 1270 838; baseline 0 -22"><span class='ocrx_word' id='word_1_49' title='bbox 1 797 3 806; x_wconf 73' lang='lat'>‚</span> <span class='ocrx_word' id='word_1_50' title='bbox 110 763 143 816; x_wconf 91' lang='lat' dir='ltr'><strong>ut</strong></span> <span class='ocrx_word' id='word_1_51' title='bbox 163 763 312 817; x_wconf 88' lang='lat' dir='ltr'><strong>everteret</strong></span> <span class='ocrx_word' id='word_1_52' title='bbox 328 775 363 816; x_wconf 89' lang='lat' dir='ltr'><strong>ac</strong></span> <span class='ocrx_word' id='word_1_53' title='bbox 377 753 560 832; x_wconf 88' lang='lat' dir='ltr'><strong>destrueret,</strong></span> <span class='ocrx_word' id='word_1_54' title='bbox 585 775 621 816; x_wconf 92' lang='lat' dir='ltr'><strong>ue</strong></span> <span class='ocrx_word' id='word_1_55' title='bbox 640 755 809 838; x_wconf 83' lang='lat' dir='ltr'><strong>persuaderi</strong></span> <span class='ocrx_word' id='word_1_56' title='bbox 827 752 912 818; x_wconf 88' lang='lat' dir='ltr'><strong>uobis</strong></span> <span class='ocrx_word' id='word_1_57' title='bbox 933 763 1063 836; x_wconf 86' lang='lat' dir='ltr'><strong>possent.</strong></span> <span class='ocrx_word' id='word_1_58' title='bbox 1100 749 1189 814; x_wconf 92' lang='lat' dir='ltr'><strong>Nune</strong></span> <span class='ocrx_word' id='word_1_59' title='bbox 1205 774 1270 816; x_wconf 92' lang='lat' dir='ltr'><strong>cum</strong></span> 
     </span>
    </p>
   </div>
   <div class='ocr_carea' id='block_1_5' title="bbox 109 852 1270 1042">
    <p class='ocr_par' dir='ltr' id='par_1_5' title="bbox 109 852 1270 1042">
     <span class='ocr_line' id='line_1_7' title="bbox 109 852 1269 940; baseline -0.002 -22"><span class='ocrx_word' id='word_1_60' title='bbox 109 873 146 918; x_wconf 90' lang='lat' dir='ltr'><strong>ea</strong></span> <span class='ocrx_word' id='word_1_61' title='bbox 162 855 346 918; x_wconf 91' lang='lat' dir='ltr'><strong>commendet</strong></span> <span class='ocrx_word' id='word_1_62' title='bbox 366 854 429 940; x_wconf 91' lang='lat' dir='ltr'><strong>ipsa</strong></span> <span class='ocrx_word' id='word_1_63' title='bbox 452 876 525 940; x_wconf 88' lang='lat' dir='ltr'><strong>quae</strong></span> <span class='ocrx_word' id='word_1_64' title='bbox 546 855 573 918; x_wconf 93' lang='lat' dir='ltr'><strong>in</strong></span> <span class='ocrx_word' id='word_1_65' title='bbox 593 852 713 918; x_wconf 84' lang='lat' dir='ltr'><strong>Christo</strong></span> <span class='ocrx_word' id='word_1_66' title='bbox 738 854 915 939; x_wconf 89' lang='lat' dir='ltr'><strong>perlieieuda</strong></span> <span class='ocrx_word' id='word_1_67' title='bbox 941 865 1043 934; x_wconf 88' lang='lat' dir='ltr'><strong>eraut,</strong></span> <span class='ocrx_word' id='word_1_68' title='bbox 1076 876 1134 918; x_wconf 92' lang='lat' dir='ltr'><strong>uon</strong></span> <span class='ocrx_word' id='word_1_69' title='bbox 1152 853 1269 918; x_wconf 88' lang='lat' dir='ltr'><strong>dubium</strong></span> 
     </span>
     <span class='ocr_line' id='line_1_8' title="bbox 109 955 1270 1042; baseline -0.002 -20"><span class='ocrx_word' id='word_1_70' title='bbox 109 968 159 1022; x_wconf 91' lang='lat' dir='ltr'><strong>est</strong></span> <span class='ocrx_word' id='word_1_71' title='bbox 176 959 300 1022; x_wconf 83' lang='lat' dir='ltr'><strong>eurrdenr</strong></span> <span class='ocrx_word' id='word_1_72' title='bbox 315 959 394 1022; x_wconf 88' lang='lat' dir='ltr'><strong>illum</strong></span> <span class='ocrx_word' id='word_1_73' title='bbox 410 979 477 1022; x_wconf 90' lang='lat' dir='ltr'><strong>esse</strong></span> <span class='ocrx_word' id='word_1_74' title='bbox 493 957 624 1042; x_wconf 88' lang='lat' dir='ltr'><strong>spiritum</strong></span> <span class='ocrx_word' id='word_1_75' title='bbox 643 957 691 1042; x_wconf 92' lang='lat' dir='ltr'><strong>qui</strong></span> <span class='ocrx_word' id='word_1_76' title='bbox 708 957 737 1019; x_wconf 91' lang='lat' dir='ltr'><strong>ln</strong></span> <span class='ocrx_word' id='word_1_77' title='bbox 755 958 820 1040; x_wconf 83' lang='lat' dir='ltr'><strong>lege</strong></span> <span class='ocrx_word' id='word_1_78' title='bbox 840 978 874 1020; x_wconf 87' lang='lat' dir='ltr'><strong>ac</strong></span> <span class='ocrx_word' id='word_1_79' title='bbox 891 957 1040 1042; x_wconf 87' lang='lat' dir='ltr'><strong>prophetis</strong></span> <span class='ocrx_word' id='word_1_80' title='bbox 1056 955 1270 1042; x_wconf 81' lang='lat' dir='ltr'><strong>evangelioque</strong></span> 
     </span>
    </p>
   </div>
   <div class='ocr_carea' id='block_1_6' title="bbox 1 1057 1424 1450">
    <p class='ocr_par' dir='ltr' id='par_1_6' title="bbox 0 1057 1424 1450">
     <span class='ocr_line' id='line_1_9' title="bbox 110 1057 1269 1144; baseline -0.001 -21.087"><span class='ocrx_word' id='word_1_81' title='bbox 110 1061 185 1124; x_wconf 85' lang='lat' dir='ltr'><strong>adeo</strong></span> <span class='ocrx_word' id='word_1_82' title='bbox 206 1061 246 1124; x_wconf 89' lang='lat' dir='ltr'><strong>sit</strong></span> <span class='ocrx_word' id='word_1_83' title='bbox 265 1061 396 1138; x_wconf 89' lang='lat' dir='ltr'><strong>locutus,</strong></span> <span class='ocrx_word' id='word_1_84' title='bbox 422 1059 653 1144; x_wconf 88' lang='lat' dir='ltr'><strong>quandoquidem</strong></span> <span class='ocrx_word' id='word_1_85' title='bbox 673 1081 730 1122; x_wconf 90' lang='lat' dir='ltr'><strong>una</strong></span> <span class='ocrx_word' id='word_1_86' title='bbox 755 1069 802 1122; x_wconf 89' lang='lat' dir='ltr'><strong>est</strong></span> <span class='ocrx_word' id='word_1_87' title='bbox 822 1057 950 1122; x_wconf 88' lang='lat' dir='ltr'><strong>omnium</strong></span> <span class='ocrx_word' id='word_1_88' title='bbox 967 1058 1136 1122; x_wconf 83' lang='lat' dir='ltr'><strong>eoricordia.</strong></span> <span class='ocrx_word' id='word_1_89' title='bbox 1183 1057 1269 1141; x_wconf 80' lang='lat' dir='ltr'><strong>Quod</strong></span> 
     </span>
     <span class='ocr_line' id='line_1_10' title="bbox 1 1159 1422 1247; baseline -0.003 -21"><span class='ocrx_word' id='word_1_90' title='bbox 1 1228 2 1240; x_wconf 51' lang='grc'>,</span> <span class='ocrx_word' id='word_1_91' title='bbox 110 1183 126 1226; x_wconf 91' lang='lat' dir='ltr'><strong>a</strong></span> <span class='ocrx_word' id='word_1_92' title='bbox 145 1159 254 1247; x_wconf 83' lang='lat' dir='ltr'><strong>Moyse</strong></span> <span class='ocrx_word' id='word_1_93' title='bbox 271 1183 387 1246; x_wconf 92' lang='lat' dir='ltr'><strong>quoque</strong></span> <span class='ocrx_word' id='word_1_94' title='bbox 402 1162 579 1226; x_wconf 87' lang='lat' dir='ltr'><strong>declaratum</strong></span> <span class='ocrx_word' id='word_1_95' title='bbox 598 1171 660 1224; x_wconf 84' lang='lat' dir='ltr'><strong>est:</strong></span> <span class='ocrx_word' id='word_1_96' title='bbox 684 1165 867 1241; x_wconf 75' lang='lat' dir='ltr'><strong>Prophetarn,</strong></span> <span class='ocrx_word' id='word_1_97' title='bbox 893 1161 952 1238; x_wconf 87' lang='lat' dir='ltr'><strong>ait,</strong></span> <span class='ocrx_word' id='word_1_98' title='bbox 976 1162 1149 1240; x_wconf 80' lang='lat' dir='ltr'><strong>efratrr&#39;bue</strong></span> <span class='ocrx_word' id='word_1_99' title='bbox 1170 1166 1422 1241; x_wconf 56' lang='lat' dir='ltr'><strong>membraturam,</strong></span> 
     </span>
     <span class='ocr_line' id='line_1_11' title="bbox 1 1260 1424 1348; baseline -0.002 -22"><span class='ocrx_word' id='word_1_100' title='bbox 1 1336 3 1345; x_wconf 33' lang='grc' dir='ltr'>Ι</span> <span class='ocrx_word' id='word_1_101' title='bbox 109 1266 261 1326; x_wconf 71' lang='lat' dir='ltr'><strong>suscitabit</strong></span> <span class='ocrx_word' id='word_1_102' title='bbox 282 1268 421 1326; x_wconf 74' lang='lat' dir='ltr'><strong>dominus.</strong></span> <span class='ocrx_word' id='word_1_103' title='bbox 469 1260 532 1326; x_wconf 91' lang='lat' dir='ltr'><strong>lmo</strong></span> <span class='ocrx_word' id='word_1_104' title='bbox 557 1275 587 1326; x_wconf 90' lang='lat' dir='ltr'><strong>et</strong></span> <span class='ocrx_word' id='word_1_105' title='bbox 612 1263 745 1328; x_wconf 89' lang='lat' dir='ltr'><strong>domiuus</strong></span> <span class='ocrx_word' id='word_1_106' title='bbox 771 1264 852 1348; x_wconf 91' lang='lat' dir='ltr'><strong>ipse,</strong></span> <span class='ocrx_word' id='word_1_107' title='bbox 885 1268 1013 1343; x_wconf 77' lang='lat' dir='ltr'><strong>Moyses,</strong></span> <span class='ocrx_word' id='word_1_108' title='bbox 1038 1262 1424 1347; x_wconf 62' lang='lat' dir='ltr'><strong>iuquit,deme102„„5,4e,</strong></span> 
     </span>
     <span class='ocr_line' id='line_1_12' title="bbox 1 1363 1270 1450; baseline -0.002 -22"><span class='ocrx_word' id='word_1_109' title='bbox 1 1437 2 1448; x_wconf 43' lang='lat'><strong>,</strong></span> <span class='ocrx_word' id='word_1_110' title='bbox 109 1371 237 1446; x_wconf 84' lang='lat' dir='ltr'><strong>sert&#39;psit.</strong></span> <span class='ocrx_word' id='word_1_111' title='bbox 284 1363 343 1448; x_wconf 80' lang='lat' dir='ltr'><strong>Qtti</strong></span> <span class='ocrx_word' id='word_1_112' title='bbox 363 1365 478 1448; x_wconf 90' lang='lat' dir='ltr'><strong>quidem</strong></span> <span class='ocrx_word' id='word_1_113' title='bbox 495 1363 620 1450; x_wconf 85' lang='lat' dir='ltr'><strong>Moyses</strong></span> <span class='ocrx_word' id='word_1_114' title='bbox 638 1366 676 1428; x_wconf 85' lang='lat' dir='ltr'><strong>ita</strong></span> <span class='ocrx_word' id='word_1_115' title='bbox 694 1365 805 1450; x_wconf 77' lang='lat' dir='ltr'><strong>pergite</strong></span> <span class='ocrx_word' id='word_1_116' title='bbox 836 1369 931 1428; x_wconf 80' lang='lat' dir='ltr'><strong>Omnis</strong></span> <span class='ocrx_word' id='word_1_117' title='bbox 945 1369 1039 1426; x_wconf 77' lang='lat' dir='ltr'><strong>anama</strong></span> <span class='ocrx_word' id='word_1_118' title='bbox 1056 1387 1128 1446; x_wconf 86' lang='lat' dir='ltr'><strong>quae</strong></span> <span class='ocrx_word' id='word_1_119' title='bbox 1145 1387 1201 1426; x_wconf 87' lang='lat' dir='ltr'><strong>aon</strong></span> <span class='ocrx_word' id='word_1_120' title='bbox 1218 1387 1270 1426; x_wconf 90' lang='lat' dir='ltr'><strong>uu-</strong></span> 
     </span>
    </p>
   </div>
   <div class='ocr_carea' id='block_1_7' title="bbox 108 1465 1373 1757">
    <p class='ocr_par' dir='ltr' id='par_1_7' title="bbox 108 1465 1373 1757">
     <span class='ocr_line' id='line_1_13' title="bbox 108 1465 1373 1548; baseline -0.001 -16"><span class='ocrx_word' id='word_1_121' title='bbox 108 1473 198 1532; x_wconf 79' lang='lat' dir='ltr'><strong>dr&#39;err&#39;t</strong></span> <span class='ocrx_word' id='word_1_122' title='bbox 214 1471 380 1548; x_wconf 71' lang='lat' dir='ltr'><strong>proplietam</strong></span> <span class='ocrx_word' id='word_1_123' title='bbox 404 1471 500 1542; x_wconf 79' lang='lat' dir='ltr'><strong>illum,</strong></span> <span class='ocrx_word' id='word_1_124' title='bbox 533 1470 778 1530; x_wconf 75' lang='lat' dir='ltr'><strong>exterminabitur.</strong></span> <span class='ocrx_word' id='word_1_125' title='bbox 829 1465 901 1530; x_wconf 89' lang='lat' dir='ltr'><strong>ltem</strong></span> <span class='ocrx_word' id='word_1_126' title='bbox 925 1469 1076 1531; x_wconf 80' lang='lat' dir='ltr'><strong>dontinus:</strong></span> <span class='ocrx_word' id='word_1_127' title='bbox 1109 1471 1146 1530; x_wconf 83' lang='lat' dir='ltr'><strong>Sr&#39;</strong></span> <span class='ocrx_word' id='word_1_128' title='bbox 1161 1471 1270 1546; x_wconf 76' lang='lat' dir='ltr'><strong>Moysr&#39;s</strong></span> <span class='ocrx_word' id='word_1_129' title='bbox 1316 1483 1373 1532; x_wconf 82' lang='grc' dir='ltr'><strong>ιιιιι.</strong></span> 
     </span>
     <span class='ocr_line' id='line_1_14' title="bbox 109 1567 1271 1650; baseline -0.002 -18"><span class='ocrx_word' id='word_1_130' title='bbox 109 1574 203 1632; x_wconf 70' lang='lat' dir='ltr'><strong>luteres</strong></span> <span class='ocrx_word' id='word_1_131' title='bbox 217 1593 273 1632; x_wconf 83' lang='lat' dir='ltr'><strong>nan</strong></span> <span class='ocrx_word' id='word_1_132' title='bbox 289 1574 419 1643; x_wconf 80' lang='lat' dir='ltr'><strong>eredrtr&#39;e,</strong></span> <span class='ocrx_word' id='word_1_133' title='bbox 445 1573 579 1650; x_wconf 81' lang='lat' dir='ltr'><strong>quomoda</strong></span> <span class='ocrx_word' id='word_1_134' title='bbox 593 1591 735 1632; x_wconf 79' lang='lat' dir='ltr'><strong>sermones</strong></span> <span class='ocrx_word' id='word_1_135' title='bbox 751 1591 825 1630; x_wconf 87' lang='lat' dir='ltr'><strong>meae</strong></span> <span class='ocrx_word' id='word_1_136' title='bbox 839 1573 983 1632; x_wconf 72' lang='lat' dir='ltr'><strong>audiere?</strong></span> <span class='ocrx_word' id='word_1_137' title='bbox 1007 1567 1049 1634; x_wconf 88' lang='lat' dir='ltr'><strong>lta</strong></span> <span class='ocrx_word' id='word_1_138' title='bbox 1066 1570 1176 1634; x_wconf 89' lang='lat' dir='ltr'><strong>veritas</strong></span> <span class='ocrx_word' id='word_1_139' title='bbox 1192 1568 1271 1632; x_wconf 87' lang='lat' dir='ltr'><strong>omni</strong></span> 
     </span>
     <span class='ocr_line' id='line_1_15' title="bbox 108 1671 886 1757; baseline -0.004 -20"><span class='ocrx_word' id='word_1_140' title='bbox 108 1693 151 1737; x_wconf 82' lang='lat' dir='ltr'><strong>ex</strong></span> <span class='ocrx_word' id='word_1_141' title='bbox 173 1683 256 1757; x_wconf 86' lang='lat' dir='ltr'><strong>parte</strong></span> <span class='ocrx_word' id='word_1_142' title='bbox 277 1671 428 1757; x_wconf 88' lang='lat' dir='ltr'><strong>splendida</strong></span> <span class='ocrx_word' id='word_1_143' title='bbox 451 1693 485 1736; x_wconf 92' lang='lat' dir='ltr'><strong>ae</strong></span> <span class='ocrx_word' id='word_1_144' title='bbox 508 1692 599 1755; x_wconf 81' lang='lat' dir='ltr'><strong>rugae</strong></span> <span class='ocrx_word' id='word_1_145' title='bbox 622 1692 731 1757; x_wconf 84' lang='lat' dir='ltr'><strong>expers</strong></span> <span class='ocrx_word' id='word_1_146' title='bbox 754 1682 886 1756; x_wconf 88' lang='lat' dir='ltr'><strong>apparet.</strong></span> 
     </span>
    </p>
   </div>
   <div class='ocr_carea' id='block_1_8' title="bbox 196 1769 1389 1896">
    <p class='ocr_par' dir='ltr' id='par_1_8' title="bbox 196 1769 1389 1896">
     <span class='ocr_line' id='line_1_16' title="bbox 196 1769 1389 1896; baseline -0.001 -60"><span class='ocrx_word' id='word_1_147' title='bbox 196 1774 316 1836; x_wconf 81' lang='lat' dir='ltr'><strong>Atenim</strong></span> <span class='ocrx_word' id='word_1_148' title='bbox 333 1769 526 1836; x_wconf 81' lang='lat' dir='ltr'><strong>Manichacus</strong></span> <span class='ocrx_word' id='word_1_149' title='bbox 546 1783 751 1837; x_wconf 88' lang='lat' dir='ltr'><strong>testamentum</strong></span> <span class='ocrx_word' id='word_1_150' title='bbox 768 1773 842 1855; x_wconf 83' lang='lat' dir='ltr'><strong>legis</strong></span> <span class='ocrx_word' id='word_1_151' title='bbox 860 1771 962 1835; x_wconf 84' lang='lat' dir='ltr'><strong>moitis</strong></span> <span class='ocrx_word' id='word_1_152' title='bbox 980 1794 1046 1837; x_wconf 90' lang='lat' dir='ltr'><strong>esse</strong></span> <span class='ocrx_word' id='word_1_153' title='bbox 1062 1779 1389 1896; x_wconf 46' lang='grc' dir='ltr'><strong>ιοειιιιιιιιιιιιιιιῐ,((ἲζζιιἰν</strong></span> 
     </span>
    </p>
   </div>
   <div class='ocr_carea' id='block_1_9' title="bbox 1 1875 1410 1964">
    <p class='ocr_par' dir='ltr' id='par_1_9' title="bbox 1 1875 1410 1964">
     <span class='ocr_line' id='line_1_17' title="bbox 1 1875 1410 1964; baseline 0.001 -25"><span class='ocrx_word' id='word_1_154' title='bbox 1 1957 2 1960; x_wconf 9' lang='lat'>¹</span> <span class='ocrx_word' id='word_1_155' title='bbox 107 1876 235 1954; x_wconf 84' lang='lat' dir='ltr'><strong>asserit,</strong></span> <span class='ocrx_word' id='word_1_156' title='bbox 260 1876 336 1959; x_wconf 94' lang='lat' dir='ltr'><strong>quod</strong></span> <span class='ocrx_word' id='word_1_157' title='bbox 355 1877 505 1959; x_wconf 88' lang='lat' dir='ltr'><strong>apostolus</strong></span> <span class='ocrx_word' id='word_1_158' title='bbox 523 1875 649 1954; x_wconf 77' lang='lat' dir='ltr'><strong>dixerit,</strong></span> <span class='ocrx_word' id='word_1_159' title='bbox 683 1879 765 1954; x_wconf 82' lang='lat' dir='ltr'><strong>Quod</strong></span> <span class='ocrx_word' id='word_1_160' title='bbox 777 1879 807 1936; x_wconf 86' lang='lat' dir='ltr'><strong>ei</strong></span> <span class='ocrx_word' id='word_1_161' title='bbox 823 1887 1015 1938; x_wconf 85' lang='lat' dir='ltr'><strong>testamentum</strong></span> <span class='ocrx_word' id='word_1_162' title='bbox 1034 1882 1133 1938; x_wconf 75' lang='lat' dir='ltr'><strong>martir</strong></span> <span class='ocrx_word' id='word_1_163' title='bbox 1155 1881 1185 1938; x_wconf 86' lang='lat' dir='ltr'><strong>r&#39;u</strong></span> <span class='ocrx_word' id='word_1_164' title='bbox 1207 1881 1410 1964; x_wconf 51' lang='lat' dir='ltr'><strong>lite-2,0„,2‚q</strong></span> 
     </span>
    </p>
   </div>
   <div class='ocr_carea' id='block_1_10' title="bbox 2 3704 1273 3796">
    <p class='ocr_par' dir='ltr' id='par_1_10' title="bbox 2 3704 1273 3796">
     <span class='ocr_line' id='line_1_18' title="bbox 2 3704 1273 3796; baseline -0.003 -16"><span class='ocrx_word' id='word_1_165' title='bbox 2 3704 10 3722; x_wconf 59' lang='lat'>⁵</span> <span class='ocrx_word' id='word_1_166' title='bbox 109 3709 257 3780; x_wconf 86' lang='lat' dir='ltr'><strong>Christus</strong></span> <span class='ocrx_word' id='word_1_167' title='bbox 285 3717 465 3793; x_wconf 75' lang='lat' dir='ltr'><strong>irfirmr&#39;tates</strong></span> <span class='ocrx_word' id='word_1_168' title='bbox 488 3727 601 3778; x_wconf 82' lang='lat' dir='ltr'><strong>nostrae</strong></span> <span class='ocrx_word' id='word_1_169' title='bbox 626 3720 769 3796; x_wconf 83' lang='lat' dir='ltr'><strong>portauit,</strong></span> <span class='ocrx_word' id='word_1_170' title='bbox 811 3712 987 3796; x_wconf 89' lang='lat' dir='ltr'><strong>morbosque</strong></span> <span class='ocrx_word' id='word_1_171' title='bbox 1014 3711 1163 3796; x_wconf 89' lang='lat' dir='ltr'><strong>suscepit,</strong></span> <span class='ocrx_word' id='word_1_172' title='bbox 1198 3732 1273 3795; x_wconf 89' lang='lat' dir='ltr'><strong>quae</strong></span> 
     </span>
    </p>
   </div>
   <div class='ocr_carea' id='block_1_11' title="bbox 102 1975 1426 3390">
    <p class='ocr_par' dir='ltr' id='par_1_11' title="bbox 108 1975 1271 2062">
     <span class='ocr_line' id='line_1_19' title="bbox 108 1975 1271 2062; baseline 0 -22"><span class='ocrx_word' id='word_1_173' title='bbox 108 1982 340 2058; x_wconf 68' lang='lat' dir='ltr'><strong>minuendarum</strong></span> <span class='ocrx_word' id='word_1_174' title='bbox 364 1980 520 2058; x_wconf 76' lang='lat' dir='ltr'><strong>lapidibus,</strong></span> <span class='ocrx_word' id='word_1_175' title='bbox 542 1981 700 2058; x_wconf 80' lang='lat' dir='ltr'><strong>gloriosum</strong></span> <span class='ocrx_word' id='word_1_176' title='bbox 714 1981 784 2058; x_wconf 77' lang='lat' dir='ltr'><strong>suit.</strong></span> <span class='ocrx_word' id='word_1_177' title='bbox 830 1975 898 2042; x_wconf 90' lang='lat' dir='ltr'><strong>Nec</strong></span> <span class='ocrx_word' id='word_1_178' title='bbox 915 1998 951 2040; x_wconf 92' lang='lat' dir='ltr'><strong>eo</strong></span> <span class='ocrx_word' id='word_1_179' title='bbox 969 1988 1109 2042; x_wconf 74' lang='lat' dir='ltr'><strong>conuenta</strong></span> <span class='ocrx_word' id='word_1_180' title='bbox 1126 1978 1271 2062; x_wconf 86' lang='lat' dir='ltr'><strong>scriptura</strong></span> 
     </span>
    </p>

    <p class='ocr_par' dir='ltr' id='par_1_12' title="bbox 107 2079 1425 2264">
     <span class='ocr_line' id='line_1_20' title="bbox 108 2079 1425 2164; baseline -0.002 -21"><span class='ocrx_word' id='word_1_181' title='bbox 108 2080 182 2146; x_wconf 88' lang='lat' dir='ltr'><strong>illud</strong></span> <span class='ocrx_word' id='word_1_182' title='bbox 198 2079 319 2164; x_wconf 89' lang='lat' dir='ltr'><strong>iusuper</strong></span> <span class='ocrx_word' id='word_1_183' title='bbox 334 2079 458 2144; x_wconf 80' lang='lat' dir='ltr'><strong>adiecit:</strong></span> <span class='ocrx_word' id='word_1_184' title='bbox 482 2084 544 2142; x_wconf 73' lang='lat' dir='ltr'><strong>Lea</strong></span> <span class='ocrx_word' id='word_1_185' title='bbox 559 2085 633 2142; x_wconf 80' lang='lat' dir='ltr'><strong>iusta</strong></span> <span class='ocrx_word' id='word_1_186' title='bbox 648 2101 704 2142; x_wconf 88' lang='lat' dir='ltr'><strong>nou</strong></span> <span class='ocrx_word' id='word_1_187' title='bbox 722 2092 765 2141; x_wconf 84' lang='lat' dir='ltr'><strong>eet</strong></span> <span class='ocrx_word' id='word_1_188' title='bbox 776 2085 881 2160; x_wconf 82' lang='lat' dir='ltr'><strong>posita,</strong></span> <span class='ocrx_word' id='word_1_189' title='bbox 903 2084 955 2142; x_wconf 83' lang='lat' dir='ltr'><strong>sed</strong></span> <span class='ocrx_word' id='word_1_190' title='bbox 962 2085 1115 2161; x_wconf 74' lang='lat' dir='ltr'><strong>pamebdbb</strong></span> <span class='ocrx_word' id='word_1_191' title='bbox 1130 2092 1160 2142; x_wconf 85' lang='lat' dir='ltr'><strong>et</strong></span> <span class='ocrx_word' id='word_1_192' title='bbox 1173 2084 1272 2142; x_wconf 79' lang='lat' dir='ltr'><strong>matri·</strong></span> <span class='ocrx_word' id='word_1_193' title='bbox 1283 2101 1301 2143; x_wconf 88' lang='lat'><strong>1.</strong></span> <span class='ocrx_word' id='word_1_194' title='bbox 1310 2098 1425 2152; x_wconf 69' lang='lat' dir='ltr'><strong>uranu.</strong></span> 
     </span>
     <span class='ocr_line' id='line_1_21' title="bbox 107 2177 1271 2264; baseline -0.002 -18"><span class='ocrx_word' id='word_1_195' title='bbox 107 2187 194 2256; x_wconf 66' lang='lat' dir='ltr'><strong>ceilae,</strong></span> <span class='ocrx_word' id='word_1_196' title='bbox 219 2194 250 2244; x_wconf 84' lang='lat' dir='ltr'><strong>et</strong></span> <span class='ocrx_word' id='word_1_197' title='bbox 263 2185 401 2262; x_wconf 69' lang='lat' dir='ltr'><strong>perstre,</strong></span> <span class='ocrx_word' id='word_1_198' title='bbox 426 2193 455 2242; x_wconf 86' lang='lat' dir='ltr'><strong>et</strong></span> <span class='ocrx_word' id='word_1_199' title='bbox 465 2187 560 2264; x_wconf 71' lang='lat' dir='ltr'><strong>ecquid</strong></span> <span class='ocrx_word' id='word_1_200' title='bbox 574 2186 655 2245; x_wconf 83' lang='lat' dir='ltr'><strong>clrird</strong></span> <span class='ocrx_word' id='word_1_201' title='bbox 668 2187 842 2244; x_wconf 81' lang='lat' dir='ltr'><strong>contrarium</strong></span> <span class='ocrx_word' id='word_1_202' title='bbox 856 2194 901 2256; x_wconf 81' lang='lat' dir='ltr'><strong>est</strong></span> <span class='ocrx_word' id='word_1_203' title='bbox 913 2204 1000 2246; x_wconf 84' lang='lat' dir='ltr'><strong>ranae</strong></span> <span class='ocrx_word' id='word_1_204' title='bbox 1014 2187 1169 2244; x_wconf 73' lang='lat' dir='ltr'><strong>uocemue.</strong></span> <span class='ocrx_word' id='word_1_205' title='bbox 1196 2177 1271 2245; x_wconf 84' lang='lat' dir='ltr'><strong>Cura</strong></span> 
     </span>
    </p>

    <p class='ocr_par' dir='ltr' id='par_1_13' title="bbox 106 2283 1272 2369">
     <span class='ocr_line' id='line_1_22' title="bbox 106 2283 1272 2369; baseline -0.002 -21"><span class='ocrx_word' id='word_1_206' title='bbox 106 2283 202 2369; x_wconf 72' lang='lat' dir='ltr'><strong>igitar</strong></span> <span class='ocrx_word' id='word_1_207' title='bbox 222 2284 274 2348; x_wconf 84' lang='lat' dir='ltr'><strong>lex</strong></span> <span class='ocrx_word' id='word_1_208' title='bbox 297 2283 375 2348; x_wconf 91' lang='lat' dir='ltr'><strong>iusto</strong></span> <span class='ocrx_word' id='word_1_209' title='bbox 391 2284 485 2368; x_wconf 91' lang='lat' dir='ltr'><strong>posita</strong></span> <span class='ocrx_word' id='word_1_210' title='bbox 505 2305 563 2348; x_wconf 85' lang='grc' dir='ltr'><strong>ιιοιι</strong></span> <span class='ocrx_word' id='word_1_211' title='bbox 581 2285 635 2364; x_wconf 91' lang='lat' dir='ltr'><strong>sit,</strong></span> <span class='ocrx_word' id='word_1_212' title='bbox 667 2305 736 2350; x_wconf 90' lang='lat' dir='ltr'><strong>oum</strong></span> <span class='ocrx_word' id='word_1_213' title='bbox 759 2285 922 2349; x_wconf 90' lang='lat' dir='ltr'><strong>sceleratus</strong></span> <span class='ocrx_word' id='word_1_214' title='bbox 944 2294 1031 2367; x_wconf 88' lang='lat' dir='ltr'><strong>atque</strong></span> <span class='ocrx_word' id='word_1_215' title='bbox 1057 2283 1147 2348; x_wconf 82' lang='lat' dir='ltr'><strong>exlex</strong></span> <span class='ocrx_word' id='word_1_216' title='bbox 1172 2284 1272 2346; x_wconf 90' lang='lat' dir='ltr'><strong>dieen-</strong></span> 
     </span>
    </p>

    <p class='ocr_par' dir='ltr' id='par_1_14' title="bbox 108 2383 1272 2472">
     <span class='ocr_line' id='line_1_23' title="bbox 108 2383 1272 2472; baseline -0.003 -22"><span class='ocrx_word' id='word_1_217' title='bbox 108 2387 167 2450; x_wconf 90' lang='lat' dir='ltr'><strong>dus</strong></span> <span class='ocrx_word' id='word_1_218' title='bbox 182 2387 247 2450; x_wconf 83' lang='lat' dir='ltr'><strong>est?</strong></span> <span class='ocrx_word' id='word_1_219' title='bbox 288 2383 413 2448; x_wconf 89' lang='lat' dir='ltr'><strong>Minime</strong></span> <span class='ocrx_word' id='word_1_220' title='bbox 434 2407 518 2450; x_wconf 89' lang='lat' dir='ltr'><strong>vero.</strong></span> <span class='ocrx_word' id='word_1_221' title='bbox 565 2384 624 2452; x_wconf 89' lang='lat' dir='ltr'><strong>Sed</strong></span> <span class='ocrx_word' id='word_1_222' title='bbox 643 2385 780 2472; x_wconf 91' lang='lat' dir='ltr'><strong>quoniam</strong></span> <span class='ocrx_word' id='word_1_223' title='bbox 799 2384 893 2450; x_wconf 88' lang='lat' dir='ltr'><strong>iustus</strong></span> <span class='ocrx_word' id='word_1_224' title='bbox 911 2407 985 2469; x_wconf 88' lang='lat' dir='ltr'><strong>quae</strong></span> <span class='ocrx_word' id='word_1_225' title='bbox 1004 2386 1070 2471; x_wconf 81' lang='lat' dir='ltr'><strong>lege</strong></span> <span class='ocrx_word' id='word_1_226' title='bbox 1093 2384 1272 2470; x_wconf 84' lang='lat' dir='ltr'><strong>praescripta</strong></span> 
     </span>
    </p>

    <p class='ocr_par' dir='ltr' id='par_1_15' title="bbox 107 2487 1272 2570">
     <span class='ocr_line' id='line_1_24' title="bbox 107 2487 1272 2570; baseline -0.003 -17"><span class='ocrx_word' id='word_1_227' title='bbox 107 2498 183 2554; x_wconf 89' lang='lat' dir='ltr'><strong>sunt</strong></span> <span class='ocrx_word' id='word_1_228' title='bbox 197 2489 294 2552; x_wconf 86' lang='lat' dir='ltr'><strong>[acere</strong></span> <span class='ocrx_word' id='word_1_229' title='bbox 310 2488 487 2566; x_wconf 87' lang='lat' dir='ltr'><strong>antevertit,</strong></span> <span class='ocrx_word' id='word_1_230' title='bbox 512 2489 654 2554; x_wconf 86' lang='lat' dir='ltr'><strong>adversus</strong></span> <span class='ocrx_word' id='word_1_231' title='bbox 670 2489 745 2552; x_wconf 83' lang='lat' dir='ltr'><strong>horre</strong></span> <span class='ocrx_word' id='word_1_232' title='bbox 762 2509 819 2552; x_wconf 92' lang='lat' dir='ltr'><strong>uon</strong></span> <span class='ocrx_word' id='word_1_233' title='bbox 837 2499 883 2551; x_wconf 89' lang='lat' dir='ltr'><strong>est</strong></span> <span class='ocrx_word' id='word_1_234' title='bbox 904 2489 1063 2552; x_wconf 87' lang='lat' dir='ltr'><strong>constituta</strong></span> <span class='ocrx_word' id='word_1_235' title='bbox 1086 2488 1137 2550; x_wconf 84' lang='lat' dir='ltr'><strong>lex</strong></span> <span class='ocrx_word' id='word_1_236' title='bbox 1159 2487 1207 2570; x_wconf 91' lang='lat' dir='ltr'><strong>qui</strong></span> <span class='ocrx_word' id='word_1_237' title='bbox 1232 2487 1272 2550; x_wconf 94' lang='lat' dir='ltr'><strong>le-</strong></span> 
     </span>
    </p>

    <p class='ocr_par' dir='ltr' id='par_1_16' title="bbox 105 2588 1299 2778">
     <span class='ocr_line' id='line_1_25' title="bbox 105 2588 1271 2676; baseline -0.003 -22"><span class='ocrx_word' id='word_1_238' title='bbox 105 2609 179 2674; x_wconf 79' lang='lat' dir='ltr'><strong>gem</strong></span> <span class='ocrx_word' id='word_1_239' title='bbox 206 2590 394 2669; x_wconf 89' lang='lat' dir='ltr'><strong>observavit,</strong></span> <span class='ocrx_word' id='word_1_240' title='bbox 425 2591 476 2654; x_wconf 91' lang='lat' dir='ltr'><strong>sed</strong></span> <span class='ocrx_word' id='word_1_241' title='bbox 500 2592 643 2656; x_wconf 87' lang='lat' dir='ltr'><strong>adversus</strong></span> <span class='ocrx_word' id='word_1_242' title='bbox 669 2612 721 2655; x_wconf 88' lang='lat' dir='ltr'><strong>eos</strong></span> <span class='ocrx_word' id='word_1_243' title='bbox 746 2591 915 2655; x_wconf 86' lang='lat' dir='ltr'><strong>decernitur</strong></span> <span class='ocrx_word' id='word_1_244' title='bbox 939 2591 988 2676; x_wconf 90' lang='lat' dir='ltr'><strong>qui</strong></span> <span class='ocrx_word' id='word_1_245' title='bbox 1019 2588 1143 2654; x_wconf 86' lang='lat' dir='ltr'><strong>sceleris</strong></span> <span class='ocrx_word' id='word_1_246' title='bbox 1165 2588 1271 2672; x_wconf 85' lang='lat' dir='ltr'><strong>aliquid</strong></span> 
     </span>
     <span class='ocr_line' id='line_1_26' title="bbox 106 2676 1299 2778; baseline -0.004 -22"><span class='ocrx_word' id='word_1_247' title='bbox 106 2691 331 2770; x_wconf 81' lang='lat' dir='ltr'><strong>commiseriat,</strong></span> <span class='ocrx_word' id='word_1_248' title='bbox 356 2691 390 2754; x_wconf 89' lang='lat' dir='ltr'><strong>ad</strong></span> <span class='ocrx_word' id='word_1_249' title='bbox 412 2713 464 2756; x_wconf 88' lang='lat' dir='ltr'><strong>eos</strong></span> <span class='ocrx_word' id='word_1_250' title='bbox 482 2693 653 2758; x_wconf 85' lang='lat' dir='ltr'><strong>iudicandos</strong></span> <span class='ocrx_word' id='word_1_251' title='bbox 671 2694 719 2777; x_wconf 95' lang='lat' dir='ltr'><strong>qui</strong></span> <span class='ocrx_word' id='word_1_252' title='bbox 740 2703 842 2757; x_wconf 89' lang='lat' dir='ltr'><strong>contra</strong></span> <span class='ocrx_word' id='word_1_253' title='bbox 861 2693 955 2776; x_wconf 84' lang='lat' dir='ltr'><strong>legem</strong></span> <span class='ocrx_word' id='word_1_254' title='bbox 970 2692 1170 2778; x_wconf 88' lang='lat' dir='ltr'><strong>peccaverint.</strong></span> <span class='ocrx_word' id='word_1_255' title='bbox 1218 2690 1272 2751; x_wconf 88' lang='grc' dir='ltr'><strong>Αι-</strong></span> <span class='ocrx_word' id='word_1_256' title='bbox 1296 2676 1299 2688; x_wconf 69' lang='grc'>’</span> 
     </span>
    </p>

    <p class='ocr_par' dir='ltr' id='par_1_17' title="bbox 102 2791 1272 3085">
     <span class='ocr_line' id='line_1_27' title="bbox 105 2791 1272 2879; baseline -0.003 -21"><span class='ocrx_word' id='word_1_257' title='bbox 105 2814 169 2879; x_wconf 91' lang='lat' dir='ltr'><strong>que</strong></span> <span class='ocrx_word' id='word_1_258' title='bbox 195 2793 249 2856; x_wconf 89' lang='lat' dir='ltr'><strong>boc</strong></span> <span class='ocrx_word' id='word_1_259' title='bbox 271 2795 357 2858; x_wconf 91' lang='lat' dir='ltr'><strong>modo</strong></span> <span class='ocrx_word' id='word_1_260' title='bbox 379 2815 447 2858; x_wconf 90' lang='lat' dir='ltr'><strong>sese</strong></span> <span class='ocrx_word' id='word_1_261' title='bbox 472 2805 677 2858; x_wconf 87' lang='lat' dir='ltr'><strong>testamcutum</strong></span> <span class='ocrx_word' id='word_1_262' title='bbox 700 2804 785 2860; x_wconf 87' lang='lat' dir='ltr'><strong>retus</strong></span> <span class='ocrx_word' id='word_1_263' title='bbox 808 2795 925 2874; x_wconf 89' lang='lat' dir='ltr'><strong>habuit,</strong></span> <span class='ocrx_word' id='word_1_264' title='bbox 957 2795 1033 2878; x_wconf 91' lang='lat' dir='ltr'><strong>quod</strong></span> <span class='ocrx_word' id='word_1_265' title='bbox 1051 2805 1081 2857; x_wconf 93' lang='lat' dir='ltr'><strong>et</strong></span> <span class='ocrx_word' id='word_1_266' title='bbox 1100 2791 1272 2856; x_wconf 83' lang='lat' dir='ltr'><strong>lrornicidam</strong></span> 
     </span>
     <span class='ocr_line' id='line_1_28' title="bbox 102 2894 1271 2982; baseline -0.002 -22"><span class='ocrx_word' id='word_1_267' title='bbox 102 2895 253 2974; x_wconf 81' lang='lat' dir='ltr'><strong>interfici,</strong></span> <span class='ocrx_word' id='word_1_268' title='bbox 278 2907 307 2958; x_wconf 90' lang='lat' dir='ltr'><strong>et</strong></span> <span class='ocrx_word' id='word_1_269' title='bbox 325 2896 487 2960; x_wconf 88' lang='lat' dir='ltr'><strong>adulterum</strong></span> <span class='ocrx_word' id='word_1_270' title='bbox 508 2896 628 2982; x_wconf 89' lang='lat' dir='ltr'><strong>perinde</strong></span> <span class='ocrx_word' id='word_1_271' title='bbox 651 2907 745 2960; x_wconf 89' lang='lat' dir='ltr'><strong>morte</strong></span> <span class='ocrx_word' id='word_1_272' title='bbox 763 2897 914 2976; x_wconf 88' lang='lat' dir='ltr'><strong>damnari,</strong></span> <span class='ocrx_word' id='word_1_273' title='bbox 946 2918 980 2960; x_wconf 89' lang='lat' dir='ltr'><strong>ac</strong></span> <span class='ocrx_word' id='word_1_274' title='bbox 1002 2895 1076 2979; x_wconf 81' lang='lat' dir='ltr'><strong>legis</strong></span> <span class='ocrx_word' id='word_1_275' title='bbox 1098 2894 1271 2959; x_wconf 84' lang='lat' dir='ltr'><strong>violatorem</strong></span> 
     </span>
     <span class='ocr_line' id='line_1_29' title="bbox 105 2995 1272 3085; baseline -0.003 -23"><span class='ocrx_word' id='word_1_276' title='bbox 105 2998 255 3083; x_wconf 85' lang='lat' dir='ltr'><strong>lapidibus</strong></span> <span class='ocrx_word' id='word_1_277' title='bbox 271 2997 355 3062; x_wconf 89' lang='lat' dir='ltr'><strong>obrui</strong></span> <span class='ocrx_word' id='word_1_278' title='bbox 375 3009 577 3085; x_wconf 87' lang='lat' dir='ltr'><strong>praeceperat.</strong></span> <span class='ocrx_word' id='word_1_279' title='bbox 623 2995 704 3062; x_wconf 89' lang='lat' dir='ltr'><strong>ldem</strong></span> <span class='ocrx_word' id='word_1_280' title='bbox 722 3021 810 3082; x_wconf 92' lang='lat' dir='ltr'><strong>porro</strong></span> <span class='ocrx_word' id='word_1_281' title='bbox 829 2999 1014 3084; x_wconf 85' lang='lat' dir='ltr'><strong>splendorem</strong></span> <span class='ocrx_word' id='word_1_282' title='bbox 1032 3019 1066 3062; x_wconf 87' lang='lat' dir='ltr'><strong>ac</strong></span> <span class='ocrx_word' id='word_1_283' title='bbox 1082 2997 1203 3081; x_wconf 85' lang='lat' dir='ltr'><strong>gloriam</strong></span> <span class='ocrx_word' id='word_1_284' title='bbox 1221 2997 1272 3058; x_wconf 91' lang='lat' dir='ltr'><strong>ba·</strong></span> 
     </span>
    </p>

    <p class='ocr_par' dir='ltr' id='par_1_18' title="bbox 103 3096 1426 3290">
     <span class='ocr_line' id='line_1_30' title="bbox 103 3096 1426 3184; baseline -0.005 -18"><span class='ocrx_word' id='word_1_285' title='bbox 103 3100 192 3178; x_wconf 79' lang='lat' dir='ltr'><strong>buit,</strong></span> <span class='ocrx_word' id='word_1_286' title='bbox 221 3111 251 3163; x_wconf 89' lang='lat' dir='ltr'><strong>et</strong></span> <span class='ocrx_word' id='word_1_287' title='bbox 266 3099 381 3184; x_wconf 89' lang='lat' dir='ltr'><strong>quidem</strong></span> <span class='ocrx_word' id='word_1_288' title='bbox 405 3123 462 3165; x_wconf 90' lang='lat' dir='ltr'><strong>uon</strong></span> <span class='ocrx_word' id='word_1_289' title='bbox 488 3103 676 3167; x_wconf 85' lang='lat' dir='ltr'><strong>mediocrem.</strong></span> <span class='ocrx_word' id='word_1_290' title='bbox 724 3099 856 3166; x_wconf 85' lang='lat' dir='ltr'><strong>Gloriam</strong></span> <span class='ocrx_word' id='word_1_291' title='bbox 879 3100 957 3166; x_wconf 92' lang='lat' dir='ltr'><strong>enim</strong></span> <span class='ocrx_word' id='word_1_292' title='bbox 979 3099 1056 3164; x_wconf 90' lang='lat' dir='ltr'><strong>iuter</strong></span> <span class='ocrx_word' id='word_1_293' title='bbox 1079 3097 1213 3162; x_wconf 86' lang='lat' dir='ltr'><strong>homines</strong></span> <span class='ocrx_word' id='word_1_294' title='bbox 1236 3096 1426 3160; x_wconf 58' lang='lat' dir='ltr'><strong>oblinat-²⁰2¹&amp;</strong></span> 
     </span>
     <span class='ocr_line' id='line_1_31' title="bbox 104 3199 1272 3290; baseline -0.005 -22"><span class='ocrx_word' id='word_1_295' title='bbox 104 3213 229 3268; x_wconf 87' lang='lat' dir='ltr'><strong>mutuas</strong></span> <span class='ocrx_word' id='word_1_296' title='bbox 242 3202 359 3266; x_wconf 88' lang='lat' dir='ltr'><strong>illorum</strong></span> <span class='ocrx_word' id='word_1_297' title='bbox 377 3202 500 3268; x_wconf 89' lang='lat' dir='ltr'><strong>iniurias</strong></span> <span class='ocrx_word' id='word_1_298' title='bbox 518 3205 690 3290; x_wconf 85' lang='lat' dir='ltr'><strong>promeruit.</strong></span> <span class='ocrx_word' id='word_1_299' title='bbox 730 3201 817 3286; x_wconf 80' lang='lat' dir='ltr'><strong>Quod</strong></span> <span class='ocrx_word' id='word_1_300' title='bbox 836 3204 921 3288; x_wconf 80' lang='lat' dir='ltr'><strong>ignea</strong></span> <span class='ocrx_word' id='word_1_301' title='bbox 940 3204 968 3266; x_wconf 92' lang='lat' dir='ltr'><strong>in</strong></span> <span class='ocrx_word' id='word_1_302' title='bbox 985 3204 1119 3266; x_wconf 88' lang='lat' dir='ltr'><strong>columna</strong></span> <span class='ocrx_word' id='word_1_303' title='bbox 1135 3199 1272 3264; x_wconf 89' lang='lat' dir='ltr'><strong>traditum</strong></span> 
     </span>
    </p>

    <p class='ocr_par' dir='ltr' id='par_1_19' title="bbox 106 3304 1273 3390">
     <span class='ocr_line' id='line_1_32' title="bbox 106 3304 1273 3390; baseline -0.004 -21"><span class='ocrx_word' id='word_1_304' title='bbox 106 3316 142 3370; x_wconf 91' lang='lat' dir='ltr'><strong>et</strong></span> <span class='ocrx_word' id='word_1_305' title='bbox 158 3304 345 3368; x_wconf 87' lang='lat' dir='ltr'><strong>iulormatum</strong></span> <span class='ocrx_word' id='word_1_306' title='bbox 365 3316 427 3385; x_wconf 89' lang='lat' dir='ltr'><strong>est,</strong></span> <span class='ocrx_word' id='word_1_307' title='bbox 453 3307 529 3370; x_wconf 90' lang='lat' dir='ltr'><strong>tubis</strong></span> <span class='ocrx_word' id='word_1_308' title='bbox 547 3307 707 3372; x_wconf 89' lang='lat' dir='ltr'><strong>vebemeus</strong></span> <span class='ocrx_word' id='word_1_309' title='bbox 726 3307 862 3390; x_wconf 87' lang='lat' dir='ltr'><strong>quiddam</strong></span> <span class='ocrx_word' id='word_1_310' title='bbox 886 3306 1122 3390; x_wconf 88' lang='lat' dir='ltr'><strong>horrendumque</strong></span> <span class='ocrx_word' id='word_1_311' title='bbox 1142 3314 1273 3388; x_wconf 87' lang='lat' dir='ltr'><strong>perstre-</strong></span> 
     </span>
    </p>
   </div>
   <div class='ocr_carea' id='block_1_12' title="bbox 106 3405 1427 3693">
    <p class='ocr_par' dir='ltr' id='par_1_20' title="bbox 106 3405 1427 3693">
     <span class='ocr_line' id='line_1_33' title="bbox 106 3405 1273 3496; baseline -0.001 -27"><span class='ocrx_word' id='word_1_312' title='bbox 106 3405 267 3494; x_wconf 85' lang='lat' dir='ltr'><strong>pentibus,</strong></span> <span class='ocrx_word' id='word_1_313' title='bbox 300 3407 329 3470; x_wconf 92' lang='lat' dir='ltr'><strong>iu</strong></span> <span class='ocrx_word' id='word_1_314' title='bbox 352 3409 543 3472; x_wconf 86' lang='lat' dir='ltr'><strong>tabernaculo</strong></span> <span class='ocrx_word' id='word_1_315' title='bbox 562 3407 741 3489; x_wconf 87' lang='lat' dir='ltr'><strong>testimonii,</strong></span> <span class='ocrx_word' id='word_1_316' title='bbox 773 3410 942 3496; x_wconf 89' lang='lat' dir='ltr'><strong>reliquaque</strong></span> <span class='ocrx_word' id='word_1_317' title='bbox 965 3405 1173 3494; x_wconf 83' lang='lat' dir='ltr'><strong>omnigloria,</strong></span> <span class='ocrx_word' id='word_1_318' title='bbox 1197 3425 1273 3490; x_wconf 86' lang='lat' dir='ltr'><strong>quae</strong></span> 
     </span>
     <span class='ocr_line' id='line_1_34' title="bbox 107 3508 1271 3596; baseline 0.002 -24"><span class='ocrx_word' id='word_1_319' title='bbox 107 3508 269 3596; x_wconf 84' lang='lat' dir='ltr'><strong>praecipua</strong></span> <span class='ocrx_word' id='word_1_320' title='bbox 289 3520 348 3572; x_wconf 87' lang='lat' dir='ltr'><strong>tum</strong></span> <span class='ocrx_word' id='word_1_321' title='bbox 366 3510 475 3574; x_wconf 76' lang='lat' dir='ltr'><strong>extitit.</strong></span> <span class='ocrx_word' id='word_1_322' title='bbox 522 3508 688 3596; x_wconf 83' lang='lat' dir='ltr'><strong>Oportebat</strong></span> <span class='ocrx_word' id='word_1_323' title='bbox 704 3511 781 3574; x_wconf 89' lang='lat' dir='ltr'><strong>euim</strong></span> <span class='ocrx_word' id='word_1_324' title='bbox 800 3512 916 3596; x_wconf 90' lang='lat' dir='ltr'><strong>praeire</strong></span> <span class='ocrx_word' id='word_1_325' title='bbox 931 3521 1136 3576; x_wconf 88' lang='lat' dir='ltr'><strong>testamentum</strong></span> <span class='ocrx_word' id='word_1_326' title='bbox 1156 3509 1271 3587; x_wconf 89' lang='lat' dir='ltr'><strong>mortis,</strong></span> 
     </span>
     <span class='ocr_line' id='line_1_35' title="bbox 108 3608 1427 3693; baseline -0.002 -17"><span class='ocrx_word' id='word_1_327' title='bbox 108 3621 147 3676; x_wconf 87' lang='grc' dir='ltr'><strong>ιιι</strong></span> <span class='ocrx_word' id='word_1_328' title='bbox 173 3631 238 3674; x_wconf 87' lang='lat' dir='ltr'><strong>cum</strong></span> <span class='ocrx_word' id='word_1_329' title='bbox 259 3617 385 3691; x_wconf 75' lang='lat' dir='ltr'><strong>peccatu</strong></span> <span class='ocrx_word' id='word_1_330' title='bbox 411 3635 533 3675; x_wconf 79' lang='lat' dir='ltr'><strong>essemus</strong></span> <span class='ocrx_word' id='word_1_331' title='bbox 556 3618 678 3688; x_wconf 84' lang='lat' dir='ltr'><strong>mortui,</strong></span> <span class='ocrx_word' id='word_1_332' title='bbox 711 3616 837 3674; x_wconf 72' lang='lat' dir='ltr'><strong>castellae</strong></span> <span class='ocrx_word' id='word_1_333' title='bbox 858 3617 1020 3674; x_wconf 84' lang='lat' dir='ltr'><strong>ur‘aeremus.</strong></span> <span class='ocrx_word' id='word_1_334' title='bbox 1069 3608 1136 3693; x_wconf 78' lang='lat' dir='ltr'><strong>Qua</strong></span> <span class='ocrx_word' id='word_1_335' title='bbox 1160 3613 1273 3674; x_wconf 85' lang='lat' dir='ltr'><strong>ratione</strong></span> <span class='ocrx_word' id='word_1_336' title='bbox 1284 3629 1427 3686; x_wconf 31' lang='lat' dir='ltr'><strong>tererent.</strong></span> 
     </span>
    </p>
   </div>
   <div class='ocr_carea' id='block_1_13' title="bbox 1286 3679 1413 3736">
    <p class='ocr_par' dir='ltr' id='par_1_21' title="bbox 1286 3679 1413 3736">
     <span class='ocr_line' id='line_1_36' title="bbox 1286 3679 1413 3736; baseline 0.031 -14"><span class='ocrx_word' id='word_1_337' title='bbox 1286 3679 1340 3725; x_wconf 77' lang='lat' dir='ltr'><strong>lael.</strong></span> <span class='ocrx_word' id='word_1_338' title='bbox 1348 3681 1381 3736; x_wconf 70' lang='lat' dir='ltr'><strong>bd,</strong></span> <span class='ocrx_word' id='word_1_339' title='bbox 1393 3681 1413 3726; x_wconf 75' lang='grc'><strong>4.</strong></span> 
     </span>
    </p>
   </div>
   <div class='ocr_carea' id='block_1_14' title="bbox 102 3814 1275 4311">
    <p class='ocr_par' dir='ltr' id='par_1_22' title="bbox 102 3814 1275 4311">
     <span class='ocr_line' id='line_1_37' title="bbox 106 3814 1273 3902; baseline -0.001 -22"><span class='ocrx_word' id='word_1_340' title='bbox 106 3814 213 3880; x_wconf 87' lang='lat' dir='ltr'><strong>omnia</strong></span> <span class='ocrx_word' id='word_1_341' title='bbox 234 3816 350 3899; x_wconf 90' lang='lat' dir='ltr'><strong>corpori</strong></span> <span class='ocrx_word' id='word_1_342' title='bbox 367 3837 421 3879; x_wconf 90' lang='lat' dir='ltr'><strong>suo</strong></span> <span class='ocrx_word' id='word_1_343' title='bbox 438 3817 572 3902; x_wconf 88' lang='lat' dir='ltr'><strong>imposita</strong></span> <span class='ocrx_word' id='word_1_344' title='bbox 598 3816 627 3881; x_wconf 94' lang='lat' dir='ltr'><strong>in</strong></span> <span class='ocrx_word' id='word_1_345' title='bbox 652 3838 739 3882; x_wconf 89' lang='lat' dir='ltr'><strong>cruce</strong></span> <span class='ocrx_word' id='word_1_346' title='bbox 757 3816 914 3894; x_wconf 90' lang='lat' dir='ltr'><strong>sustinuit,</strong></span> <span class='ocrx_word' id='word_1_347' title='bbox 945 3827 976 3878; x_wconf 92' lang='lat' dir='ltr'><strong>ut</strong></span> <span class='ocrx_word' id='word_1_348' title='bbox 991 3814 1114 3900; x_wconf 88' lang='lat' dir='ltr'><strong>primum</strong></span> <span class='ocrx_word' id='word_1_349' title='bbox 1139 3837 1214 3900; x_wconf 87' lang='lat' dir='ltr'><strong>quae</strong></span> <span class='ocrx_word' id='word_1_350' title='bbox 1238 3817 1273 3880; x_wconf 88' lang='lat' dir='ltr'><strong>ad</strong></span> 
     </span>
     <span class='ocr_line' id='line_1_38' title="bbox 105 3917 1274 4003; baseline -0.002 -19"><span class='ocrx_word' id='word_1_351' title='bbox 105 3928 239 3984; x_wconf 87' lang='lat' dir='ltr'><strong>mortem</strong></span> <span class='ocrx_word' id='word_1_352' title='bbox 257 3917 417 4002; x_wconf 89' lang='lat' dir='ltr'><strong>pertinent,</strong></span> <span class='ocrx_word' id='word_1_353' title='bbox 437 3929 495 3982; x_wconf 90' lang='lat' dir='ltr'><strong>tum</strong></span> <span class='ocrx_word' id='word_1_354' title='bbox 513 3939 585 3982; x_wconf 90' lang='lat' dir='ltr'><strong>vero</strong></span> <span class='ocrx_word' id='word_1_355' title='bbox 603 3941 679 4002; x_wconf 87' lang='lat' dir='ltr'><strong>quae</strong></span> <span class='ocrx_word' id='word_1_356' title='bbox 694 3930 763 3984; x_wconf 90' lang='lat' dir='ltr'><strong>suut</strong></span> <span class='ocrx_word' id='word_1_357' title='bbox 778 3920 856 3984; x_wconf 86' lang='lat' dir='ltr'><strong>vitae</strong></span> <span class='ocrx_word' id='word_1_358' title='bbox 872 3917 989 4003; x_wconf 87' lang='lat' dir='ltr'><strong>propria</strong></span> <span class='ocrx_word' id='word_1_359' title='bbox 1007 3917 1036 3982; x_wconf 91' lang='lat' dir='ltr'><strong>iu</strong></span> <span class='ocrx_word' id='word_1_360' title='bbox 1055 3920 1155 3983; x_wconf 88' lang='lat' dir='ltr'><strong>eadem</strong></span> <span class='ocrx_word' id='word_1_361' title='bbox 1172 3929 1274 3982; x_wconf 86' lang='lat' dir='ltr'><strong>austra</strong></span> 
     </span>
     <span class='ocr_line' id='line_1_39' title="bbox 105 4018 1275 4105; baseline -0.001 -20"><span class='ocrx_word' id='word_1_362' title='bbox 105 4040 220 4085; x_wconf 87' lang='lat' dir='ltr'><strong>caussa</strong></span> <span class='ocrx_word' id='word_1_363' title='bbox 242 4021 469 4105; x_wconf 88' lang='lat' dir='ltr'><strong>complerentur.</strong></span> <span class='ocrx_word' id='word_1_364' title='bbox 516 4018 612 4103; x_wconf 80' lang='lat' dir='ltr'><strong>Quam</strong></span> <span class='ocrx_word' id='word_1_365' title='bbox 631 4022 668 4086; x_wconf 93' lang='lat' dir='ltr'><strong>ob</strong></span> <span class='ocrx_word' id='word_1_366' title='bbox 688 4042 822 4086; x_wconf 86' lang='lat' dir='ltr'><strong>caussam</strong></span> <span class='ocrx_word' id='word_1_367' title='bbox 841 4019 966 4086; x_wconf 85' lang='lat' dir='ltr'><strong>uroritur</strong></span> <span class='ocrx_word' id='word_1_368' title='bbox 986 4020 1096 4105; x_wconf 90' lang='lat' dir='ltr'><strong>primo,</strong></span> <span class='ocrx_word' id='word_1_369' title='bbox 1122 4032 1154 4084; x_wconf 89' lang='lat' dir='ltr'><strong>ut</strong></span> <span class='ocrx_word' id='word_1_370' title='bbox 1171 4021 1275 4084; x_wconf 91' lang='lat' dir='ltr'><strong>mortis</strong></span> 
     </span>
     <span class='ocr_line' id='line_1_40' title="bbox 105 4122 1274 4202; baseline 0 -14"><span class='ocrx_word' id='word_1_371' title='bbox 105 4133 321 4188; x_wconf 89' lang='lat' dir='ltr'><strong>testamentum</strong></span> <span class='ocrx_word' id='word_1_372' title='bbox 344 4123 573 4186; x_wconf 89' lang='lat' dir='ltr'><strong>commendaret.</strong></span> <span class='ocrx_word' id='word_1_373' title='bbox 621 4122 734 4187; x_wconf 88' lang='lat' dir='ltr'><strong>Deinde</strong></span> <span class='ocrx_word' id='word_1_374' title='bbox 757 4145 773 4186; x_wconf 90' lang='lat' dir='ltr'><strong>a</strong></span> <span class='ocrx_word' id='word_1_375' title='bbox 796 4122 919 4186; x_wconf 89' lang='lat' dir='ltr'><strong>mortuis</strong></span> <span class='ocrx_word' id='word_1_376' title='bbox 941 4123 1088 4186; x_wconf 82' lang='lat' dir='ltr'><strong>excitatus</strong></span> <span class='ocrx_word' id='word_1_377' title='bbox 1108 4133 1170 4202; x_wconf 91' lang='lat' dir='ltr'><strong>est,</strong></span> <span class='ocrx_word' id='word_1_378' title='bbox 1204 4133 1274 4188; x_wconf 89' lang='lat' dir='ltr'><strong>uta</strong></span> 
     </span>
     <span class='ocr_line' id='line_1_41' title="bbox 102 4222 1275 4311; baseline 0.002 -22"><span class='ocrx_word' id='word_1_379' title='bbox 102 4223 208 4311; x_wconf 84' lang='lat' dir='ltr'><strong>gloria</strong></span> <span class='ocrx_word' id='word_1_380' title='bbox 224 4225 364 4287; x_wconf 88' lang='lat' dir='ltr'><strong>transiret</strong></span> <span class='ocrx_word' id='word_1_381' title='bbox 381 4225 415 4286; x_wconf 91' lang='lat' dir='ltr'><strong>ad</strong></span> <span class='ocrx_word' id='word_1_382' title='bbox 430 4222 568 4307; x_wconf 85' lang='lat' dir='ltr'><strong>gloriam,</strong></span> <span class='ocrx_word' id='word_1_383' title='bbox 592 4235 729 4311; x_wconf 89' lang='lat' dir='ltr'><strong>tauquam</strong></span> <span class='ocrx_word' id='word_1_384' title='bbox 748 4247 765 4290; x_wconf 88' lang='lat' dir='ltr'><strong>a</strong></span> <span class='ocrx_word' id='word_1_385' title='bbox 781 4229 1011 4306; x_wconf 74' lang='lat' dir='ltr'><strong>domrbr‘apr&#39;rr&#39;tu.</strong></span> <span class='ocrx_word' id='word_1_386' title='bbox 1046 4223 1123 4288; x_wconf 89' lang='lat' dir='ltr'><strong>Nam</strong></span> <span class='ocrx_word' id='word_1_387' title='bbox 1141 4226 1171 4290; x_wconf 92' lang='lat' dir='ltr'><strong>in</strong></span> <span class='ocrx_word' id='word_1_388' title='bbox 1187 4247 1275 4291; x_wconf 90' lang='lat' dir='ltr'><strong>eruce</strong></span> 
     </span>
    </p>
   </div>
   <div class='ocr_carea' id='block_1_15' title="bbox 100 4447 1054 4514">
    <p class='ocr_par' dir='ltr' id='par_1_23' title="bbox 100 4447 1054 4514">
     <span class='ocr_line' id='line_1_42' title="bbox 100 4447 1054 4514; baseline 0.001 -15"><span class='ocrx_word' id='word_1_389' title='bbox 100 4451 176 4500; x_wconf 85' lang='lat' dir='ltr'><strong>ttana</strong></span> <span class='ocrx_word' id='word_1_390' title='bbox 194 4447 301 4510; x_wconf 74' lang='lat' dir='ltr'><strong>exempto</strong></span> <span class='ocrx_word' id='word_1_391' title='bbox 319 4447 386 4498; x_wconf 83' lang='lat' dir='ltr'><strong>cutus</strong></span> <span class='ocrx_word' id='word_1_392' title='bbox 410 4449 435 4498; x_wconf 87' lang='lat' dir='ltr'><strong>tu</strong></span> <span class='ocrx_word' id='word_1_393' title='bbox 452 4461 527 4512; x_wconf 76' lang='lat' dir='ltr'><strong>mara.</strong></span> <span class='ocrx_word' id='word_1_394' title='bbox 543 4463 573 4500; x_wconf 81' lang='lat' dir='ltr'><strong>aa</strong></span> <span class='ocrx_word' id='word_1_395' title='bbox 588 4451 729 4512; x_wconf 81' lang='lat' dir='ltr'><strong>mnsptcttrar</strong></span> <span class='ocrx_word' id='word_1_396' title='bbox 745 4453 858 4502; x_wconf 77' lang='lat' dir='ltr'><strong>annotato</strong></span> <span class='ocrx_word' id='word_1_397' title='bbox 875 4461 929 4500; x_wconf 86' lang='lat' dir='ltr'><strong>cum</strong></span> <span class='ocrx_word' id='word_1_398' title='bbox 945 4451 1005 4514; x_wconf 74' lang='lat' dir='ltr'><strong>dato</strong></span> <span class='ocrx_word' id='word_1_399' title='bbox 1022 4451 1054 4502; x_wconf 86' lang='lat' dir='ltr'><strong>tr.</strong></span> 
     </span>
    </p>
   </div>
   <div class='ocr_carea' id='block_1_16' title="bbox 0 0 1582 4930">
    <p class='ocr_par' dir='ltr' id='par_1_24' title="bbox 0 0 1582 4930">
     <span class='ocr_line' id='line_1_43' title="bbox 0 0 1582 4930; baseline 0 0"><span class='ocrx_word' id='word_1_400' title='bbox 0 0 1582 4930; x_wconf 95' lang='lat' dir='ltr'><strong> </strong></span> 
     </span>
    </p>
   </div>
  </div>
 </body>
</html>
