3168 4926
325 283 366 345 22
747 291 870 344 mcv
885 292 1055 344 ΕΡΙΡΗΛΝΠ

325 408 346 493 ή
361 407 444 492 ψυχή
459 406 514 474 οόκ
533 411 630 491 ἐξέστη
644 418 697 476 τοῦ
712 407 905 495 ἡγεμονικοῦ,
930 407 999 474 οόδέ
1017 415 1073 475 τοῦ
1085 408 1285 494 φρονήματος.
1330 409 1481 486 Πολλάκις

326 511 381 598 γάρ
399 510 574 591 φαντάζεται
591 512 714 595 ἑαυτήν,
738 509 779 588 τάς
794 515 825 577 ἐν
842 511 1034 598 γρηγορήσει,
1057 515 1107 576 καλ
1125 521 1280 599 περιπατεῖ
1295 514 1346 577 καλ
1369 512 1479 599 ἐργάζ-

326 641 374 679 ται
397 616 447 678 καλ
464 625 657 701 ποντοπορεῐ,
679 618 728 679 καὶ
755 617 786 680 ἐν
807 620 918 680 πλείοσι
937 617 988 679 καί
1006 617 1112 696 μείζοσι
1133 613 1248 680 τούτων
1269 611 1307 679 δι’
1323 613 1481 700 ὀνειράτων

328 715 435 799 ἑαυτήν
450 719 602 799 θεωμένη,
626 717 663 783 οά
682 717 741 800 μήν
758 716 833 782 κατά
849 715 901 782 τόν
922 715 1105 802 ἀφραίνοντα
1124 720 1175 781 καὶ
1194 719 1226 783 ἐν
1248 716 1380 782 ἐκστάσει
1401 716 1481 802 γινό-

329 846 416 902 μενον
433 819 603 886 ἐκστατικὸν
620 819 799 904 άνθρωπον,
822 817 873 884 τόν
889 827 929 907 τῷ
952 818 1064 902 στόματι
1082 820 1132 884 καλ
1149 827 1184 910 τῇ
1202 828 1285 909 ψυχή
1302 819 1482 906 ἐγρηγορότα

327 922 363 987 τά
387 920 467 986 δεινά
491 921 755 1006 μεταχειριζόμενον
778 923 829 986 καί
851 920 991 997 πολλάκις
1016 924 1109 1010 ἐαυτῷ
1135 926 1238 998 δεινῶς
1261 922 1411 1006 χρεόμενον
1432 924 1482 988 καί

328 1035 391 1100 τοῖς
407 1027 504 1101 πέλας.
541 1023 655 1110 Ἀγνοεί
667 1022 722 1108 γάρ
740 1023 759 1088 δ
778 1027 940 1110 φθέγγεταί
954 1049 984 1088 τε
998 1027 1049 1090 ,καλ
1064 1023 1194 1110 πράττει,
1217 1023 1372 1110 ἐπειδήπερ
1389 1027 1421 1092 ἐν
1438 1028 1482 1091 έκ-

329 1127 424 1193 στάσει
447 1130 565 1214 γέγονεν
587 1123 760 1212 α’φροσάνης
781 1124 798 1192 ό
820 1134 962 1203 τοιοῦτος.
1047 1167 1050 1172 ·

296 1340 311 1396 ’.
419 1338 518 1396 Ταῦτα
533 1332 564 1396 δέ
578 1330 674 1396 πάντα
691 1330 741 1396 διά
759 1331 807 1412 τό,
829 1329 968 1416 Ἐπέβαλε
984 1330 1089 1415 κύριος
1105 1333 1239 1398 ἔκστασιν
1257 1334 1306 1398 έπί
1323 1329 1376 1396 τόν
1390 1329 1483 1414 Ἀδάμ

328 1437 379 1500 καὶ
394 1433 539 1512 ὕπνωσεν,
562 1432 694 1518 άνάγκην
710 1433 878 1518 ἐσχήκαμεν,
902 1426 926 1499 ά
944 1433 1138 1516 ἐπιπόθητοι,
1161 1444 1335 1520 συναγαγεῖν
1351 1433 1405 1510 τάς
1420 1438 1483 1498 δια-

330 1536 429 1621 φοράς
448 1543 507 1600 τόν
526 1536 646 1620 τρόπων
667 1545 718 1619 τῆς
741 1537 918 1616 ἐκστάσεως,
941 1539 991 1602 καί
1009 1535 1178 1620 ἐφράσαμεν
1201 1535 1237 1602 δι’
1253 1537 1291 1620 ήν
1307 1541 1403 1602 αἰτίαν
1425 1540 1487 1603 ἐκεῖ

330 1637 412 1722 παρά
431 1643 537 1722 κυρίου
561 1642 694 1714 ἔκστασις
716 1643 827 1721 είρηται
843 1637 863 1722 ή
879 1647 932 1705 τοῦ
953 1639 1051 1705 ὕπνον
1073 1637 1195 1721 μετοχή,
1218 1638 1265 1705 ότι
1285 1638 1335 1705 διολ
1357 1638 1410 1722 τήν
1430 1647 1485 1704 τοῦ

330 1749 407 1806 θεοῦ
425 1741 517 1822 φειδιδ
540 1745 590 1807 καί
612 1747 856 1826 φιλανθρωπίαν,
879 1742 917 1824 ἣν
936 1749 1009 1807 πᾶσι
1023 1742 1076 1825 μὲν
1092 1739 1268 1827 άνθροίποις
1290 1739 1416 1818 όαάτός
1437 1745 1483 1807 δε·

333 1837 464 1929 διείρηται
485 1847 526 1919 είς
547 1843 579 1909 τό
606 1846 824 1928 μεταφέρεσθαι
841 1843 894 1912 ’τόν
916 1843 1081 1928 άνθροοπον
1107 1843 1167 1912 άπό
1190 1849 1330 1931 μερίμνης
1350 1847 1392 1920 είς
1413 1842 1485 1908 άνά-

332 1970 441 2011 παυσιν
457 1946 572 2023 ὕπνου,
595 1949 645 2010 καί
666 1953 725 2010 ταῖν
742 1955 783 2034 τῷ
801 1951 856 2037 βίῳ
873 1952 1021 2033 χρειωδῶν
1045 1947 1232 2032 πραγμάτων.
1275 1945 1362 2013 Ἐκεῖ
1381 1948 1413 2012 δέ
1434 1971 1484 2010 πε·

332 2051 502 2134 ριττοτέρως
520 2051 633 2132 ἐκείνην
649 2051 783 2115 ἐκστασιν
801 2053 938 2132 κέκληκε,
961 2047 1010 2114 διά
1026 2049 1059 2116 τό
1079 2057 1202 2132 ποιήσαι
1224 2048 1315 2115 αότόν
1335 2047 1411 2134 πρός
1432 2047 1486 2131 τήν

334 2152 413 2236 ὥραν
429 2149 469 2234 μή
488 2151 683 2217 αἰσθάνεσθαι
698 2154 803 2233 πόνου,
827 2150 864 2218 δι’
882 2153 920 2236 ἣν
936 2155 1032 2235 έμελίε
1047 2151 1207 2234 λαμβάνειν
1221 2150 1351 2238 πλευράν
1368 2149 1417 2216 ἄπ’
1434 2147 1487 2216 αό-

331 2259 396 2331 τοῡ,
418 2255 470 2318 καλ
485 2253 619 2319 πλάττειν
634 2253 727 2336 αότήν
743 2252 822 2342 αὐτῷ
841 2257 881 2330 είς
897 2263 1036 2340 γυναῖκα·
1059 2251 1129 2318 άλλά
1145 2252 1200 2320 οόκ
1215 2247 1252 2338 ήν
1269 2257 1401 2329 ἔκστασις
1416 2277 1487 2338 φρε·

332 2364 391 2421 νιόν
409 2357 460 2420 καὶ
477 2356 689 2440 διανοημάτων.
725 2355 834 2432 Εάθός
849 2355 905 2443 γάρ
922 2353 1048 2433 άναστάς
1064 2359 1186 2442 ἐπέγνω,
1207 2359 1259 2422 καί
1276 2354 1354 2422 είπε·
1392 2363 1486 2421 Τοῦτο

332 2467 388 2525 νῦν
412 2456 519 2524 α’στοῦν
542 2461 574 2524 ἐκ
596 2467 654 2524 τῶν
676 2457 770 2526 α’σττόν
791 2485 865 2541 μου,
888 2460 939 2524 καλ
962 2457 1035 2543 σάρξ
1059 2461 1091 2525 ἐκ
1109 2467 1162 2541 τῆς
1185 2458 1295 2543 σαρκός
1314 2483 1387 2541 μου·
1410 2457 1487 2540 αὕτη

207 2587 314 2646 mm,
335 2560 513 2643 κληθήσεται
535 2561 625 2646 γυνή,
647 2562 691 2628 ὅτι
711 2565 743 2628 ἐκ
766 2569 819 2627 τοῦ
838 2560 947 2647 άνδρός
968 2559 1060 2644 αότής
1077 2560 1195 2645 ἐλήφθη
1212 2561 1294 2645 αὕτη.
1340 2562 1401 2626 Καὶ
1423 2563 1486 2626 ἐπί-

334 2685 434 2727 σταται
449 2661 522 2748 γάρ,
546 2661 587 2737 οἷς
603 2660 691 2750 ὁρᾷς,
714 2667 765 2728 καλ
778 2663 814 2729 τά
831 2672 935 2750 πρῶτα
950 2667 1002 2729 καὶ
1017 2663 1053 2729 τά
1066 2663 1201 2750 ’παρόντα
1207 2715 1216 2744 ,
1237 2667 1287 2731 καλ
1304 2661 1487 2748 προφητεύει

332 2767 400 2846 περὶ
417 2771 475 2828 τῶν
497 2764 666 2846 μελλόντων.
708 2763 785 2829 Ἰδοδ
800 2763 873 2850 γάρ,
896 2768 1008 2852 ἐπέγνω
1028 2764 1064 2831 τά
1081 2774 1198 2850 πρῶτα,
1221 2766 1270 2832 ὅτε
1286 2760 1323 2850 ήν
1339 2769 1371 2832 έν
1387 2765 1487 2855 ὕπνῳ,

332 2869 424 2951 λέγων
440 2865 501 2944 ότι,
522 2864 645 2931 Ὀστοῦν
661 2867 693 2932 ἐκ
711 2873 770 2930 τῶν
791 2865 885 2932 ὀστῶν
901 2895 971 2951 μου·
994 2870 1045 2934 καλ
1061 2871 1171 2954 ἐπέγνω
1186 2868 1222 2934 τά
1240 2869 1374 2956 παρόντα
1381 2920 1390 2950 ,
1413 2867 1487 2951 μετά

334 2969 367 3034 τό
385 2975 554 3050 πλασθῆναι
570 2967 624 3051 τήν
644 2977 771 3053 γυναῖκα
790 2968 928 3054 ἐπιγνοός
949 2969 1042 3054 αότήν
1061 2971 1145 3037 1άπό
1164 2977 1218 3036 τοῦ
1241 2972 1375 3056 σώματος
1395 2968 1486 3064 ήρμέ-

334 3097 402 3154 νην·
426 3073 476 3135 καλ
495 3070 697 3158 προεφήτευσε
713 3073 781 3156 περὶ
796 3078 854 3136 τῶν
870 3074 1018 3154 ἐσομένων
1038 3073 1098 3154 ὅτι,
1120 3073 1249 3139 Ἕνεκεν
1270 3074 1377 3141 τούτου
1398 3101 1489 3139 κατα-

334 3179 430 3254 λείψει
445 3171 606 3258 άνθρωτιος
623 3171 676 3239 τόν
692 3175 803 3257 πατέρα
818 3170 912 3238 αὐτοῦ
929 3176 977 3238 καλ
997 3173 1051 3257 τήν
1069 3177 1177 3262 μητέρα
1199 3175 1307 3256 αὐτοῦ,
1329 3178 1380 3241 καλ
1397 3201 1488 3261 προς·

336 3274 550 3358 κολληθήσεται
565 3283 603 3365 τῇ
626 3278 741 3361 γυναικὶ
764 3275 873 3355 αότοῦ,
895 3279 945 3340 καλ
968 3279 1085 3343 ἔσονται
1102 3283 1133 3344 σί
1152 3277 1207 3344 δόο
1228 3282 1270 3355 είς
1290 3278 1386 3364 σάρκα
1408 3283 1489 3361 μίαν.

341 3386 439 3444 Ταῦτα
458 3379 490 3442 δέ
505 3376 565 3443 οόκ·
579 3372 641 3461 2ήν
660 3381 831 3445 ἐκστατικοῦ
854 3377 976 3464 άνδρός,
1000 3377 1070 3445 οάδέ
1086 3378 1394 3466 άπαρακολουθήτου,
1416 3378 1490 3446 άλλά

338 3482 506 3568 ἐρρωμένην
528 3483 645 3564 ἔχοντος
665 3480 719 3565 τήν
739 3481 884 3548 διάνοιαν.

207 3597 274 3665 Κεφ.
293 3593 323 3660 ζ.
424 3585 467 3647 Εἰ
484 3585 516 3648 δέ
536 3584 586 3648 καλ
607 3586 673 3668 περὶ
694 3590 760 3664 τοῦ,
782 3581 862 3670 Ἐγιδ
886 3581 968 3648 είπον
985 3585 1017 3649 ἐν
1039 3591 1075 3674 τῇ
1098 3583 1229 3650 ἐκστάσει
1247 3610 1322 3668 μου,
1346 3591 1414 3661 Πᾶς
1437 3584 1490 3650 ἄν·

339 3697 465 3773 θρωπος
478 3687 625 3768 ψεύστης,
646 3688 776 3766 λεκτέον,
798 3689 880 3772 ἑτέρα
895 3685 984 3752 πάλιν
1007 3684 1081 3769 αὕτη
1096 3683 1116 3769 ή
1134 3685 1272 3771 δόναμις,
1295 3686 1348 3771 οὐχ
1365 3687 1401 3753 δν
1421 3687 1493 3774 τρό·

340 3816 398 3855 πον
416 3785 497 3865 τινός
514 3786 710 3876 α’φραίνοντος
729 3787 894 3875 άνθράπου
915 3790 967 3855 καὶ
988 3791 1173 3870 ἐκστατικοῦ,
1201 3788 1241 3873 μή
1259 3792 1389 3876 γένοιτο,
1418 3788 1493 3858 άλλά

342 3889 622 3977 όπερθαυμάζοντος
633 3895 683 3956 καί
695 3895 906 3975 διανοουμένου
924 3899 936 3938 ¹
948 3888 1023 3977 ν’πὲρ
1037 3899 1097 3957 τοῖν
1108 3891 1183 3958 κατά
1195 3890 1249 3976 τήν
1264 3891 1428 3976 συνήθειαν
1443 3903 1494 3960 λο-

343 4000 453 4078 γισμῶν
468 3999 528 4059 τῶν
545 3996 715 4080 συμμέτρως
733 3993 893 4079 ὁρωμένων
909 4018 940 4058 τε
956 3995 1007 4058 καλ
1027 3998 1244 4078 πραττομένων.
1285 3993 1411 4078 Ἐπειδή
1433 3996 1493 4084 γάρ

343 4093 511 4177 ἐθαύμασεν
526 4095 696 4183 προφήτης,
719 4097 768 4163 διά
784 4094 964 4182 θαυμασμὸν
981 4099 1112 4162 ἐνταῦθα
1126 4099 1208 4184 λέγει.
1249 4097 1392 4185 Γεγόνασι
1408 4101 1441 4164 δέ
1461 4103 1494 4166 έν

344 4196 474 4264 ἐκστάσει
489 4202 519 4264 οί
531 4205 696 4286 προφῆται,
719 4199 775 4268 οάκ
789 4204 820 4267 ἐν
837 4197 967 4267 ἐκστάσει
982 4207 1135 4287 λογισμῶν.
1167 4204 1274 4288 Γέγονε
1290 4200 1412 4288 γάρκαὶ
1431 4205 1494 4268 Πέ-

379 4457 436 4507 en.
455 4459 497 4509 τι.
523 4485 553 4497 -
591 4458 612 4510 1.
638 4463 732 4512 καιτοι
755 4454 798 4514 ἀπ’
823 4454 899 4514 αὐτοῦ
965 4460 990 4512 κ.
1008 4449 1040 4546 ομ
1056 4463 1145 4512 ποτε
1161 4477 1214 4512 παι
1228 4463 1332 4513 πονο.
1368 4462 1434 4513 ιειιι
1447 4464 1495 4514 κο-

346 4523 470 4594 σοέματος.
933 4531 985 4582 θεαί
1000 4547 1048 4582 ουκ
1064 4526 1089 4582 ἐν
1107 4527 1256 4584 ἐκστατικοῦ
1273 4525 1374 4602 ἀνδρὸς.
