3186 4928
364 257 499 311 sanson
517 259 768 312 crs.rr.rosr.11.
785 256 980 311 suanm.
1189 248 1250 312 385

97 397 155 462 quc
173 377 313 463 possidet.
359 373 460 461 Quare
477 399 562 442 unam
579 398 646 444 esse
668 378 715 442 dei
733 377 874 464 verbique
890 397 1046 466 personam
1063 379 1247 459 existimant,

96 501 156 542 non
181 499 267 544 secus
290 489 377 563 atque
394 480 480 545 homo
502 502 577 546 onus
600 492 645 546 est
661 502 726 546 cnm
741 481 834 545 verbo
854 472 920 546 suo.
966 479 1073 564 Neque
1096 482 1249 567 quiequam

97 581 233 668 amplius,
258 583 299 645 nti
316 581 390 662 dixi,
414 603 498 667 quam
514 581 615 647 ludaei
631 583 661 648 io
679 583 817 669 opinione
832 603 884 648 sua
900 593 1078 668 posuerunt,
1101 585 1182 648 caeci
1200 585 1251 648 ho·
1379 574 1383 583 ’

96 684 210 764 mines,
234 703 272 748 ue
289 684 445 750 veritatem
461 685 569 751 intueri
593 686 724 771 possint,
749 696 779 750 ει
795 685 893 764 surdi,
918 707 955 750 ne
977 685 1105 749 divinum
1128 685 1250 750 verbum

95 797 184 872 atque
204 797 343 850 aeternae
360 787 438 852 vitae
457 789 704 874 praedicationem
730 789 901 874 percipiant.
946 784 1017 852 Non
1036 789 1112 852 enim
1136 787 1177 856 itti
1200 809 1252 853 ve·

95 889 246 954 rissimum
263 889 408 974 evangelii
427 891 624 956 testimonium
640 901 798 956 verentur:
828 895 862 953 In
875 895 1017 974 praccipio
1038 903 1103 952 erat
1122 892 1246 967 cordum,
1262 897 1339 942 rm
1351 897 1403 954 ιι

94 1005 125 1056 et
147 994 259 1054 verdum
280 996 357 1074 opud
376 997 472 1069 deum,
502 1005 532 1056 et
548 999 617 1057 deus
632 1007 695 1056 erat
713 995 842 1056 mucro:
872 998 966 1056 omnia
985 1016 1039 1074 per
1062 998 1152 1074 ι’ρειιιιι
1171 996 1251 1074 forta

93 1107 179 1169 suot,
203 1107 233 1158 et
244 1100 306 1158 mire
319 1100 380 1176 ipso
394 1099 501 1176 ficetum
515 1109 560 1158 est
574 1100 649 1159 ns'tit
661 1100 738 1178 quod
745 1099 859 1179 farctum
875 1109 927 1160 cst.
976 1091 1010 1160 Si
1028 1091 1106 1160 enim
1124 1101 1153 1158 r'n
1167 1101 1251 1176 prsis·

94 1202 171 1280 cr'prio
191 1201 304 1262 verdum
320 1211 393 1274 crat,
417 1212 447 1261 et
460 1200 572 1262 verdum
587 1212 650 1262 erut
663 1203 741 1280 opud
752 1203 843 1274 deum,
869 1197 924 1262 hoe
940 1199 1033 1284 ipsum
1051 1199 1128 1284 qnod
1145 1198 1252 1263 dicitur

95 1321 241 1366 essenon
259 1303 294 1365 ad
310 1301 401 1365 soiam
420 1301 631 1387 prolationem,
655 1303 708 1366 sed
723 1302 759 1365 sd
776 1301 945 1387 hypostasin
960 1322 1014 1388 par
1030 1312 1077 1366 est
1089 1301 1248 1387 pertinere.

94 1403 143 1466 Ac
169 1402 195 1466 si
215 1405 327 1466 cordum
351 1408 429 1484 opud
450 1408 546 1479 ἀειιιιι,
578 1425 636 1468 non
659 1414 756 1489 potest
779 1405 900 1469 verbum
926 1405 975 1469 itte
999 1425 1066 1469 esse
1090 1405 1153 1488 ipse
1175 1403 1251 1488 apud

93 1525 182 1590 quem
200 1516 281 1584 erat3
305 1507 492 1590 nequeenim
512 1506 587 1592 apud
603 1529 689 1590 quem
708 1518 773 1571 erat
791 1518 838 1572 cst
853 1506 988 1572 verbum.
1035 1503 1122 1589 Quod
1140 1507 1165 1570 si
1185 1526 1252 1570 var·

94 1608 164 1672 bum
182 1607 252 1673 iilud
266 1608 346 1674 velut
361 1610 390 1674 iu
408 1609 496 1672 corde
512 1610 584 1673 deus
601 1610 743 1690 continet,
767 1609 904 1694 nodoque
920 1609 1005 1672 modo
1021 1609 1164 1692 genitum,
1189 1609 1251 1693 qui·

94 1731 164 1776 nam
182 1710 251 1775 iliud
269 1711 381 1797 impiari
397 1721 494 1796 potest
511 1714 587 1796 quod
605 1711 724 1794 legitur,
748 1717 831 1788 Erat,
856 1712 997 1798 itemque,
1021 1715 1097 1774 licus
1113 1723 1251 1774 mutuor·

94 1816 184 1876 dum?
225 1811 296 1878 Non
315 1813 392 1876 enim
413 1813 534 1877 verbum
558 1812 683 1878 hominis
708 1814 794 1878 homo
819 1825 865 1878 est
888 1815 963 1898 apud
987 1812 1150 1894 hominem,
1175 1813 1252 1898 quod

95 1936 194 2001 neque
209 1916 286 1981 vivit
304 1936 399 2000 neque
415 1915 561 1994 subsistit,
585 1916 637 1979 sed
656 1915 784 1981 viventis
800 1937 834 1981 ac
850 1915 1039 1981 subsistentis
1054 1916 1169 2002 quidam
1186 1937 1252 1980 eor·

95 2020 140 2083 dis
157 2028 254 2082 motus
272 2029 328 2100 est,
354 2040 411 2083 oon
430 2017 607 2104 hypostasis.
653 2015 748 2082 Simul
764 2020 840 2083 enim
860 2020 1020 2104 protertur,
1044 2017 1169 2083 subinde
1184 2039 1253 2082 uus·

94 2141 184 2206 quarn
204 2133 266 2201 εει,
289 2143 324 2186 ac
346 2121 454 2185 tamdiu
474 2121 540 2184 dum
563 2120 768 2205 pronuntiatur
790 2131 953 2206 permanet.
998 2120 1041 2184 Αι
1060 2121 1106 2185 dei
1129 2121 1251 2185 verbum

94 2223 219 2309 perinde
241 2243 274 2288 se
297 2222 384 2288 hebet
408 2244 442 2287 ac
463 2243 516 2308 per
540 2245 574 2287 os
601 2221 759 2310 prophetae
784 2223 904 2310 spiritus
927 2234 1048 2288 sanetus
1070 2223 1249 2308 pronuntiat.

95 2329 218 2388 Verbum
236 2338 312 2389 tuum
328 2331 358 2390 r'u
376 2337 519 2388 octemunr
534 2339 690 2408 permonet.
737 2324 814 2390 Huic
831 2347 919 2412 porro
939 2335 1139 2390 consentanea
1161 2347 1252 2410 quae·
1264 2341 1303 2388 ιἰ.
1314 2341 1360 2400 ns,
1371 2343 1404 2389 ss.

9 2477 10 2489 ,
94 2429 162 2494 dam
179 2428 325 2514 evangeiii
344 2428 471 2514 scriptor
485 2429 624 2509 affirmat,
649 2451 714 2492 com
735 2429 819 2495 deum
836 2428 1001 2493 hominibus
1017 2427 1189 2515 apparuisse
1207 2437 1252 2492 at·

94 2553 155 2617 que
172 2531 330 2598 advenisse
348 2531 455 2618 prodit.
500 2529 608 2616 Neque
628 2553 692 2596 cum
711 2543 877 2618 susceptam
895 2553 912 2596 a
927 2531 1019 2596 verbo
1037 2551 1154 2595 carnem
1169 2550 1252 2594 asse·

92 2636 152 2714 rit,
177 2644 289 2719 petrem
304 2633 446 2719 adiungit.
494 2637 612 2696 Verbum
627 2639 714 2710 meir,
738 2634 848 2720 inquit,
871 2656 939 2696 coro
947 2638 1061 2718 Jirctum
1078 2646 1131 2708 cst,
1155 2645 1184 2696 ct
1198 2637 1404 2708 dormale

94 2739 200 2800 ditarit
214 2742 244 2799 ιἰι
259 2739 349 2799 codri.
395 2735 466 2800 Non
483 2738 573 2817 dixit,
599 2739 718 2801 Verbum
738 2749 769 2799 et
784 2751 869 2819 poter
890 2759 957 2800 caro
971 2739 1085 2819 socom
1102 2748 1155 2802 cst.
1203 2731 1251 2802 Si·

94 2838 208 2904 militer
223 2840 289 2904 dom
309 2840 354 2903 iris
372 2839 472 2904 verbis
491 2839 598 2904 utitur:
630 2844 664 2902 Io
681 2845 822 2921 proucipr'o
846 2852 912 2902 eret
929 2842 1058 2916 verdum,
1088 2854 1118 2903 et
1138 2839 1251 2902 umbem

93 2954 161 3006 crat
185 2945 262 3023 opud
288 2946 385 3017 deum,
417 2954 448 3003 et
473 2946 542 3004 deus
566 2954 630 3004 crat
657 2943 786 3018 cordum,
820 2964 877 3008 non
910 2941 1005 3022 dixit,
1041 2941 1074 3008 Ιιι
1102 2943 1158 3008 deo
1187 2952 1253 3007 crat

93 3044 233 3110 verbnm.

11 3211 12 3214 ,
182 3145 229 3211 Αε
248 3165 286 3210 oa
304 3145 439 3210 fortassis
457 3145 545 3230 aliqui
571 3167 722 3232 perperam
746 3167 780 3211 ao
801 3147 945 3212 malitiose
964 3148 1036 3212 haec
1054 3149 1250 3234 interpreten·
1266 3157 1326 3227 cap.
1343 3159 1386 3210 IV.

12 3295 13 3298 ε
94 3259 163 3328 tor,
188 3259 220 3312 et
238 3248 397 3314 clarissima
417 3248 567 3333 vitamque
589 3247 777 3313 conciliantis
798 3249 889 3314 rerba
913 3251 947 3314 ad
970 3271 1054 3314 suam
1076 3252 1250 3336 pravitatem

95 3351 290 3435 fraudemque
307 3361 480 3414 convertant
503 3351 704 3436 (nequeenim
725 3373 783 3416 ooo
807 3353 967 3438 eodemque
985 3353 1071 3417 modo
1089 3371 1142 3416 eor
1159 3352 1251 3416 homi·

94 3456 143 3518 nis
161 3453 198 3517 ab
217 3453 369 3518 iuventute
385 3453 510 3539 quodam
533 3463 580 3518 est
600 3455 630 3516 in
652 3455 726 3518 mais
745 3454 842 3519 studio
862 3457 1070 3540 propensum),
1099 3467 1187 3539 atque
1210 3456 1251 3519 its

94 3557 197 3621 dicere
214 3555 436 3642 aggredianturc
465 3553 536 3620 Non
555 3555 596 3620 ita
613 3555 731 3641 scripsit
748 3554 893 3636 loannes,
923 3561 956 3620 In
973 3563 1024 3620 deo
1038 3571 1102 3622 orat
1123 3559 1246 3631 verdum,

95 3671 129 3722 nt
143 3669 176 3722 ει
194 3659 257 3742 ipse
275 3677 397 3736 narras,
421 3659 472 3720 sed
495 3662 585 3739 Apud
597 3661 677 3722 deum
694 3671 760 3720 eret
772 3661 902 3736 verdum
933 3681 989 3744 qua
1010 3680 1043 3724 re
1066 3683 1125 3724 non
1147 3671 1194 3724 est
1210 3681 1251 3723 ex

94 3761 192 3846 patris
213 3760 377 3826 substantia
395 3757 534 3838 verbum,
559 3761 610 3824 sed
632 3772 719 3825 extra
743 3762 847 3826 deuote
879 3761 1019 3847 utigitur
1041 3762 1078 3826 iis
1100 3772 1249 3840 occurrat,

93 3863 176 3928 iiiios
188 3883 304 3927 rursum
322 3882 392 3928 suos
408 3860 560 3946 corrigens
576 3863 685 3927 veritas
700 3863 736 3928 ad
751 3865 898 3929 saniorem
913 3875 1038 3929 mentem
1052 3865 1177 3942 reducit,
1201 3885 1252 3928 co·

94 3964 316 4052 gitatiouesque
335 3965 416 4032 vetut
433 3975 535 4030 contra
558 3985 592 4029 εε
614 3966 784 4030 meretricio
804 3987 886 4032 more
906 3977 1070 4032 scortantes
1088 3966 1249 4050 redarguit,

93 4069 139 4134 ita
161 4067 287 4153 denique
306 4068 474 4154 unigenitus
497 4068 560 4152 ipse
581 4079 721 4132 testatur:
754 4073 818 4150 Ego
837 4091 856 4132 o
874 4083 958 4150 patre
980 4074 1072 4144 emor',
1103 4082 1133 4131 et
1151 4075 1402 4148 consessas-‚ress

95 4167 193 4234 ltemc
217 4174 283 4251 Ego
298 4177 328 4234 ιιι
338 4183 439 4253 patre,
463 4183 493 4233 et
507 4183 594 4252 poter
608 4193 638 4234 ιιι
656 4193 699 4233 ore
718 4183 770 4233 est.
816 4171 859 4236 Αι
874 4181 958 4257 pater
975 4173 1010 4236 de
1027 4171 1087 4236 otio
1108 4192 1162 4260 per
1182 4193 1250 4258 pro·
1257 4191 1403 4252 omrem

94 4273 203 4360 phetas
222 4272 364 4358 loquens,
389 4295 447 4338 non
464 4273 547 4359 quasi
567 4294 709 4360 corporea
733 4273 810 4338 mole
832 4285 964 4353 constet,
988 4275 1041 4339 sed
1064 4275 1252 4365 intelligibili-

133 4427 194 4480 ει».
213 4427 256 4478 rv.
279 4453 313 4466 -
356 4431 378 4480 r.
405 4416 663 4495 aperueramus
728 4425 799 4483 sot
816 4430 1116 4484 camusnanesre.

94 4503 203 4560 «saque.

157 4579 247 4635 corpus
260 4577 394 4623 ttnmsssl.
408 4578 435 4622 u.
449 4582 469 4624 t.
1007 4589 1048 4652 25
