3154 4930
352 218 489 273 ainana
506 219 569 272 nra.
584 221 615 271 ιι.
631 220 713 274 rear.
727 222 760 272 n.
778 219 877 274 narn.
891 219 985 274 nxrr.
1185 209 1247 276 tut

95 343 235 427 nungenti
250 341 291 406 illi
310 361 344 407 ae
360 340 479 424 triginta
497 341 583 420 anni,
608 341 655 404 vel
677 340 797 404 omniuo
812 351 1063 425 temporat-orata
1078 351 1165 421 suut,
1190 341 1248 406 nisi

93 447 261 529 impleretur
275 444 515 526 minuereturque
531 444 617 523 luna,
640 465 675 508 ac
690 443 879 508 coustitutum
902 441 958 506 sibi
978 443 1161 508 curriculum
1176 465 1248 508 cca·

94 549 210 626 liceret,
233 548 274 610 ita
289 557 322 610 ut
337 567 396 609 nnn
409 566 450 611 ex
466 545 629 610 animarum
645 545 827 610 multitudiue
844 544 1040 622 redundaret,
1064 545 1115 608 sed
1133 547 1249 614 divinae
1323 537 1326 546 ⁴

93 649 253 735 sapientiae
279 649 416 712 mandata
440 669 476 711 ao
499 647 681 733 praescripto
705 648 880 732 regeretur?
923 643 983 710 Sed
1007 647 1088 710 addit
1109 647 1250 714 universa

93 753 136 817 illa
151 751 288 816 animalia
308 751 409 815 eadem
433 750 483 814 illa
501 750 598 814 anima
615 749 740 835 repleri,
765 759 798 814 ut
815 749 949 813 cimicum
970 749 1113 827 bominis,
1138 759 1168 814 et
1185 771 1248 814 mu·

93 855 146 932 ris,
178 875 214 916 ac
236 852 409 928 vermiculi,
439 862 664 936 ceterorumque
686 850 893 916 vilissimorum
917 871 1072 936 carporum
1095 871 1182 936 pares
1204 862 1248 915 at·

91 978 143 1040 qne
163 955 302 1040 aequales
324 956 437 1020 animas
453 955 622 1019 constituat.
667 950 728 1018 Sed
747 953 851 1018 iisdem
867 954 985 1038 ineptiis
1010 953 1155 1018 infuscata
1177 965 1247 1018 suut

92 1071 200 1123 cetura.
245 1057 336 1123 Velut
358 1045 544 1143 Principibus
571 1055 657 1120 obiici
681 1054 834 1140 Virginem
858 1055 934 1118 virili
958 1055 1050 1135 alias,
1087 1057 1160 1120 alias
1184 1077 1247 1120 mu·

92 1161 174 1224 liebri
193 1161 300 1226 farma.
347 1156 382 1223 ln
401 1181 458 1244 quo
476 1169 612 1244 inaquam
632 1157 878 1242 Hermaphrodita
894 1159 1036 1222 daemone
1052 1159 1247 1243 confingendo

92 1263 275 1348 cupiditatem
304 1263 367 1348 ipse
392 1283 474 1326 snam
499 1282 534 1325 ac
560 1260 709 1326 libidinem
736 1259 883 1344 proponit.
927 1257 1029 1344 Pergit
1048 1261 1172 1340 deinde,
1204 1270 1246 1340 et,

91 1363 233 1450 Quoties,
257 1365 315 1443 ait,
340 1365 424 1428 buius
444 1363 583 1428 illecebra
600 1362 722 1446 virginis
738 1358 882 1449 Princeps
902 1383 1025 1446 magnus
1042 1363 1167 1447 capitur,
1193 1383 1246 1426 nu·

89 1467 139 1532 bes
155 1487 224 1531 suas
242 1467 421 1549 praetendit,
445 1476 476 1528 et
491 1477 603 1551 pestem
625 1464 769 1542 immittit,
801 1486 835 1527 ac
859 1465 973 1528 radices
998 1465 1150 1528 succidere
1173 1464 1246 1528 inci·

18 1615 20 1644 ,
90 1571 144 1655 pit,
170 1589 210 1634 ex
226 1590 283 1653 quo
303 1589 383 1632 mors
405 1568 607 1652 subsequitur.
651 1563 719 1631 Nec
744 1566 815 1630 illud
832 1566 919 1630 boma
944 1565 1078 1652 stupidas
1096 1565 1244 1650 intelligit,

18 1717 19 1724 ι
89 1693 171 1756 quam
187 1671 378 1756 vituperando
394 1681 516 1734 mortem
535 1669 684 1748 nominat,
708 1668 798 1732 vitam
818 1669 913 1753 potius
932 1668 1070 1754 appellari
1094 1669 1245 1748 debuisse,

90 1774 247 1858 quadrina
270 1773 413 1837 benedicio
438 1794 454 1835 a
479 1772 653 1858 corporibus
676 1769 791 1836 animae
808 1771 980 1835 liberentur.
1027 1768 1114 1854 Quod
1139 1771 1164 1836 si
1182 1771 1245 1835 ani·

17 1927 18 1942 ι
92 1897 165 1940 mam
184 1895 308 1961 corpore
328 1875 408 1939 velut
427 1876 559 1939 custodia
576 1871 731 1958 Principes
749 1873 856 1938 includi
872 1883 1025 1958 putarent,
1050 1894 1197 1958 uunquam
1215 1874 1246 1940 it

17 2029 19 2056 ι
90 1999 220 2042 summus
236 1978 285 2042 ille
298 1977 506 2055 committeret,
530 1987 562 2040 ut
578 1996 663 2060 qnam
683 1995 735 2060 per
750 1977 808 2040 rim
829 1975 919 2041 abeo
936 1975 1009 2040 dicis
1027 1977 1164 2062 occupari
1183 1975 1246 2040 aai-
1337 1959 1343 1972 ’

16 2131 18 2164 ,
87 2100 176 2158 mam,
201 2100 218 2143 e
241 2099 362 2144 carcere
385 2080 556 2144 dimitteret.
603 2075 723 2162 Quanta
744 2088 791 2142 cst
813 2077 843 2142 in
866 2077 903 2142 iis
926 2077 1091 2164 praestigiis
1114 2099 1149 2142 ac
1171 2077 1244 2143 ludi·

86 2202 133 2244 era
157 2181 310 2268 disciplina
333 2180 466 2246 vanitasl

16 2343 17 2370 ,
151 2281 261 2350 Celere
279 2305 337 2348 riou
358 2283 472 2346 minore
488 2284 549 2346 risu
568 2283 656 2366 digna
678 2293 758 2348 suat.
791 2280 851 2347 Sed
873 2282 902 2345 in
919 2283 1019 2368 primis
1032 2305 1106 2367 quas
1118 2281 1239 2350 Electus
1256 2292 1315 2363 cap.
1329 2294 1397 2346 nur.

85 2386 122 2451 illi
140 2397 320 2472 nuncupant.
345 2386 392 2450 Ac
407 2395 476 2450 sunt
492 2384 540 2449 isti
554 2384 669 2468 quidem
684 2386 719 2448 ad
731 2384 946 2450 damnationem
959 2407 976 2448 a
992 2385 1107 2450 diabolo
1123 2387 1242 2476 delecti,

15 2575 16 2578 Ἴ
84 2500 115 2552 ιι
132 2490 208 2574 qnod
226 2489 366 2574 scriptum
391 2499 437 2552 est
460 2488 558 2572 reipsa
583 2487 765 2572 perficiatur,
797 2492 839 2552 Et
855 2490 934 2550 cibus
952 2493 1013 2550 ecies
1031 2491 1147 2552 clectus.
1190 2486 1387 2570 llliaanaaau

15 2647 17 2680 1
85 2592 161 2655 enim
183 2592 265 2655 velut
282 2592 339 2656 luci
354 2589 471 2674 quidam
487 2589 655 2654 desidentes
675 2589 745 2655 nibil
762 2590 860 2673 operis
877 2600 1032 2671 exercent,
1056 2591 1107 2654 sed
1124 2592 1242 2656 curiose

15 2755 16 2758 ,
84 2692 287 2778 perquirentes
313 2689 383 2755 nibil
401 2691 517 2778 penitus
536 2690 713 2776 intelligunt.
760 2688 874 2774 Quibus
895 2702 926 2758 et
945 2693 1094 2778 spostolus
1118 2693 1155 2756 iis
1173 2712 1241 2758 rcer-

15 2855 17 2884 ,
84 2793 127 2858 bis
144 2796 297 2859 denuntiat
318 2794 470 2877 (nimirum
490 2793 660 2879 prophetico
685 2794 752 2860 illos
775 2795 872 2860 afflatu
896 2802 1092 2878 cognoverat)
1117 2817 1175 2860 non
1200 2815 1241 2862 ex

84 2897 145 2974 dei,
177 2897 229 2960 sed
253 2895 359 2962 diaboli
376 2895 547 2980 magisterio
570 2895 779 2982 disciplinaque
802 2897 957 2982 progredi,
989 2898 1116 2962 furiosos
1139 2899 1239 2983 utique

83 2997 231 3078 homiues,
255 3010 285 3062 et
303 2999 436 3076 otiosos,
459 3010 546 3082 atque
564 2999 594 3062 iu
612 3009 749 3084 suscepta
770 2999 955 3084 improbitate
975 3001 1152 3085 pertinaces.
1191 3000 1240 3068 Dc

82 3100 116 3164 iis
133 3101 223 3184 igitur
239 3099 379 3184 laqueus,
405 3103 462 3178 Qui
474 3122 530 3163 aaa
543 3104 665 3176 laborat,
690 3101 802 3186 inquit,
825 3125 880 3164 aaa
894 3107 1058 3178 manducet,
1083 3125 1141 3187 qua
1159 3104 1238 3168 iuer·
1256 3110 1366 3154 mm·

81 3202 150 3264 tium
174 3202 297 3266 istarum
320 3202 508 3267 adumbrarct
528 3204 703 3268 institutum.
759 3201 898 3268 Ceterum
928 3205 1154 3272 catechumenos
1183 3209 1241 3293 ipsi
1282 3163 1350 3219 m

81 3324 151 3368 suas
170 3305 325 3368 burtantnr
339 3303 449 3368 victum
466 3315 498 3368 ut
514 3305 569 3370 sibi
586 3306 668 3389 large
686 3305 883 3392 suppeditent.
922 3305 945 3370 li
964 3329 1036 3374 vero
1053 3309 1240 3392 quibuscum·

80 3426 134 3490 que
154 3427 228 3491 opus
247 3405 356 3470 babeat
372 3406 474 3470 electis
489 3408 550 3472 suis
569 3407 714 3487 offeruntq
745 3431 802 3493 quo
819 3409 933 3474 scilicet
954 3411 982 3474 in
1002 3411 1114 3476 alendis
1137 3413 1239 3479 electis

79 3509 135 3572 illis
151 3507 305 3572 animabus
328 3507 459 3592 religiosi
482 3529 550 3572 esse
574 3509 739 3574 rideantur.
785 3514 828 3576 At
845 3511 913 3592 isti,
937 3514 1012 3595 quod
1033 3513 1081 3577 rel
1097 3514 1175 3578 dictu
1199 3515 1239 3578 ri·

79 3609 204 3674 diculurn
221 3620 287 3688 est,
318 3609 355 3674 iis
370 3609 500 3696 acceptis
520 3609 705 3691 muneribus,
730 3613 978 3693 orationalem,
1003 3635 1088 3699 quam
1108 3637 1160 3701 pro
1181 3614 1238 3680 lar·

78 3712 222 3796 gitoribus
243 3711 398 3797 concipere
423 3713 602 3790 debuerant,
636 3715 843 3800 propemodum
865 3717 1105 3802 imprecationem
1131 3738 1237 3802 repen·

78 3815 167 3892 duat,
192 3825 222 3878 et
234 3813 349 3880 illorum
365 3815 394 3877 iu
410 3815 465 3878 boe
484 3815 626 3880 benedicio
651 3815 864 3901 improbitatem
889 3820 985 3904 patius
1005 3841 1090 3904 qaam
1109 3819 1237 3905 probita-

79 3926 137 3980 tem
156 3927 303 3980 versatam
320 3937 388 3980 csse
408 3916 613 4004 testificantur.
648 3915 700 3983 Sic
716 3921 793 3984 enim
813 3923 988 4007 loquuntur:
1012 3921 1079 4006 Ego
1099 3934 1127 3986 te
1142 3943 1237 4007 nequo

78 4019 242 4098 sentinari,
266 4039 360 4103 aeque
376 4019 503 4099 messui,
528 4041 585 4083 non
602 4023 735 4087 molendo
753 4024 928 4102 comminui,
960 4045 1018 4089 non
1036 4026 1065 4088 in
1090 4025 1236 4090 clibanum

79 4119 206 4185 immisi:
231 4120 305 4184 clius
323 4120 445 4200 obtulit,
468 4133 499 4185 ct
515 4123 647 4188 comedi:
678 4123 814 4188 immunis
831 4126 867 4190 ab
890 4127 1068 4213 culparum.
1115 4124 1160 4191 lta
1183 4148 1236 4192 cos

109 4325 135 4375 3.
158 4327 232 4376 Verbo
246 4317 373 4395 d'bppcaa
386 4329 551 4380 derideremur
564 4331 590 4380 lm
604 4331 641 4379 erl.
710 4328 768 4379 Gar.
782 4331 847 4382 Llll.
866 4359 895 4370 -
934 4333 955 4381 i.
973 4329 1168 4400 ἐμβροντημέιοι
1184 4336 1235 4386 eod.

78 4395 173 4445 Prtnall
191 4395 300 4444 wmsaa
316 4401 387 4458 repet,
675 4400 720 4448 lea.
734 4403 758 4448 et
771 4401 807 4448 ed.
823 4402 898 4462 prior.
915 4397 1090 4468 ἑβροιτημίιοι
1102 4405 1153 4454 carl.
1160 4405 1234 4454 utne

110 4460 135 4514 d.
154 4458 235 4532 λέγω
250 4463 303 4514 carl
316 4464 413 4527 ltdmtp.
707 4467 731 4520 ἰ
749 4463 857 4535 φάσκων
871 4465 939 4536 λέγει
955 4469 1007 4521 aad.
1019 4471 1116 4535 muta.
