3154 4930
353 266 490 319 ransart
507 265 976 322 matt.uou.tt.naaa.nxv1.
1176 261 1240 323 tut

86 385 337 469 evangelistarum
354 387 446 465 alter,
470 393 626 463 Latrones,
652 387 762 472 inquit,
786 392 838 470 qas'
853 390 989 470 oruoqstoi
1007 401 1092 457 aaut
1107 414 1171 456 auos
1194 415 1237 466 so,
1253 404 1301 449 uuo
1317 403 1391 462 ausu.

86 489 320 568 blasphemabunt
332 495 435 571 ipsura,
460 491 657 556 alterandum
673 502 828 574 utrumqne
844 489 1063 576 blasphemasse
1082 493 1163 573 dicit,
1187 496 1239 558 sed

88 591 224 653 etunius
246 590 447 655 defensionem
470 603 691 657 commemorat.
735 595 904 674 Increpotm
924 599 1012 668 mm,
1037 593 1146 680 inquit,
1171 600 1241 659 alte-

88 713 164 768 ratas,
188 715 223 755 aa
240 695 365 770 drbsdat,
390 699 488 777 Neque
503 709 534 758 ta
552 701 631 758 ames
645 701 737 770 ἅειιιιι,
761 700 892 777 quantam
910 700 940 758 lu
955 700 1050 758 omem
1064 700 1241 762 damnatione
1262 713 1264 719 '
1376 731 1381 743 ·

88 817 201 870 sumas,
227 800 273 858 tlr‘s
288 809 380 859 autem
396 809 513 860 suaeuis
529 801 604 861 nabr't
616 803 698 880 ega'tt
718 798 823 862 deinde
839 799 880 861 ila
899 797 1045 864 dominum
1065 801 1239 886 compellats

90 902 231 961 Memento
248 905 312 977 mei,
337 905 412 975 lesa,
437 923 499 962 uam
509 907 625 964 ¹arraserit
639 906 669 962 rit
684 921 803 982 reguum
820 913 908 963 turen.
956 905 1071 964 Cus‘r'lle
1084 907 1240 986 respondit,

87 1007 181 1063 Amen
197 1005 261 1064 ds'oo
276 1005 341 1078 ts'lt,
366 1007 448 1064 hodts
462 1025 567 1066 menum
583 1009 641 1066 srs's
657 1009 686 1066 ιιι
702 1007 846 1085 paradiso.
895 1001 981 1086 Quae
999 1004 1113 1070 tumetsi
1131 1005 1243 1073 disere·

88 1124 161 1188 pare
178 1105 309 1169 aonnibil
328 1105 357 1168 in
381 1106 525 1192 scriptura
540 1107 711 1183 videantur,
735 1104 921 1173 nibilominus
941 1107 1024 1191 plana
1042 1116 1112 1172 aaut
1132 1108 1240 1174 omnia.

87 1203 168 1270 Nam
186 1208 262 1291 quod
280 1207 321 1270 ad
344 1209 514 1294 arreptitios
534 1209 656 1287 attinet,
686 1209 755 1272 linet
774 1210 848 1292 apud
865 1205 1046 1273 Mendaeum
1068 1209 1127 1274 duo
1150 1211 1242 1274 luisse

88 1319 264 1388 narrentur,
289 1309 374 1372 iidem
398 1309 588 1378 nibilominus
606 1322 676 1376 sunt
699 1311 735 1374 de
760 1310 865 1394 quibus
881 1307 982 1374 Lusus
1004 1313 1182 1380 mentionem
1201 1314 1242 1376 la·

87 1411 147 1490 uita
178 1412 229 1474 sed
254 1410 327 1474 baeu
349 1411 487 1478 videlicet
511 1424 556 1477 est
578 1413 741 1496 scripturae
762 1413 960 1491 consuetudo,
991 1423 1145 1480 uteorum
1167 1432 1242 1499 qaae

86 1519 233 1598 gerantur
249 1514 380 1578 rationes
397 1526 428 1578 et
447 1516 618 1580 ossasiones
638 1515 757 1593 ionum,
781 1513 819 1578 ob
839 1514 867 1576 id
887 1535 946 1578 non
965 1515 1055 1594 duos,
1079 1518 1131 1582 sed
1153 1537 1242 1582 antam

1 1667 2 1670 ,
86 1613 190 1682 Laesa
209 1617 379 1681 nominatim
395 1618 544 1703 exprimit.
590 1615 689 1682 Fuere
705 1618 819 1702 quidem
837 1617 877 1682 illi
893 1619 951 1682 dua
969 1640 986 1681 a
1001 1621 1175 1684 daemonum
1190 1633 1242 1684 re·

86 1718 212 1784 xatione
228 1718 335 1798 solutis
357 1721 409 1784 sed
434 1741 509 1784 unus
525 1721 668 1784 duntaxat
684 1720 714 1784 iu
736 1720 792 1784 sto
812 1719 955 1804 perstitit,
978 1721 1053 1794 alter
1070 1721 1106 1786 ab
1131 1741 1165 1786 aa
1188 1740 1242 1786 ex-

87 1822 172 1886 cidit.
217 1819 319 1904 Quare
342 1822 418 1906 quod
440 1822 490 1885 ille
513 1833 684 1888 constanter
706 1823 738 1886 in
760 1823 815 1886 dde
835 1833 985 1901 maneret,
1013 1825 1181 1906 sequebatur
1197 1829 1242 1888 ls-

86 1947 168 1998 sans,
193 1932 225 1986 ιιι
247 1923 277 1986 in
295 1923 451 2007 evangelio
469 1926 608 2010 scriplum
627 1937 690 2004 est,
714 1947 886 2008 quocumque
901 1938 1050 2008 pergeret.
1096 1925 1174 1993 flius
1196 1937 1243 1992 eal

87 2026 167 2111 quod
183 2025 278 2090 altero
295 2027 504 2111 praetermisso
522 2028 607 2092 unius
628 2029 770 2096 duntaxat
785 2027 884 2096 Lusus
903 2027 1051 2106 meminit,
1075 2030 1123 2114 qui
1143 2030 1242 2096 sooto-
1352 2080 1359 2096 .

86 2151 155 2192 ram
171 2129 201 2192 in
216 2149 308 2211 regno
324 2129 544 2214 perseveravit,
568 2150 663 2214 nequa
680 2131 833 2215 quidquam
852 2130 942 2195 babet
955 2131 991 2194 ad
1007 2129 1241 2216 inuestigandum

86 2232 245 2296 veritatem
268 2231 410 2296 absonum
432 2254 467 2296 ae
489 2233 650 2296 diversum.

175 2331 243 2397 Neo
260 2335 408 2400 dissimilia
424 2335 491 2398 buia
509 2336 545 2398 de
560 2356 619 2419 quo
633 2334 746 2418 agimus
764 2333 928 2418 argumenti
943 2345 991 2398 esl
1007 2336 1083 2418 qaod
1100 2335 1130 2400 in
1152 2354 1243 2402 evau-
1258 2344 1393 2414 capxut.

1 2479 3 2508 ,
85 2437 169 2520 gello
186 2448 334 2516 narratur,
357 2447 457 2522 utpote
475 2435 512 2500 ab
528 2438 630 2500 eodem
646 2446 765 2500 anulare
784 2437 928 2520 prodesto.
968 2434 1085 2504 Deoem
1108 2438 1242 2522 leprosas

86 2538 226 2602 dominus
245 2553 439 2624 purgaverat,
463 2559 480 2604 e
499 2538 602 2623 quibus
623 2561 718 2600 nouem
736 2540 870 2603 abeuntes
889 2561 950 2606 nou.
964 2542 1102 2628 dederm
1119 2543 1242 2620 gloriam

84 2645 157 2715 deo,
184 2663 259 2705 unua
273 2643 416 2706 duntaxat
430 2641 548 2706 moion
566 2641 736 2726 permansit,
760 2641 809 2725 qui
828 2662 845 2703 a
862 2639 979 2704 manino
993 2651 1148 2726 propterea
1161 2661 1241 2708 aaut·

86 2744 245 2808 mendatar
263 2743 308 2806 bia
326 2743 439 2810 verbisa
464 2749 565 2808 domm
580 2747 688 2824 leprosi
702 2748 930 2809 mundata'suut?
973 2746 1032 2805 Cur
1050 2765 1130 2806 ueros
1149 2768 1187 2807 sa·
1203 2750 1241 2809 ai's
1253 2757 1308 2806 tos.
1317 2760 1350 2818 ιι,
1362 2759 1395 2807 ts.

84 2869 220 2909 reoersus
238 2858 297 2919 est,
322 2851 471 2928 quidaret
486 2850 610 2928 gloriam
630 2849 698 2920 deo,
721 2851 782 2908 aut
794 2849 872 2910 solus
895 2849 941 2908 die
959 2849 1145 2927 alienigena?
1189 2844 1242 2915 Vi-

84 2947 157 3012 den'
174 2959 206 3012 ut
222 2947 260 3012 ub
279 2947 344 3011 eius
362 2959 475 3032 gratum
494 2949 621 3016 animum
641 2969 675 3012 ao
698 2947 832 3012 beneduii
849 2947 1027 3016 sentientem
1046 2969 1105 3014 uon
1127 2950 1240 3030 ossen,

84 3053 144 3115 sed
160 3051 248 3116 unius
267 3049 452 3116 memineritl
494 3047 561 3134 Qua
581 3051 695 3116 ratione
713 3061 743 3114 et
764 3050 834 3114 illud
856 3050 1076 3134 intelligendam
1099 3054 1243 3136 estquod

84 3155 125 3218 de
150 3151 315 3218 latronibus
341 3152 523 3236 euangelista
548 3164 768 3230 commemorat.
815 3151 953 3218 Solemus
980 3154 1057 3235 enim
1083 3154 1243 3238 singularia

84 3277 297 3339 samnunqusm
321 3276 444 3320 numero
463 3255 654 3321 multitudinis
673 3256 798 3335 ederae,
823 3265 853 3318 et
875 3261 976 3320 unntra
999 3257 1122 3340 pluralia
1140 3258 1244 3342 siugu-

84 3358 161 3438 lari,
186 3358 267 3422 uelut
283 3379 349 3422 sum
372 3357 512 3438 dicimus,
534 3354 732 3423 Narravimus
751 3357 853 3437 robis,
879 3369 928 3438 et,
951 3356 1085 3424 Vidimus
1103 3379 1176 3438 vos,
1201 3369 1242 3438 at,

85 3457 235 3526 Venimus
256 3460 293 3526 ad
310 3482 382 3539 vos,
406 3480 471 3524 uum
490 3458 606 3524 iuterim
630 3479 688 3524 non
709 3459 806 3545 plures
828 3460 904 3540 siut,
928 3461 979 3524 sed
1003 3483 1079 3525 unns
1100 3463 1245 3527 duntaxat

85 3563 138 3648 qui
152 3563 293 3648 lnquitnr3
318 3583 420 3628 rerum
436 3583 511 3628 unas
527 3562 672 3626 uemmuui
686 3561 822 3644 loquendi
839 3563 1051 3628 eonsuetudiue
1066 3583 1107 3627 ex
1119 3563 1243 3647 plurium

84 3685 219 3751 persana
234 3685 400 3730 sermonem
418 3663 555 3732 instituit.
601 3661 653 3728 sio
674 3662 710 3726 ab
732 3685 790 3728 unu
812 3663 995 3748 evangelista
1017 3664 1136 3748 pluralis
1159 3684 1244 3728 usur·

86 3779 174 3853 patus
190 3777 237 3832 est
258 3787 414 3847 numeras,
437 3767 513 3832 alter
530 3787 602 3833 uero
617 3787 706 3832 uuum
723 3786 740 3830 e
758 3765 919 3830 latronibus
935 3764 966 3832 iu
985 3763 1135 3832 Christum
1154 3765 1244 3830 male-

86 3869 186 3932 dinam
205 3867 295 3934 luisse
313 3870 416 3949 donet,
440 3869 563 3934 alterum
584 3887 657 3934 vern
675 3869 841 3935 uonlessum
860 3890 894 3934 au
914 3869 1039 3934 salutem
1059 3869 1151 3934 luisse
1173 3889 1244 3934 enn-

85 3981 236 4036 montom.
280 3967 518 4049 Animaduertis‚
541 3971 663 4056 spissos,
687 3992 773 4056 quam
793 3982 897 4056 aperta
914 3973 954 4038 sit
968 3971 999 4036 in
1016 3972 1150 4036 omnibns
1165 3972 1243 4036 veri-

87 4083 151 4150 tas,
174 4091 269 4158 neque
284 4074 437 4158 quidquam
455 4073 495 4138 sit
510 4073 542 4138 iu
558 4072 703 4157 seriptnra
719 4072 897 4140 sonbarium
913 4095 949 4138 ao
965 4093 1144 4159 repugnans.
1181 4071 1243 4139 Ve-

85 4195 155 4240 rum
179 4174 331 4245 enimvero
355 4175 423 4240 dum
443 4174 517 4240 baeu
539 4197 556 4238 e
576 4175 730 4260 seripturis
752 4176 921 4261 deprompta
944 4175 1033 4240 latius
1054 4175 1241 4262 exponimus,

87 4276 208 4362 longius
225 4286 271 4341 est
288 4297 305 4340 a
325 4275 410 4342 uobis
433 4297 530 4340 sermo
550 4277 691 4364 prolatus.
739 4275 921 4364 Quamquam
947 4277 1033 4342 uelim
1057 4278 1190 4365 equidem
1211 4279 1243 4344 in

124 4493 151 4552 b.
169 4499 277 4552 Fartmst
293 4493 478 4567 εὐαγγελιστοῦ.
664 4501 688 4554 ιι.
705 4503 813 4552 Fortasse
825 4499 905 4554 suisa
920 4495 987 4555 κατὰ
1003 4497 1049 4570 mla
1065 4497 1165 4568 γραφήν
1181 4497 1242 4564 duat.

969 4587 1010 4654 30
1023 4585 1040 4626 *
