3176 4930
386 223 522 276 rinion
541 223 604 276 utu.
621 225 653 276 n.
671 221 1009 276 donumdonumr.
1212 211 1273 276 ³25

116 340 198 406 vitoe
218 343 360 428 disputet,
383 355 416 408 et
430 365 489 408 uon
509 344 545 407 de
564 365 652 410 uerus
672 342 748 429 ipso.
794 339 879 408 Solet
901 344 978 407 euim
1001 343 1146 410 homiuem
1169 344 1210 408 ite
1231 345 1275 411 vi-

115 456 238 509 ventem
254 447 412 510 carnaliter
428 446 577 511 viventem
594 445 708 524 disere,
732 445 974 530 quemadmodum
997 447 1164 532 psychicum
1187 447 1273 511 etiem

117 547 265 612 homiuem
285 569 351 612 eum
366 550 412 613 oui
429 569 497 634 spes
513 548 608 612 omnis
624 558 725 634 erepto
741 558 788 612 est
802 547 957 613 veritatem
975 548 1092 613 videndi
1108 559 1195 633 utque
1211 572 1274 636 my·

116 651 201 714 sten'i
229 651 336 715 luoem.
387 651 506 736 Alioqui
532 662 640 736 negent
665 651 785 716 omuino
809 651 858 714 vel
884 651 1009 714 unimam
1036 671 1123 736 posse
1150 652 1271 718 salvari.

117 749 267 838 Scriptum
292 766 338 818 est
363 754 460 833 euim,
491 757 645 835 Pepediens
667 775 731 816 uero
748 757 829 816 dumo
850 775 907 816 non
927 758 1031 835 ueeae'prit
1053 776 1125 836 quoe
1140 768 1210 817 ssent
1228 761 1425 827 dertonentn

115 860 255 936 spiritus.-
287 861 410 920 stultt'ttir
437 862 509 919 enrin
534 862 564 919 ei
586 867 646 932 est,
674 859 813 937 spmttult's
839 868 931 918 uuum
959 861 1089 918 unrumsn
1118 860 1269 938 dr'qrnoset't.

115 954 370 1039 Quemadmodum
392 958 469 1024 euim
488 959 548 1023 illie
566 959 721 1046 psyeltious
738 958 932 1024 introducitur
955 957 1060 1042 aliquis
1082 969 1112 1022 et
1133 959 1273 1044 spiritalis

114 1061 221 1141 homo,
246 1073 276 1126 et
293 1061 434 1147 spiritalis
457 1062 486 1126 in
510 1081 611 1126 eorum
636 1059 685 1146 qui
709 1060 861 1125 solvantur
885 1080 1008 1125 numero
1030 1071 1091 1140 est,
1116 1057 1273 1146 psychicus

113 1175 219 1228 eontra
240 1162 270 1227 in
291 1184 393 1228 eorum
419 1165 466 1249 qui
492 1174 634 1250 pereunt,
665 1173 694 1226 et
718 1163 921 1246 nihilomagis
945 1165 1045 1246 utique
1065 1163 1161 1226 enims
1184 1165 1270 1248 perit,

112 1267 167 1330 sed
185 1266 267 1330 iuxta
284 1265 410 1330 euimom
427 1268 576 1346 salvator,
599 1267 643 1330 rie
657 1266 744 1330 etium
762 1265 816 1330 hoo
833 1265 916 1344 loeo,
941 1285 1007 1328 eom
1024 1265 1156 1330 eurnoles
1173 1276 1203 1330 et
1219 1286 1270 1330 eos

112 1369 164 1454 qui
184 1369 212 1432 iu
229 1367 370 1434 enrniltus
384 1370 489 1438 vivunt
511 1369 609 1455 perire
625 1369 719 1447 diuet,
745 1389 803 1432 nou
826 1368 918 1453 ipsum
942 1387 1059 1431 earnem
1084 1368 1139 1432 deo
1154 1368 1270 1453 plueere

110 1492 173 1535 oou
191 1491 295 1557 posse,
319 1473 371 1536 sed
389 1470 467 1536 vitoe
491 1493 585 1558 genus
604 1471 722 1536 eeruule
741 1471 844 1536 tollere
861 1471 970 1534 studet.
1015 1467 1107 1534 Paulo
1126 1471 1202 1534 inim
1219 1492 1271 1534 uu·

111 1585 173 1638 tem
188 1573 308 1653 disens,
334 1579 391 1654 Qui
403 1595 469 1636 omo
487 1580 516 1638 in
533 1597 619 1638 eurne
635 1587 718 1649 sunt,
743 1579 794 1636 deo
812 1577 928 1656 plurem
942 1597 998 1637 non
1010 1586 1145 1654 possunt,
1170 1573 1269 1639 stetim
1283 1587 1350 1634 neu.
1360 1591 1381 1644 s,
1393 1591 1413 1634 e.

111 1676 239 1757 subicit,
265 1681 320 1740 Vos
335 1687 427 1740 eutem
443 1699 500 1739 non
515 1683 584 1740 estis
599 1681 628 1739 t'n
646 1699 748 1752 corne,
772 1681 823 1740 ssd
839 1681 867 1738 in
883 1681 997 1757 spiritu,
1021 1681 1051 1738 εἰ
1061 1681 1170 1760 quidem
1187 1681 1270 1739 cun·-

109 1786 154 1842 sn'
166 1785 285 1861 spiritum
301 1786 330 1842 in
346 1780 424 1842 rodes
444 1781 561 1843 dedt'tut.
608 1775 648 1842 Et
664 1779 750 1864 poulo
768 1788 851 1865 post,
878 1783 949 1858 Quin
970 1802 1036 1842 uero
1051 1785 1170 1861 spiritns
1186 1783 1269 1842 ctri-

108 1888 160 1956 sti,
186 1887 239 1964 qm·
249 1887 284 1944 de
298 1888 417 1944 mortuns
430 1889 561 1958 nuscetur,
586 1882 699 1947 nattum
711 1887 740 1944 in
758 1883 847 1956 uods's,
870 1885 1011 1957 ctrutm,
1036 1887 1088 1964 qni
1099 1887 1134 1944 de
1151 1887 1269 1944 mortuui

109 1989 250 2059 suscitet,
275 1987 430 2066 mentuunt
451 1991 534 2048 etronr
557 1997 669 2048 mortuo
691 2007 812 2068 conpore
835 1995 944 2059 vestrm,
966 2007 1020 2066 per
1036 1989 1166 2066 spiritum
1187 2007 1268 2047 suum

107 2093 164 2170 qui
189 2087 266 2149 eodelr
289 2089 445 2150 tndadr‘tut:
477 2093 587 2170 troque,
611 2091 743 2170 fratres,
766 2109 822 2150 non
845 2093 929 2150 eurni
942 2089 1081 2150 debitores
1100 2109 1212 2162 sumus,
1238 2100 1270 2150 ut

106 2193 264 2251 seeundum
285 2211 398 2252 earnem
422 2197 564 2254 memus.-
594 2213 658 2252 nem
680 2196 710 2252 si
729 2195 881 2254 seeundum
900 2211 1012 2252 earnem
1034 2195 1143 2265 simtu,
1167 2196 1269 2253 mome-

108 2297 198 2366 mini,
223 2296 268 2354 sin
291 2314 357 2354 vero
378 2296 483 2373 spiritu
506 2296 685 2375 murtsfioutr's
706 2299 834 2374 eorporis
849 2305 946 2368 uetus,
972 2299 1079 2356 moeno.
1125 2293 1268 2357 Animat-

106 2396 285 2458 vertendum
310 2404 357 2458 esl
379 2393 456 2458 euim
481 2395 556 2479 quod
577 2395 757 2480 voluptatum
781 2395 957 2481 appetitum,
981 2395 1030 2480 qui
1053 2395 1185 2479 eorporis
1208 2407 1265 2474 est,

107 2500 229 2582 ltneque
248 2517 354 2582 eorpus
377 2508 471 2562 morte
493 2497 566 2561 affioi
590 2498 753 2562 coufirmat.

197 2595 284 2681 Quod
304 2598 329 2662 si
346 2599 374 2664 id
391 2620 494 2664 rursus
514 2599 671 2680 ohiioioot,
695 2621 749 2664 eor
763 2601 852 2686 igitur
873 2605 1010 2682 suprenn'o
1028 2604 1124 2662 eornm
1139 2621 1200 2662 esse
1214 2603 1266 2664 deo
1286 2607 1344 2676 cip.
1360 2609 1401 2661 Lt.

106 2706 226 2765 mt‘rrn'co
249 2703 371 2784 dieitur,
396 2707 457 2784 legi
475 2708 547 2765 enim
566 2706 614 2766 dei
633 2725 689 2766 non
709 2705 870 2778 redieritne,
895 2708 1069 2785 nequeenim
1087 2713 1197 2786 potest,
1222 2704 1267 2768 sio
1281 2673 1378 2725 m&
1391 2677 1412 2720 τ’

107 2806 323 2870 oeoorreudum
340 2807 415 2870 erit:
440 2805 631 2870 vehementer
645 2805 712 2869 illos
728 2805 783 2870 ltoo
800 2806 865 2869 loeo
880 2806 985 2889 decipi.
1020 2802 1090 2870 Non
1107 2805 1185 2870 euim
1201 2827 1267 2870 our-

108 2927 178 2972 nem
197 2907 306 2994 ipsum,
331 2909 382 2972 sed
408 2909 507 2972 cornis
526 2908 699 2993 sapientiem
720 2908 777 2992 legi
794 2907 840 2971 dei
862 2908 966 2972 subiici
988 2929 1045 2972 uou
1066 2929 1153 2994 posse
1170 2909 1266 2974 deule-

106 3021 173 3087 ret‚
199 3031 274 3094 quoe
291 3009 407 3095 quidem
426 3032 442 3074 o
466 3031 556 3075 corne
573 3011 731 3096 discrepet.
777 3007 1028 3093 Quemadmodum
1044 3010 1070 3074 si
1088 3011 1183 3091 diuet,
1206 3013 1267 3077 Ar-

105 3113 191 3198 genti
210 3113 330 3192 sordes‚
354 3111 430 3197 quod
449 3113 595 3177 nonsatis
611 3123 798 3198 repurgatum
819 3113 873 3194 sit,
897 3123 931 3177 ot
949 3134 987 3177 ex
1005 3133 1111 3177 eoves
1128 3114 1265 3178 idoneum

106 3216 174 3281 lieri
193 3215 301 3300 possit,
326 3216 429 3278 urtifioi
449 3236 508 3279 nou
524 3213 734 3296 subiiciuotur;
758 3216 948 3300 nequeenim
967 3225 1100 3302 possunt.
1145 3213 1263 3281 Etenim

105 3317 234 3384 exserui
255 3315 335 3403 prius
350 3317 435 3397 illos,
459 3328 547 3402 utque
565 3317 688 3401 eliqunm'
705 3317 854 3383 convenit.
899 3315 966 3382 Nee
985 3326 1136 3402 ungentum
1155 3317 1265 3382 ideireo

106 3432 199 3506 negot
215 3421 245 3483 iu
263 3439 316 3483 ves
337 3419 453 3503 aliquod
478 3420 547 3485 utile
570 3420 747 3485 ooulormuri
771 3441 875 3507 posse,
899 3422 951 3485 sed
970 3419 999 3484 id
1018 3421 1112 3484 sulum
1135 3420 1211 3504 quod
1231 3421 1264 3484 in

106 3533 233 3608 argento
255 3523 458 3602 subaerotum,
483 3543 516 3586 ue
540 3533 659 3607 propter
680 3523 816 3588 duritiem
837 3535 996 3588 ooutuumx
1018 3534 1076 3588 est
1121 3521 1173 3588 Sio
1195 3545 1265 3610 opo·

105 3626 204 3692 stolus
224 3627 259 3689 de
277 3626 374 3690 neruis
392 3626 537 3712 supientia
552 3626 675 3710 loqueos
691 3647 749 3690 ooo
766 3647 884 3690 oeruem
902 3626 995 3714 ipsum
1016 3627 1123 3692 usserit
1141 3627 1187 3690 dei
1206 3627 1265 3712 legi

105 3751 169 3794 uon
188 3749 276 3814 posse
290 3728 413 3809 subiiei,
437 3730 569 3793 sedeam
587 3749 660 3813 quoe
678 3739 723 3792 est
740 3728 770 3792 iu
789 3750 878 3794 earne
891 3729 1078 3816 sapientium,
1103 3751 1159 3814 quo
1175 3749 1264 3794 voot-

104 3831 178 3897 bulo
196 3831 272 3896 illius
286 3833 317 3895 in
338 3832 504 3917 voluptates
520 3851 554 3894 oo
572 3831 706 3895 libidines
725 3833 944 3918 propensiorem
962 3833 1119 3917 signifieat.
1167 3832 1263 3917 Atque

104 3937 166 3999 ltoo
192 3933 259 3998 olibi
289 3955 495 4020 nonnunquam
518 3938 597 3997 uerus
611 3937 784 4018 sementum
806 3941 929 4000 mnlr'tr'oe
946 3957 981 3998 oo
1003 3939 1143 4017 neqm'ttise
1164 3948 1262 4015 voret,
1276 3959 1381 4017 tomo,
1394 3964 1415 4006 t.

104 4059 174 4102 eum
195 4036 265 4103 illud
282 4037 411 4102 luuditus
427 4057 443 4100 o
462 4035 546 4102 nobis
563 4037 712 4123 prolliguri
727 4036 820 4102 iubet.
865 4037 1081 4124 Nonnunquam
1105 4039 1193 4120 legen
1213 4061 1264 4125 ep·

105 4140 200 4228 pellat
215 4151 416 4223 repugnantem
435 4145 496 4222 legi
515 4146 630 4216 mentri,
655 4153 685 4203 et
704 4147 842 4223 eoptrimm
859 4145 1048 4204 adducentem.
1094 4141 1214 4226 Alioqui
1236 4143 1262 4206 si
1275 4165 1369 4227 nomn,
1380 4171 1413 4217 a

105 4263 230 4309 caruem
245 4245 337 4329 ipsum
355 4244 467 4307 dioeret
482 4242 599 4308 divione
614 4243 672 4330 legi
688 4243 792 4308 subiici
809 4265 867 4309 ooo
885 4265 983 4332 posse,
1008 4243 1131 4330 primum
1148 4243 1262 4330 quoties

144 4398 183 4450 1⁰.
201 4391 331 4462 insiluere
347 4399 399 4449 eod.
416 4411 460 4448 ns.
720 4399 779 4532 'nl
791 4399 1006 4524 lt¹o3qq25mnmdrs
1021 4403 1047 4452 r'n
1060 4402 1111 4454 eod
1128 4403 1210 4453 Veneto
1224 4403 1262 4454 ln·

704 4483 750 4534 erp.
777 4485 806 4521 o.
871 4483 916 4522 .v.
