3186 4928
339 233 400 300 350
766 247 1077 302 οιαοτιιιειειιιιοι

340 371 395 454 πίρι
420 363 545 431 πόντοτε
571 365 731 448 στέμμασιν
753 366 966 452 ἀμαραντίνοις
988 373 1237 450 κατακοσμοδντι,
1266 374 1331 441 τοῖς
1351 371 1404 448 τῆς
1423 361 1493 446 ἀλη-

343 473 427 545 θείας
450 466 648 553 κηρύγμασιν.
698 470 839 554 Λέξοιμεν
868 473 968 536 τοίνυν
997 471 1048 535 καλ
1077 466 1161 535 αάτολ
1191 467 1268 555 πρός
1297 465 1389 533 αιἰτδν
1415 465 1493 532 κατά

340 569 473 654 δύναμιν.

426 671 570 752 Φάσκεις,
593 665 741 754 ῶοότος,
764 671 805 750 ῶς
822 676 873 739 καί
891 670 954 740 ἀνω
976 701 1027 758 μοι
1048 671 1283 762 προδεδήλωται,
1305 675 1494 756 ἐπισκυμμα-

339 779 424 856 τίζαν
440 774 501 855 ότι,
524 774 583 857 Μή
600 773 658 861 ἀρα
675 779 867 861 βυρσοδέψης
888 769 926 860 ἦν
945 775 965 842 δ
982 775 1070 856 θεός,
1093 780 1144 842 ἵνα
1159 783 1284 860 χιτῶνας
1302 779 1496 862 δερματίνονς

338 888 401 954 τοῖς
422 880 490 964 περὶ
511 876 564 944 τόν
580 875 673 959 Ἀδάμ
694 877 823 968 ποιήση,
846 881 970 962 μηδέπω
992 877 1076 957 ζῶον
1098 881 1283 962 τεθνμένανς
1328 881 1370 942 El
1387 879 1419 944 δὲ
1440 880 1497 944 καλ

339 979 433 1063 ἐτύθη
452 987 527 1060 ζῶα,
551 978 607 1046 σάκ
628 974 720 1064 ήσαν,
743 983 832 1065 φησὶ,
853 989 975 1064 χιτῶνες
996 981 1181 1066 διρμάτινοι,
1204 980 1276 1047 ἀλλά
1295 979 1328 1047 τό
1350 980 1455 1066 γήϊνον
1478 979 1498 1045 δ

337 1087 531 1169 περικείμεθα
550 1089 643 1165 σῶμα.
689 1086 750 1149 Καὶ
767 1083 957 1167 πανταχόθεν
980 1086 1123 1170 ἐλέγχεται
1138 1091 1176 1175 τῇ
1193 1090 1246 1150 τοῦ
1267 1083 1409 1168 διαβόλου
1428 1085 1498 1148 ἐπι-

339 1191 406 1275 νοίᾳ
423 1187 473 1252 καί
490 1192 527 1274 τῇ
543 1190 596 1250 τοῦ
617 1184 715 1266 ὅψεως
732 1184 879 1270 δολιότητι
900 1194 1144 1272 παρακολουθῶν
1162 1185 1287 1273 φθοράν
1302 1185 1436 1261 ἀπιστίας
1458 1193 1500 1276 τῇ

338 1287 551 1374 ἀνθραιιότητι
570 1287 775 1373 ἐργαζόμενος,
798 1291 849 1354 καλ
862 1288 917 1373 τήν
931 1287 1018 1356 Εὔαν
1035 1289 1284 1373 ἐξαπατήσαντας,
1306 1291 1357 1356 καί
1377 1287 1424 1354 ἀελ
1439 1289 1501 1366 κάς

336 1396 468 1467 διανοίας
484 1398 544 1456 τῶν
561 1388 706 1477 ἀκεραίαν
725 1397 833 1473 ψυχῶν
850 1399 886 1481 τῇ
908 1396 1075 1480 πανουργίᾳ
1096 1395 1127 1458 ἐν
1144 1402 1209 1468 ταῖς
1225 1390 1324 1458 αάτῶν
1344 1394 1500 1466 διανοίαις

338 1498 609 1580 παραψθείραντος.
652 1491 777 1576 Ἴδαμεν
800 1497 902 1560 τοίνυν
931 1497 959 1560 εί
982 1493 1106 1560 δύναται
1129 1493 1166 1560 τό
1187 1493 1249 1562 ἀπό
1274 1499 1329 1562 σοῦ
1352 1495 1499 1580 εἰρημένα

338 1601 414 1682 έχειν
432 1595 550 1676 στάσιν,
576 1593 642 1672 οῶς
657 1603 785 1662 τοσαῦτα
804 1594 958 1680 μοχθήσας
976 1601 1027 1662 καί
1042 1601 1085 1674 είς
1099 1596 1195 1681 μότην
1210 1596 1317 1674 ἐλάσας
1331 1596 1408 1663 7τόν
1423 1599 1498 1680 περὶ

337 1699 487 1767 τοσούτων
500 1703 610 1782 βίβλων
625 1705 798 1785 συγγραφῆς
812 1697 921 1784 ἀγῶνα.
967 1703 1010 1766 El
1023 1698 1079 1787 γάρ
1098 1703 1176 1766 ἐστιν
1190 1699 1337 1784 ἀληθέςδ
1354 1702 1423 1785 ττιρλ
1437 1706 1499 1766 σσῦ

337 1801 455 1892 ᾅδεται,
477 1802 521 1868 ὅτι
538 1804 745 1885 ἑξακισχιλίους
758 1805 879 1884 βίβλους
893 1802 1086 1890 συνεγράψω,
1109 1796 1348 1886 ῶματαιοπίνε,
1368 1805 1419 1868 καλ
1440 1801 1499 1868 τόν

339 1904 438 1972 πάντα
451 1904 584 1988 νόμαιον
599 1907 641 1980 είς
653 1902 772 1990 ψόγους
784 1906 836 1969 καλ
850 1903 958 1980 δόλους
971 1905 1164 1988 ματαιότητος
1176 1903 1331 1981 ἀναλῶσας
1342 1909 1498 1990 σφοδρῶς,

339 2011 391 2074 καὶ
406 2013 500 2084 κενῶς
515 2006 568 2090 τήν
587 2005 643 2091 σήν
659 2009 797 2092 ἐργασίαν
811 2006 1005 2091 καταστήσας,
1027 2007 1078 2074 διά
1094 2015 1152 2074 τῶν
1167 2006 1334 2094 ἀναγκαίαν
1350 2001 1395 2075 οἷν
1406 2033 1499 2092 παρε-

227 2173 230 2179 ,
337 2109 468 2197 χάραξας
485 2105 660 2176 ἀνέλπιστον
676 2116 729 2193 τῆς
750 2112 894 2196 ἐμπορίας
910 2130 966 2176 σου
983 2108 1035 2176 τόν
1052 2109 1186 2194 κάματον
1201 2109 1408 2198 περιποιήσω.
1455 2113 1500 2176 Εέ

211 2253 263 2298 μς.
276 2241 322 2284 σοι,
340 2213 395 2302 γάρ
414 2211 470 2280 οὐκ
487 2211 636 2280 ἀνίσταται
653 2211 686 2278 τό
703 2219 798 2296 σῶμα,
821 2214 893 2279 οὐδὲ
908 2209 929 2296 ἡ
944 2212 1027 2295 ψυχή
1043 2239 1070 2278 τι
1086 2213 1307 2300 κληρονομήσει.
1351 2218 1421 2278 Μία
1437 2211 1496 2300 γάρ

340 2319 391 2382 καὶ
405 2315 425 2399 ή
441 2313 515 2398 αὐτή
531 2320 671 2382 κοινωνία
687 2322 740 2380 τοῦ
758 2340 787 2380 τε
804 2317 939 2398 σώματος
954 2317 1004 2380 καί
1022 2323 1075 2398 τῆς
1090 2323 1205 2399 ψυχῆς,
1227 2318 1278 2381 καλ
1295 2319 1348 2398 μία
1365 2319 1496 2402 ἐργασία.

340 2419 512 2486 Ἀνάστασιν
530 2420 561 2484 δέ
582 2417 771 2501 παλιμβόλοις
787 2420 839 2484 καλ
854 2415 944 2494 αάτδς
960 2413 1112 2503 δμολογῶν
1126 2420 1424 2501 ττεψαντασιασμένην
1444 2416 1496 2484 δό-

339 2545 436 2606 κησιν,
455 2525 507 2588 καλ
522 2519 577 2588 οάκ
591 2521 743 2604 ἀληθινῶς
757 2521 834 2604 ἐραν,
850 2516 1004 2610 ἀναγκάζη
1016 2520 1110 2604 μόνον
1124 2519 1157 2587 τό
1173 2520 1269 2602 ὄνομα
1281 2523 1382 2606 λέγειν.
1411 2519 1495 2586 'Aud-

340 2647 440 2702 στασις
462 2617 517 2690 οὖν
539 2629 611 2691 ποία
630 2627 732 2706 ψυχῆς
752 2620 874 2690 δύναται
895 2623 1049 2708 λέγεσθαι,
1076 2629 1131 2707 τῆς
1152 2621 1195 2707 μή
1217 2622 1400 2707 πιπτούσης,
1423 2625 1496 2706 μηδὲ
1580 2635 1581 2723 ή

340 2729 548 2814 θαπτομένηςς
591 2723 674 2790 ’Λλλά
689 2723 763 2808 δήλη
780 2726 859 2792 ἐστίν
874 2727 907 2790 ἐκ
921 2733 975 2792 τοῦ
993 2723 1140 2808 ὀνόματος
1152 2725 1198 2792 ὅτι
1214 2733 1268 2792 τοῦ
1284 2725 1428 2804 πεσόντας
1440 2725 1497 2793 σιλ-

339 2855 430 2913 ματος
445 2831 495 2894 καί
509 2825 686 2912 ταφέντοςή
703 2825 877 2908 ἀνάστασις,
899 2826 996 2919 πόντη
1013 2853 1043 2894 τε
1066 2830 1118 2894 καὶ
1137 2832 1171 2895 ἐν
1188 2827 1270 2918 πόση
1292 2836 1396 2918 γραφή
1419 2831 1496 2896 ἐστιν

338 2933 538 3017 κηρυττομένη
553 2928 614 2996 όπδ
630 2937 690 2996 τῶν
705 2934 781 2998 οίῶν
796 2937 849 3014 τῆς
865 2929 1016 3015 ἀληθείας
1066 2934 1104 2996 EI
1121 2931 1153 2996 δέ
1168 2931 1228 2998 οάιι
1244 2928 1416 3012 ἀνίσταται,
1439 2931 1496 2998 οάκ
1579 2969 1580 3005 ;

230 3112 242 3141 x
339 3038 382 3100 ἐνι
404 3032 493 3118 ήδιά
513 3041 619 3102 πασῶν
641 3041 765 3120 γραφῶν
787 3034 989 3118 κηρυττομένη
1011 3031 1178 3112 ἀντίστασις.
1221 3038 1266 3100 El
1286 3036 1320 3100 δέ
1337 3031 1498 3110 ἀντίστασις

340 3137 394 3220 οάχ
409 3133 551 3224 όπάρχει,
573 3141 682 3221 ματαία
696 3134 718 3219 ή
734 3144 787 3220 τῆς
807 3142 867 3202 τῶν
888 3143 1001 3220 νεκρῶν
1023 3133 1211 3214 ἀναστάσειος
1228 3141 1402 3224 προςδονία.
1452 3133 1498 3202 Οά
1578 3181 1579 3190 1

339 3238 394 3326 γάρ
415 3248 521 3324 ψυχῶν
538 3237 696 3315 ἀνάστασίς
714 3241 774 3305 ἐστι
789 3245 848 3304 τῶν
867 3236 909 3321 μή
927 3245 1095 3318 πεσουσῶν,
1118 3236 1190 3308 ἀλλά
1205 3238 1351 3322 σωμότυν
1371 3245 1435 3305 τῶν
1454 3263 1499 3304 τε·
1578 3199 1579 3287 ί

338 3345 510 3425 θαμμέναν.
540 3346 581 3408 Εἰ
593 3344 625 3408 δὲ
637 3345 689 3408 καὶ
704 3343 792 3428 μέρος
806 3348 859 3424 τῆς
871 3337 1059 3418 ἀναστάσιας
1073 3345 1221 3428 ἐγείρεται,
1243 3343 1334 3429 μέρος
1347 3343 1382 3408 δέ
1399 3338 1500 3409 ι’ἀπο

340 3450 454 3512 τίθεται
471 3444 546 3530 ἀρα,
568 3453 656 3512 τοῦτο
671 3442 704 3511 τό
722 3446 812 3531 μέρος
825 3451 890 3520 πῶς
906 3445 1002 3522 έσταις
1049 3442 1094 3510 Οά
1109 3442 1165 3530 γάρ
1181 3441 1306 3510 δύναται
1327 3447 1361 3510 ἐν
1381 3443 1500 3528 στόματι

338 3547 413 3614 εἶναι
436 3551 510 3634 μέρη
530 3547 713 3635 ἐγειρόμενα,
740 3549 794 3614 καλ
816 3547 890 3633 μέρη
914 3541 1117 3630 ἀποτιθέμενα
1136 3550 1188 3614 καί
1206 3547 1499 3632 καταλιμπανόμενι

329 3649 400 3716 Ὅτι
421 3653 454 3717 δέ
478 3654 538 3721 ἐστι
559 3659 645 3734 σῶμα
666 3648 813 3733 ψυχικόν,
842 3650 891 3715 καλ
915 3651 976 3715 ἐστι
997 3657 1082 3732 σῶμα
1104 3647 1318 3733 πνευματικόν,
1348 3649 1407 3716 οάκ
1430 3649 1500 3716 ἄλλα
1576 3713 1577 3716 ,

339 3760 424 3837 σῶμα
438 3752 648 3838 πνευματικόν,
670 3755 721 3820 καλ
737 3751 805 3819 ἀλλο
820 3749 963 3835 ψυχικόν,
986 3749 1046 3818 ἀλλ’
1062 3750 1136 3819 αδτδ
1154 3751 1294 3836 ψυχικόν,
1316 3750 1393 3820 αῶσδ
1410 3750 1509 3818 mvl

339 3859 472 3939 ματικόν.
512 3855 585 3922 Ὅτι
607 3854 663 3942 γόρ
687 3857 774 3938 ἐσμεν
797 3857 828 3920 ἐν
850 3859 892 3943 τῶ
915 3853 1035 3946 κόσμῳ,
1063 3857 1116 3922 καλ
1139 3854 1176 3922 τά
1199 3853 1307 3942 σαρκός
1329 3854 1501 3942 πράττομεν

371 4114 396 4168 6.
414 4103 436 4168 τό
451 4115 564 4170 τοσαῦτα
579 4116 670 4168 volebat
686 4117 804 4168 Ριίαυίυι.
965 4113 989 4166 ἃ
1009 4115 1083 4179 Vulgo
1091 4117 1226 4168 distinctum
1233 4120 1265 4167 αί
1272 4109 1433 4180 ἀποτίθεται,
1447 4109 1499 4182 ἅμα

372 4183 396 4237 7.
416 4185 489 4250 λἰίςο
505 4187 563 4238 τῶν.
932 4183 1005 4236 τοῦτο
1022 4181 1051 4237 τδ
1071 4182 1146 4251 μέρος
1162 4185 1218 4245 πῶς
1235 4181 1316 4238 ἐσται.
