3128 4930
350 243 485 300 ransart
502 250 567 302 nro.
578 251 610 301 ιι.
627 251 709 302 rom.
723 251 742 302 ι.
759 251 859 304 usna.
873 251 925 302 nv.
1157 239 1216 302 137

75 368 247 434 sacerdotate
275 367 350 453 patri
375 389 430 432 suo
456 389 560 432 manns
590 369 694 448 offert,
724 383 845 456 accepta
872 391 912 434 ex
938 382 1042 436 natura
1069 369 1218 436 bominum

75 493 178 551 nassa,
210 482 242 533 ut
262 493 314 553 pro
334 470 418 534 uobis
440 472 580 535 sacerdos
605 473 764 536 seeundum
782 473 913 536 ordinem
931 471 1131 538 Melchisedec
1153 493 1220 536 suc·

75 575 200 638 cessione
217 573 297 638 omni
315 583 463 638 carentem
476 575 687 638 constituatur.
731 572 837 638 Manet
850 577 938 652 euim,
963 587 993 638 et
1008 577 1125 640 assidue
1143 577 1218 639 dona

75 699 118 760 pro
133 676 219 740 nobis
236 675 336 738 offert.
376 672 512 759 inprimis
528 675 634 760 quippe
651 678 838 761 semetipsum
855 679 969 755 obtulit,
995 691 1026 740 nt
1042 679 1220 762 perfectiore

75 779 188 862 rivique
208 800 262 863 pro
281 778 370 840 totius
387 778 484 840 muudi
502 780 597 842 sainte
613 787 737 842 mactata
754 779 848 842 bestia
863 781 973 843 veteris
989 781 1155 843 testamenti
1171 802 1218 844 sa-

76 881 203 944 crificium
220 879 364 943 aboleret.
410 877 443 942 la
462 901 520 964 quo
542 881 617 944 idem
637 882 699 966 ipse
717 881 833 944 victima
858 883 926 958 tuit,
952 882 1014 966 ipse
1030 882 1217 958 sacrificium,

75 983 127 1066 ipsc
149 984 312 1059 sacerdos,
342 983 403 1064 ipse
426 982 536 1059 altare,
565 983 628 1068 ipse
646 986 734 1060 deus,
763 984 826 1068 ipse
845 983 949 1062 bomo,
979 985 1041 1069 ipse
1059 1004 1131 1060 res,
1156 985 1219 1068 ipso

75 1087 215 1168 pontifex,
240 1086 303 1169 ipse
318 1085 401 1163 ovis,
424 1085 487 1169 ipse
504 1105 614 1170 agnus,
639 1087 771 1170 adeoque
785 1087 883 1148 omnia
902 1087 930 1149 io
948 1086 1082 1152 omnibus
1101 1095 1220 1170 propter

75 1209 121 1252 nos
135 1199 181 1252 est
198 1190 311 1264 iactus,
337 1198 369 1251 ut
385 1187 477 1250 modis
496 1189 629 1252 omnibus
646 1187 730 1253 nobis
746 1189 806 1250 vita
823 1199 1044 1272 suppeteretur
1062 1187 1218 1250 sacerdotii

76 1293 112 1352 soi
128 1301 310 1354 constantem
330 1301 361 1353 ct
380 1289 588 1353 immutabilem
605 1291 769 1362 firmitatem
789 1291 818 1352 iu
837 1291 1044 1374 sempiternum
1062 1300 1217 1366 statueret,

75 1403 101 1454 nt
116 1415 171 1456 aon
195 1392 254 1456 iam
275 1392 375 1477 stirpis
395 1392 494 1455 habita
515 1391 629 1457 ratione
652 1393 856 1458 successiones
876 1393 1080 1471 distribueret,
1103 1393 1155 1454 sed
1179 1411 1219 1454 ex

75 1495 272 1560 iustificatione
288 1495 459 1559 conservari
478 1496 689 1580 propagarique
709 1497 738 1558 in
759 1494 862 1580 spiritu
884 1505 986 1558 saneto
1005 1494 1146 1578 singulari
1169 1494 1219 1556 bc·

75 1599 168 1662 uebcio
189 1598 292 1660 vellet.

148 1699 238 1762 atiud
269 1709 424 1784 praeterea
455 1701 585 1763 rsonuulii
615 1700 650 1762 de
681 1701 784 1763 eodem
809 1697 1028 1764 Melchisedecn
1058 1698 1216 1761 scaturiant.
1240 1711 1345 1776 ειμι.

75 1799 216 1864 Eiusmodi
235 1803 312 1866 enim
336 1802 468 1866 homiues
490 1803 648 1866 carnaliter
670 1802 831 1866 examinati
851 1812 934 1878 sunt,
959 1823 1024 1865 cum
1049 1800 1221 1885 spiritaliter
1235 1818 1371 1872 nonsart

75 1925 103 1967 es
118 1925 190 1988 quae
209 1905 245 1968 ab
270 1905 405 1988 apostolo
422 1905 450 1968 in
470 1905 592 1990 epistota
615 1905 650 1967 ad
672 1905 826 1968 Hebraeos
846 1905 921 1967 dicta
945 1915 1014 1966 snut
1037 1923 1219 1987 nequaquam

74 2008 279 2071 intellexerint.
313 2007 511 2090 Quamobrem
529 2006 644 2071 Hieras
659 2005 905 2071 Melchisedecum
921 2006 1052 2091 spiritum
1069 2025 1135 2068 esse
1152 2027 1221 2068 sau·

74 2123 145 2174 etam
170 2111 338 2185 existimata
362 2111 438 2194 quod
457 2111 495 2172 ita
515 2111 550 2173 de
573 2111 765 2195 suscriptum
788 2111 844 2187 sit,
867 2112 1053 2171 Asarim'latus
1065 2111 1135 2190 fib'o
1156 2112 1219 2170 dei.-
1233 2125 1361 2180 statana.

73 2225 161 2274 monet
176 2218 248 2274 earm
263 2217 396 2275 sacerdos
413 2218 442 2274 in
457 2225 634 2293 perpetuum.
682 2209 767 2296 Quod
788 2224 818 2274 et
837 2213 902 2274 aliis
925 2213 1048 2296 apostoli
1066 2211 1165 2274 verbis
1187 2211 1221 2273 il·

73 2314 224 2392 tusorum,
248 2335 313 2378 euru
334 2314 418 2377 dicit:
449 2319 576 2396 Spiritus
598 2337 663 2376 vcro
683 2318 838 2395 pronubis
859 2317 990 2394 postulat
1004 2315 1156 2393 germ'tt'bns
1176 2317 1373 2386 rie-ttamen.

74 2420 283 2480 marcentibus.
329 2415 373 2478 m
393 2419 441 2500 qui
465 2417 585 2502 spiritus
608 2417 700 2480 satiati
722 2417 879 2481 interiores
904 2437 1010 2478 seusus
1033 2416 1132 2491 norit,
1162 2436 1220 2478 nou

75 2518 184 2602 ignorat
199 2520 279 2582 iilum
299 2520 354 2581 deo
371 2541 424 2604 pro
441 2520 542 2582 eiectis
562 2519 738 2603 supplicare.
783 2517 843 2584 Sed
866 2530 896 2580 et
916 2519 973 2584 iste
995 2517 1182 2582 uibitomious
1204 2537 1221 2578 a

76 2622 216 2707 proposito
243 2621 359 2707 penitus
387 2620 546 2684 aberravit.
601 2620 671 2684 Nou
699 2621 775 2684 enirn
806 2641 928 2704 unquam
955 2621 1075 2705 spiritus
1101 2631 1220 2683 sauctus

77 2745 184 2788 earnem
209 2723 312 2787 induit.
360 2720 426 2806 Qua
447 2726 561 2808 quidem
586 2725 611 2787 si
635 2725 744 2799 caruit,
770 2743 825 2785 rex
845 2743 912 2786 esse
930 2720 1047 2798 Salem,
1072 2721 1221 2786 antidius

77 2827 126 2890 loci
147 2827 287 2890 sacerdos
312 2847 370 2888 oon
390 2826 495 2910 potuit.
543 2824 652 2889 Verum
673 2825 872 2909 opportuniori
893 2835 1042 2908 tempore,
1065 2843 1130 2886 com
1149 2823 1221 2886 Hie·

77 2929 144 2993 racis
162 2930 239 2994 illius
260 2929 395 2992 baeresiu
416 2928 564 3005 refellam,
589 2927 624 2990 de
642 2927 678 2990 iis
695 2927 765 3011 ipsis
786 2926 904 2989 uberius
922 2926 1086 3010 disputabo.
1131 2924 1221 2989 Nunc

78 3043 106 3094 nt
117 3033 216 3096 ordine
231 3043 330 3094 uetera
348 3041 511 3115 pertesum,
534 3049 608 3112 quas
624 3031 658 3091 de
673 3025 893 3093 Melchisedeco
912 3029 961 3092 atii
980 3029 1091 3092 tabulas
1106 3039 1218 3104 serant,

78 3133 125 3198 boc
142 3138 208 3200 loeo
224 3154 403 3220 proponam.

150 3237 243 3322 Igitur
263 3233 440 3302 Samaritani
460 3233 529 3300 Sem
553 3253 620 3298 esse
642 3234 721 3298 idiuru
742 3235 931 3298 arbitrantur.
980 3232 1011 3296 Ιιι
1029 3253 1086 3316 quo
1106 3231 1219 3294 ridiculi
1239 3239 1299 3306 cap.
1314 3239 1356 3288 vt.

79 3337 152 3422 piane
170 3350 251 3403 snut.
299 3335 449 3422 Siquidem
469 3337 565 3400 diviua
584 3337 728 3421 scriptura
746 3349 945 3400 consentanee
969 3347 1072 3398 ιιιιιιι
1094 3355 1129 3397 ao
1152 3355 1222 3396 con·
1417 3335 1420 3340 '

80 3463 138 3522 grue
153 3440 307 3506 stabiliens
321 3439 557 3504 corroborandae
574 3439 603 3502 iu
619 3439 753 3502 omuibus
770 3440 885 3503 ueritati
902 3439 1023 3516 studuit,
1049 3457 1143 3519 neque
1162 3438 1221 3498 iru-

81 3555 130 3608 stra
145 3557 307 3629 temporam
327 3563 528 3626 annorumque
546 3543 830 3626 seriem-expressit.
877 3539 951 3606 Cum
973 3543 1070 3625 itaque
1086 3537 1219 3601 Abraba-

82 3665 133 3710 ιιι
154 3647 385 3730 octuagesimum
405 3657 556 3720 oetsrnm,
581 3645 628 3706 ret
651 3647 871 3728 nonagesimum
896 3645 959 3730 pius
980 3646 1091 3718 miuus,
1115 3638 1221 3700 aetatis

82 3769 173 3814 aunum
195 3760 317 3834 ageret,
343 3748 369 3810 ei
389 3746 624 3827 Melchisedeous
647 3748 792 3824 occurerit,
816 3769 850 3810 ae
870 3769 972 3833 panem
992 3747 1045 3830 ipsi
1065 3745 1221 3824 vinumque
1235 3756 1374 3811 sanaem

84 3853 198 3932 protulit.
245 3850 314 3935 Quo
341 3853 417 3914 tacto
439 3850 645 3936 mysteriorum
664 3849 894 3932 significationes
919 3847 1118 3920 adumbravit,
1147 3863 1222 3928 quae

84 3953 175 4017 domiui
190 3956 313 4038 figuram
332 3954 551 4038 exprimebant,
576 3953 623 4036 qui
644 3952 735 4028 dixit,
758 3957 822 4032 Ego
839 3975 899 4016 sum
921 3957 1005 4032 ponas
1026 3953 1113 4010 ιίιιιι.
1159 3944 1374 4020 semmai.

84 4065 107 4116 et
125 4057 271 4139 sangoinis
294 4057 371 4119 iliius
396 4057 534 4140 figuram,
559 4055 607 4138 qui
626 4075 641 4116 e
662 4055 809 4138 perforato
835 4055 925 4139 ipsias
947 4053 1038 4116 latere
1060 4051 1095 4113 ad
1120 4069 1221 4114 eorum

84 4157 123 4238 qni
138 4159 276 4243 inquinati
292 4169 378 4221 erant
394 4159 592 4244 expiationem
610 4155 867 4239 aspersionemque
888 4155 1027 4216 rnauarit.
1071 4150 1130 4215 iam
1148 4173 1220 4216 vero

84 4296 263 4344 amantiora
285 4300 380 4345 uetustis
402 4297 542 4345 uocabulum
558 4293 628 4364 Νῶε.
663 4293 711 4343 Sed
733 4294 803 4343 ettam
827 4293 891 4355 infra
914 4303 967 4352 unp.
982 4287 1006 4340 9.
1031 4294 1143 4353 reperitur
1169 4285 1221 4351 ἐξέ-

84 4363 145 4410 tttter
165 4366 250 4424 ptneutt
275 4367 387 4425 Petooto,
416 4368 456 4427 qut
480 4367 550 4413 uerbo
576 4358 628 4415 uide
664 4363 747 4430 βαλει.

84 4429 121 4478 aad
137 4433 285 4494 emporion
303 4435 417 4482 caumont.
696 4430 720 4481 3.
741 4425 956 4494 xnanoosdomnue
971 4442 1013 4492 epo
1030 4432 1128 4480 corrui.
1157 4427 1221 4475 Libet

112 4499 133 4546 t.
147 4499 293 4561 deposuerim
306 4495 423 4568 ἐξέφερεν
437 4503 473 4552 ιιι
488 4497 627 4567 ἐξήνεγκεν.
663 4501 746 4550 tutent
762 4495 806 4550 καὶ
823 4493 964 4562 dadastana.
