3186 4928
338 229 399 292 344
761 236 883 290 θλΝῦἼἸ
900 235 1070 288 EPIPHANII

339 383 392 444 περ
410 357 597 440 βλαστήματα
618 355 670 419 νέα
687 356 739 420 ιιαλ
756 361 863 430 πλεῦνες
877 357 910 420 οί
929 351 1088 436 φιλήδονοι
1107 354 1175 440 περὶ
1196 349 1277 436 ἡμᾶς
1293 350 1339 418 άελ
1358 353 1490 439 λογισμοί

217 490 269 536 pag.
282 477 327 524 m
342 464 534 525 συνίστανται.
569 454 665 524 Δισσά
683 455 738 542 γάρ
755 459 787 522 ἐν
803 454 874 540 ἡμῖν
888 463 1035 542 λογισμῶν
1050 457 1135 542 γένη·
1159 453 1203 521 ⁶6
1219 457 1273 540 μὲν
1290 452 1349 521 άπιί
1362 461 1415 538 τῆς
1432 457 1490 520 ἐπι-

339 567 455 644 θυμίας
467 570 520 645 τῆς
540 557 795 642 θένθτοιτευοῦσης
809 561 841 624 ἐν
856 565 899 647 τῷ
911 557 1024 642 σάματι
1039 556 1259 642 συνιστάμενος,
1280 556 1344 642 ἥτις
1358 561 1388 635 ἐξ
1406 559 1490 623 ’ἐπε

340 669 439 744 νοίας,
462 661 503 740 οίς
518 666 609 746 ἔφην,
633 659 761 748 ἐγενήθη
777 669 831 728 τοῦ
845 658 950 727 ῦλιιιοῦ
968 660 1149 744 πνεῦματος,
1171 657 1190 728 6
1206 662 1238 726 δέ
1253 657 1312 726 dmi
1329 667 1381 726 τοῦ
1397 659 1491 743 νόμον

225 785 228 794 ’
340 774 394 832 τοῦ
407 763 484 832 ιιατά
500 763 554 848 τὴν
571 763 706 847 ἐντολὴν,
729 763 765 830 ὃν
780 767 914 847 ἐμφντον
930 762 1074 848 ἐλάβομεν
1089 765 1164 848 ἐχειν
1179 766 1230 828 καί
1245 759 1371 845 φυσιιιῦν
1388 760 1492 844 νόμον,

341 866 418 952 πρὸς
439 867 473 933 τά
493 865 584 934 καλὸν
603 863 689 949 ἡμῶν
718 868 893 953 ἐξεγείροντα
916 867 966 931 καί
990 865 1251 952 ἐπανορθούμενον
1273 863 1325 931 τάν
1344 863 1492 950 λογισμόν.

331 972 431 1038 Ὅθεν
451 978 488 1061 τῇ
503 973 666 1055 νομοθεσίᾳ
688 975 741 1033 τοῦ
755 973 832 1034 θεοῦ
848 966 923 1034 ιιατά
939 966 991 1034 τάν
1007 976 1082 1034 νοῦν
1098 967 1308 1051 σννηιλάμεθα,
1327 975 1419 1034 τοῦτο
1441 963 1494 1053 γάρ

342 1072 361 1141 6
379 1077 435 1140 ἐσσι
451 1071 630 1158 άνθρωττος·
652 1077 690 1160 τῇ
705 1070 737 1135 δὲ
752 1076 918 1160 νομοθεσίᾳ
935 1077 990 1137 τοῦ
1005 1070 1145 1155 διαβόλου
1161 1069 1236 1137 ιιατά
1251 1069 1305 1154 τήν
1320 1073 1495 1138 ἐνοικοῦσαν

341 1173 487 1263 άμαρτίαν
503 1177 535 1241 ἐν
550 1181 587 1264 τῇ
603 1177 698 1258 σαρκί.
728 1169 763 1237 ‘O
782 1172 838 1260 γάρ
853 1171 945 1256 νόμος
960 1171 1256 1262 άντιστρατενάμενος
1269 1175 1320 1240 ιιαλ
1337 1171 1495 1256 άνειπράσ-

341 1302 401 1346 σον
419 1285 459 1367 τῷ
476 1275 557 1365 νάμςα
578 1283 632 1344 τοῦ
647 1281 739 1355 θεοῦ,
763 1271 781 1341 6
799 1277 831 1341 ἐν
848 1282 884 1366 τῇ
902 1278 1049 1365 ἐπιθυμίᾳ
1069 1283 1146 1342 8τοῦ
1164 1273 1251 1355 νοῦς,
1273 1267 1362 1350 οῦτάς
1383 1270 1496 1340 ἐστινῦ

341 1380 413 1457 τοῦς
429 1383 575 1463 ἐμπαθεῖς
594 1379 741 1460 άναφάοιν
757 1376 804 1444 άεί
822 1380 873 1444 ιιαλ
889 1375 1011 1455 ῦλιιιοῦς
1023 1373 1103 1467 ’πρὸς
1119 1377 1248 1462 ἀνομίαν
1263 1375 1496 1466 περισπασμοῦς,

343 1481 512 1550 παντάπασι
533 1479 609 1570 πράς
629 1477 741 1564 ἡδονάς
762 1477 806 1546 οῦν
824 1478 962 1556 ἐλιιτιιιάς.

258 1948 264 1959 .
309 1905 325 1960 ’.
435 1900 520 1977 Τρεῖς
539 1889 596 1976 γάρ
619 1888 731 1973 νόμους
751 1885 967 1971 ῦποτιθέμενος
988 1887 1167 1971 άναφανιλόν
1185 1888 1203 1956 6
1222 1897 1344 1966 Παῦλος
1366 1892 1500 1958 ἐνταῦθα’

343 2022 394 2080 μοι
413 1997 638 2074 καταφαίνεται·
667 1994 719 2058 ἕνα
739 1992 792 2074 μὲν
808 1989 860 2057 τάν
883 1989 958 2057 ιιατά
974 1990 1008 2058 τά
1033 1995 1165 2076 ἐμφυτον
1186 1994 1218 2058 ἐν
1234 1990 1305 2076 ἡμῖν
1324 1991 1461 2078 άγαθάν,
1482 1991 1499 2056 ίί

266 2145 269 2152 -
343 2100 395 2164 ιιαλ
413 2095 505 2180 νόμον
519 2102 623 2176 σαφῶς
640 2091 711 2171 νοιίς
728 2092 876 2174 ἐκάλεσεν,
898 2097 951 2160 ἕνα
965 2095 998 2160 ιίέ
1012 2091 1065 2160 τάν
1080 2097 1113 2162 ἐτι
1130 2099 1296 2181 προςβολῆς
1312 2093 1500 2178 ἐνιστάμενον

344 2208 397 2268 τοῦ
412 2206 564 2284 πονηροῦ,
587 2199 638 2262 τιαλ
654 2199 696 2273 είς
708 2195 762 2273 τάς
778 2200 925 2280 ἐμπαθεῖς
939 2199 1090 2275 ἐξέλιιοντα
1104 2197 1243 2273 πολλάκις
1260 2202 1427 2279 φαντασίας
1447 2195 1500 2280 τὴν

343 2301 458 2387 ψυχὴν,
481 2301 517 2367 ὃν
531 2297 809 2386 άντιστρατεάεσθαι
829 2306 871 2388 τῷ
890 2299 973 2388 νόμφ
990 2307 1044 2366 τοῦ
1063 2299 1134 2377 νοάς
1152 2303 1228 2384 ἐφη,
1255 2303 1308 2366 ιιαί
1328 2302 1429 2386 ἕτερον
1451 2297 1501 2366 τάν

345 2405 419 2473 ιιατιί
437 2403 491 2488 τὴν
507 2401 652 2490 άμαρτίιιν
668 2405 700 2468 ἐιι
721 2409 775 2485 τῆς
789 2405 952 2485 ἐπιθυμίας
973 2401 1213 2488 ἐένσιιιράσαντα
1231 2405 1262 2469 ἐν
1280 2410 1317 2492 τῇ
1340 2405 1445 2488 σαρτιλ,
1467 2401 1501 2468 ῦν

345 2507 490 2595 άμοιρτίας
511 2505 603 2590 νόμον
629 2507 770 2572 οέιιοῦντα
793 2507 825 2570 ἐν
850 2513 912 2582 τοῖς
936 2507 1049 2589 μέλεσιν
1075 2504 1224 2571 ἐκάλεσεν·
1252 2497 1501 2593 ρίέπιβαίνανῦ

345 2610 479 2696 πονηράς
496 2612 545 2676 καί
564 2607 762 2692 ἐποχούμενος
779 2607 919 2684 πολλάκις
933 2604 1006 2674 καθ’
1020 2605 1106 2690 ἡμῶν
1125 2607 1317 2692 ἐγκελιῦεται,
1339 2606 1417 2692 πράς
1440 2605 1501 2673 άίι-

345 2719 412 2780 λίαν
429 2711 574 2795 ἡμᾶςκαὶ
594 2708 715 2797 πράξεις
735 2709 920 2776 συνελαάνυν
938 2707 1041 2787 καλάς.
1083 2707 1117 2774 ‘O
1135 2709 1190 2798 γάρ
1207 2713 1320 2790 ἐξωθεν
1337 2709 1501 2792 είςιτνεόμε-

346 2841 398 2892 νος
414 2813 475 2880 άπά
490 2822 544 2880 τοῦ
557 2821 691 2899 πονηροῦ
706 2811 809 2896 νόμος,
831 2815 883 2880 καί
898 2811 948 2878 διά
961 2819 1020 2879 τῶν
1034 2812 1214 2896 αἰσθήσεων,
1235 2811 1374 2901 καθάπερ
1390 2813 1501 2894 ιἰσφαλ-

346 2922 439 2994 τοῖιλες
453 2921 558 3003 ῥεῦμα,
578 2915 665 2982 ἐνθῦν
679 2918 721 2992 είς
732 2913 826 2998 αὐτὴν
843 2915 1012 2999 ἐκχεόμενος
1024 2914 1080 2999 τήν
1092 2915 1204 2999 ψυχὴν,
1222 2912 1283 2982 ῦπά
1300 2923 1355 2981 τοῦ
1370 2918 1401 2981 ἐν
1415 2917 1501 2998 σαρτί

345 3018 422 3087 ιιατά
437 3017 492 3102 τήν
509 3021 672 3102 ἐπιθυμίαν
687 3016 931 3104 ἐπιτυγχάνοντας
944 3024 1134 3105 κραταιοῦται
1149 3016 1252 3102 νόμον.
1288 3022 1431 3084 Φαίνεται
1446 3016 1501 3104 γάρ

348 3121 388 3199 άς
405 3125 436 3188 ἐν
452 3119 524 3205 ἡμῖν
540 3121 643 3198 αὐτοῖς
658 3119 691 3187 τά
711 3122 763 3205 μίν
779 3123 908 3204 βέλτιον,
929 3121 962 3187 τά
981 3123 1014 3188 δὲ
1028 3131 1125 3208 χεῖρον
1143 3119 1186 3187 ὅν.
1232 3123 1293 3186 Καί
1309 3120 1382 3187 ὅταν
1399 3123 1455 3204 μὲν
1471 3119 1501 3185 τά

347 3228 459 3309 βέλτιον
477 3223 567 3306 φάσει
583 3231 637 3289 τοῦ
659 3228 790 3307 χείρονος
808 3226 1031 3310 ἐγκρατέστερον
1051 3231 1181 3314 γενηθῇ,
1203 3225 1324 3310 φέρεται
1340 3223 1410 3300 ὅλος
1427 3222 1503 3308 πρῦς

347 3327 379 3393 τά
403 3326 522 3413 άγαθάν
542 3323 660 3402 ὄνοῦς·
687 3325 759 3392 ὅταν
776 3327 807 3392 δὲ
824 3325 857 3392 τά
876 3335 973 3410 χεῖρον
993 3329 1130 3418 ἐπιβρίσῃ
1152 3322 1333 3406 πλεονάσαν,
1359 3327 1403 3392 ²6
1423 3323 1502 3393 άντι-

347 3428 556 3515 στρατεύεσθαι
581 3435 621 3518 τρῦ
643 3431 675 3494 ἐν
696 3425 769 3511 ἡμῖν
790 3430 901 3514 λέγεται
919 3427 1040 3519 άγαθρῑ,
1070 3428 1159 3496 πάλιν
1179 3427 1279 3515 άγεται
1298 3429 1501 3517 άντιστρῦφας

348 3532 422 3619 πράς
437 3537 601 3615 φαντασίας
614 3529 809 3608 παντοδαπάς
826 3528 844 3596 6
861 3529 1026 3618 ἅνθρωπος
1044 3535 1095 3599 ιιαλ
1107 3530 1267 3620 λογισμούς
1280 3537 1423 3619 χείρονας.

208 3853 331 3925 Κεφξβ.
437 3834 482 3906 Οῦ
501 3839 539 3925 δὴ
562 3842 612 3908 καί
632 3839 716 3924 χάριν
736 3837 754 3905 6
776 3837 939 3918 άπάστολος
955 3840 1067 3926 είτγεται
1084 3845 1250 3927 βνσθῆναι,
1272 3836 1409 3908 θάνατον
1430 3839 1500 3906 αῦτῦ

347 3945 398 4010 ιιαί
416 3942 543 4030 ὄλεθρον
560 3941 633 4008 εἶναι
648 3939 819 4028 ἡγούμενος.
853 3941 969 4031 Ὦςττερ
989 3943 1028 4027 δὴ
1049 3948 1101 4010 ταί
1116 3941 1133 4010 6
1150 3942 1320 4030 προφήτης,
1347 3941 1422 4010 ’An'
1443 3950 1500 4008 τάν

229 4077 279 4121 μς.
292 4065 337 4111 σοι.
350 4051 487 4131 κρυφίων
502 4073 577 4128 μου,
599 4047 705 4132 λέγων,
726 4041 895 4135 παθάρισόν
911 4072 954 4130 με.
997 4045 1084 4112 Aah&
1098 4043 1154 4134 γάρ
1171 4043 1208 4112 τά
1224 4043 1299 4131 βοτά
1313 4053 1402 4112 τοῦτο
1418 4049 1498 4132 ιιιιρί

349 4169 466 4232 στησιν,
489 4148 664 4234 Συνήιλομαι
678 4147 735 4236 γάρ
752 4157 793 4239 τῷ
815 4149 896 4239 νάμιμ
919 4157 973 4216 τοῦ
992 4157 1070 4216 θεοῦ
1086 4147 1163 4216 ιιατά
1178 4147 1230 4216 τάν
1247 4151 1304 4215 ἐστι
1327 4145 1498 4234 ῦνθραττσν,
1572 4185 1573 4188 ¹

383 4339 407 4388 5.
424 4336 453 4392 τά
470 4337 515 4404 μλν
532 4367 563 4378 -
579 4338 607 4394 τά
623 4339 652 4396 δὲ
669 4343 774 4394 photius.
976 4343 1001 4394 8.
1019 4343 1063 4396 τσῦ
1087 4340 1144 4403 νοῦς
1164 4337 1242 4402 αῦτάς
1263 4340 1330 4395 ἐστιν
1348 4337 1362 4394 6
1378 4337 1438 4400 τοῦς
1457 4337 1499 4404 ίμ-
1572 4289 1573 4362 ἐ

383 4403 408 4456 6.
426 4403 623 4474 ἐμφυλιυοίοης
640 4411 743 4461 Ρλοιίυι.
942 4410 1033 4470 παθεῖς
1051 4412 1154 4463 Ρλαιίυι.

384 4471 407 4526 ’λ
426 4471 550 4535 ἐπιπνοίας
567 4479 672 4529 Phoraua.
979 4479 1178 4532 cn.[.x1.-
1222 4479 1242 4530 ί.
1266 4475 1425 4546 σαιριίοανεα
1438 4477 1498 4528 Pb
