3154 4930
390 245 528 298 ruunnu
546 245 611 297 nro.
621 246 654 296 ιι.
670 245 753 298 rom.
767 247 798 298 ιι.
816 243 917 296 nunu.
928 244 1021 296 cxvi.
1225 229 1287 294 525

120 364 243 428 ditatem
268 364 441 448 proscribit?
470 366 657 450 quiquidem
682 365 758 428 istud
780 363 980 450 praeceperit:
1014 365 1079 424 Non
1105 368 1399 444 concupueeersooaau
1408 375 1441 418 ιι.

121 489 171 527 res
190 470 321 546 promisi
336 471 394 541 tui,
427 489 517 548 neque
532 469 641 542 Noun,
674 489 764 548 oeque
786 471 955 538 tumendum,
987 487 1039 526 mec
1058 469 1208 540 ancillam,
1234 487 1286 526 nec

121 589 242 648 ogmar,
273 591 325 630 uec
344 591 476 644 uxorem,
502 591 553 632 uec
574 573 633 631 nlrie
651 589 723 650 quoe
734 573 866 649 prom'mi
884 572 929 629 tul
942 579 1019 628 sunt.
1067 564 1125 648 Qui
1143 567 1284 655 cupidita·
1297 578 1368 624 rsxad.
1381 579 1405 622 ²·

122 679 182 732 tem
201 691 315 734 omnem
336 681 483 756 amputat,
508 691 567 734 non
590 691 655 735 eam
678 669 902 734 subministrare
925 667 1066 732 dicendus
1091 680 1147 732 est.

211 869 274 938 Cur
297 874 387 958 igitur
410 871 526 938 ludaeis
545 895 585 936 cx
604 874 744 959 Aegypto
762 872 955 957 migrantibus
974 872 1102 957 spoliare
1124 873 1206 937 iubet
1227 873 1288 938 Ae·
1332 871 1393 938 cap.

121 975 261 1061 gyptius?
288 975 435 1040 Nimirum
454 977 548 1040 iustus
565 976 613 1039 ille
628 975 718 1039 iudex
734 985 797 1054 est,
822 975 1063 1058 quemadmodum
1081 975 1117 1038 de
1131 975 1181 1038 illo
1197 997 1287 1060 saepe
1312 941 1422 990 Lxxu.

122 1075 200 1142 dixi.
245 1076 345 1162 Atque
365 1088 396 1142 ut
416 1079 553 1142 ostendat
569 1077 640 1141 nihil
657 1099 690 1142 se
706 1077 859 1141 sacrificiis
876 1075 1028 1159 indigere,
1053 1077 1096 1140 sic
1121 1078 1194 1162 apud
1220 1098 1287 1162 pro·

123 1181 242 1266 phetam
259 1181 404 1264 loquitur:
435 1184 511 1242 Num
532 1183 677 1262 sacrefictis
701 1181 843 1241 obtulistis
858 1182 930 1240 mili
941 1183 1039 1241 domus
1054 1184 1150 1243 lsrael
1163 1185 1286 1262 quodra-
1300 1193 1366 1236 auco
1379 1192 1442 1243 uus.

119 1289 208 1364 genta
223 1287 329 1344 coar'sl
350 1287 422 1344 do'cit
436 1288 575 1345 domninus.
623 1279 748 1346 Cuinom
767 1283 857 1366 igitur
876 1281 974 1344 oblata
991 1281 1039 1344 illa
1054 1283 1144 1345 sunt?
1173 1279 1288 1366 Opinor

4 1423 5 1432 ι
121 1385 184 1462 illi,
208 1395 240 1447 nt
256 1384 372 1468 quidem
395 1385 443 1468 qui
466 1385 632 1448 offerebant
648 1383 798 1468 potabant.
844 1383 886 1445 At
908 1384 970 1468 ipse
994 1405 1052 1448 oron
1070 1386 1145 1469 quod
1164 1385 1201 1448 iis
1217 1405 1287 1469 egc-

121 1497 187 1564 ret,
211 1488 262 1549 sed
283 1497 314 1550 ut
332 1507 348 1550 a
365 1487 567 1571 multiplicium
588 1487 708 1549 deorum
729 1485 809 1550 cultu
830 1486 866 1548 ad
885 1487 971 1548 unius
989 1485 1056 1550 illos
1071 1487 1117 1549 dei
1142 1488 1287 1572 cognitio-

123 1609 193 1652 nem
216 1588 374 1652 translatos
399 1589 618 1666 assuefaceret,
652 1587 715 1650 fleri
738 1587 794 1651 ista
822 1588 980 1655 mundavit.
1027 1584 1104 1652 Cum
1125 1590 1203 1652 enim
1227 1591 1288 1652 Ae·

120 1691 290 1776 gyptiorum
307 1690 425 1753 numina
444 1690 553 1775 placari
574 1688 726 1752 sacrificiis
742 1699 897 1768 cerneret,
922 1689 988 1752 ideo
1004 1689 1060 1754 isto
1079 1691 1224 1775 providit,
1250 1713 1287 1754 ne

123 1792 270 1857 eiusmodi
288 1793 408 1856 deorum
428 1791 639 1877 superstitione
655 1791 824 1876 depravatis
839 1791 954 1854 illorum
979 1791 1084 1855 animis
1104 1793 1140 1856 ab
1162 1813 1221 1856 uno
1239 1815 1287 1857 so-

122 1895 213 1979 loque
230 1894 286 1958 deo
304 1893 517 1959 desciscerent.
562 1891 759 1976 Posteaquam
776 1903 872 1956 autern
897 1895 1065 1957 eorumdem
1088 1906 1202 1959 mentes
1227 1896 1289 1980 plo·

121 1997 201 2060 rium
220 1997 256 2059 ab
275 1997 397 2060 deorum
420 1995 499 2060 cultu
523 2004 680 2059 revocatas
705 1996 794 2078 longo
812 1994 970 2060 interuallo
993 1997 1195 2076 confirmavit,
1228 2009 1287 2062 tum

122 2099 241 2162 demum
259 2098 295 2161 ab
315 2098 397 2162 hisce
414 2097 480 2160 illos
495 2097 638 2160 institutis
658 2098 836 2161 desuescere
851 2098 955 2162 volens
974 2099 1072 2183 coepit
1093 2119 1128 2162 ea
1145 2121 1220 2184 quae
1234 2102 1288 2164 mi·

121 2220 183 2264 nus
200 2199 254 2262 sibi
271 2199 427 2285 placebant
440 2199 621 2284 praecidere.
666 2196 769 2281 Quare
787 2199 827 2262 ita
846 2199 961 2264 locutus
978 2211 1040 2266 est:
1067 2205 1141 2278 Qm'd
1155 2206 1227 2264 miii
1241 2212 1441 2270 rosteram·

120 2325 139 2363 e
158 2303 236 2364 Solu
252 2303 385 2383 dissertis,
409 2313 438 2363 et
454 2305 685 2363 cannamomume
702 2314 780 2363 terro
798 2305 975 2383 longinquo?
1003 2306 1149 2384 Numquid
1168 2309 1285 2368 mondu-
1299 2309 1336 2352 ΡΙ·
1348 2309 1381 2364 ⁴⁹2
1396 2309 1428 2354 ¹&

120 2405 197 2465 eodo
216 2425 316 2465 carnes
333 2415 479 2466 taurorum
488 2449 497 2478 ,
522 2415 573 2466 out
589 2407 755 2483 sanguninem
775 2408 919 2465 lurcorum
930 2406 1058 2484 potndol
1100 2409 1199 2486 Neque
1216 2412 1288 2469 earm
1303 2401 1442 2496 {¹⁸:23}ss

122 2509 198 2568 duee
214 2511 353 2587 requisivi
369 2529 407 2568 eu
421 2508 549 2568 mamilus
566 2511 683 2568 evecturi:
706 2510 758 2567 sed
764 2509 869 2589 fucere
887 2527 958 2586 ergo
966 2511 1129 2586 mammem
1146 2529 1227 2569 suum
1245 2514 1288 2570 air·
1393 2485 1400 2507 ⁹

117 2612 249 2682 sumam,
281 2621 311 2669 et
326 2614 472 2670 venitotem
491 2629 712 2689 unumquemque
733 2613 762 2669 ln
777 2610 904 2690 fratrem
926 2630 1018 2670 surum.
1067 2609 1288 2674 Animadvertis

117 2713 223 2794 itaquo
235 2711 476 2793 quemadmodum
497 2730 656 2795 progressu
675 2721 836 2796 temporum
856 2710 971 2775 divinae
988 2711 1105 2775 virtutis
1123 2732 1192 2776 sese
1209 2713 1290 2776 uelut

119 2815 341 2877 firmamentum
368 2812 492 2896 aperiat.
537 2810 623 2876 Unde
646 2834 710 2875 cum
736 2809 867 2876 Samueli
890 2813 1077 2891 mandasset,
1107 2810 1193 2898 Unge
1217 2811 1290 2880 Saul
1304 2810 1393 2905 Ἦ·

118 2917 156 2980 in
172 2935 292 3000 regem,
325 2925 425 3000 postea
444 2925 540 2978 tamen
557 2911 682 2978 ludaeos
705 2914 854 2998 increpata
889 2919 1031 2990 Uaccius,
1058 2915 1169 3000 inquit,
1193 2939 1288 2997 regem
1302 2895 1418 2987 naisso.

119 3039 183 3081 mou
199 3039 254 3098 per
275 3039 332 3091 me,
358 3029 387 3078 et
403 3021 563 3096 princpes,
594 3029 624 3078 et
640 3039 693 3097 ego
713 3038 769 3078 nou
786 3021 924 3098 praecepi
938 3019 1024 3079 nodas.
1073 3015 1133 3081 Sed
1151 3020 1288 3102 quoniam

120 3141 165 3184 err
185 3119 348 3182 animorum
364 3138 485 3181 snorum
504 3117 559 3182 hoc
576 3117 695 3182 libidine
712 3119 913 3203 postularant,
937 3121 1010 3182 deus
1030 3115 1200 3184 Samuelem
1219 3143 1291 3184 con-

119 3223 245 3302 solaus,
277 3223 344 3282 Non
362 3233 405 3294 te,
432 3219 544 3303 inquit,
567 3224 743 3296 reiecerunt,
768 3225 819 3283 sed
836 3243 889 3296 me,
914 3225 1138 3284 dr'eitclcmimee.
1187 3219 1393 3326 Verum¹q¹¹ff

121 3337 219 3387 tamen
236 3345 312 3403 unge
335 3327 394 3384 iltis
411 3325 486 3383 Sunt
495 3323 594 3401 stiriam
614 3325 672 3384 Cr's.
720 3320 787 3405 Qua
812 3323 842 3385 iu
867 3343 898 3386 rc
921 3323 1042 3406 perinde
1065 3345 1099 3388 se
1124 3326 1195 3388 deus
1219 3347 1292 3409 erga

119 3427 194 3491 illos
211 3447 246 3489 ao
261 3424 401 3510 puerulos
422 3423 518 3507 gerit,
549 3433 582 3486 ut
604 3422 785 3488 intirmorum
808 3425 1036 3490 imbecillitatem
1061 3427 1224 3507 sustineat,
1256 3449 1291 3492 ac

119 3529 171 3594 sic
196 3536 332 3611 tanquam
354 3527 496 3590 infantem
525 3525 554 3587 in
578 3523 628 3588 illa
648 3545 701 3590 sus
724 3526 922 3590 teneritudine
946 3527 1137 3612 permulceat.
1182 3527 1290 3592 Postea

118 3649 201 3694 vero
218 3629 293 3712 quod
314 3649 457 3692 summum
480 3649 514 3691 uc
531 3627 774 3713 perfectissimum
794 3638 840 3693 est
855 3627 1008 3713 proponit,
1038 3633 1218 3700 Socrritcium
1239 3635 1290 3694 deo
1309 3645 1394 3692 rnatu.

119 3735 248 3813 sprir‘tus
262 3733 486 3804 coum'dulotus,
511 3751 562 3792 cor
579 3737 732 3792 contn'tum
749 3743 779 3795 et
794 3735 970 3792 leumilictum
986 3735 1055 3794 deus
1072 3755 1128 3794 non
1143 3735 1287 3813 despr'crirt.
1303 3699 1337 3754 ω’
1352 3700 1383 3744 η’

121 3833 222 3913 item,
252 3835 396 3896 Immolete
410 3837 462 3896 deo
482 3835 656 3914 sucrificium
672 3837 780 3908 lculis',
807 3843 836 3896 et
855 3853 1045 3918 quaecunque
1064 3835 1120 3897 alia
1141 3835 1176 3898 de
1199 3853 1233 3898 ea
1256 3855 1288 3898 rc
1301 3827 1389 3936 ffflt

119 3945 252 4024 possunt
272 3935 383 3998 afferri.

213 4035 330 4101 Deinde
350 4037 398 4103 vel
415 4035 524 4102 Manes
540 4037 604 4123 ipsc
627 4039 783 4102 conticetur
807 4038 893 4103 deum
918 4039 997 4104 illum
1016 4039 1051 4102 de
1069 4035 1190 4104 Christo
1209 4059 1291 4103 meu·
1327 4053 1388 4122 cap.

124 4139 241 4203 tionem
266 4139 364 4202 lacere
388 4140 532 4205 uoluisse.
579 4137 708 4224 Magnos
728 4141 804 4204 enim
821 4161 927 4206 revera
953 4139 1002 4204 ille
1022 4141 1076 4204 luit
1098 4139 1148 4224 qui
1171 4140 1200 4204 in
1223 4142 1289 4227 lege
1307 4123 1446 4174 umus

121 4262 175 4323 pre
198 4261 273 4308 uror
292 4261 456 4322 suetonios,
482 4266 508 4309 ιι
524 4263 589 4311 nco.
605 4257 654 4322 68,
671 4258 696 4311 a.
763 4259 787 4312 a.
805 4261 912 4311 sorum
929 4257 1091 4329 συιαγήοχει.

122 4324 225 4391 ἐδέετο,
242 4328 306 4375 too.
323 4325 367 4388 69,
383 4325 424 4377 til.
439 4333 459 4377 et
473 4325 513 4378 62
532 4325 658 4390 laodiceo,
675 4333 697 4379 et
763 4324 787 4378 l.
806 4323 890 4380 adroic
904 4329 978 4380 τοῦτο
995 4326 1223 4395 παραμυθούμενος
1241 4331 1292 4380 cod.

121 4397 184 4445 tutet.
202 4391 306 4456 copus.
325 4391 459 4447 dualem.
683 4415 689 4422 ’
727 4396 826 4458 lldrdtp.

161 4465 187 4512 ¹2.
207 4459 350 4515 ἐιδιιῖσθαι
365 4463 433 4512 codd
445 4477 501 4514 mre.
516 4469 537 4514 et
551 4466 587 4514 ed.
599 4467 677 4527 princ.
761 4466 784 4516 6.
803 4458 980 4517 ιῖιαθωιιιῦιιιι
999 4465 1051 4516 eod.
1067 4466 1167 4529 nucea.
