3168 4926
416 249 551 301 ιιιιιιιιι
569 249 632 304 trs.
646 249 679 300 ιι.
699 249 781 301 rom.
794 251 814 300 1.
830 249 929 300 unua.
943 248 986 298 m.
1241 235 1279 298 ot

121 366 234 450 posuit,
265 377 298 430 et
314 368 344 431 in
363 367 400 431 lis
416 391 491 453 qnae
509 372 544 434 ad
562 367 716 433 Iordanem
733 369 919 454 contigerunt
936 366 1108 431 enarrandis
1128 363 1281 430 Matthaeo

121 489 154 531 ac
168 467 272 532 Lucae
290 483 508 536 consentaneus
525 484 581 536 est.
629 469 688 536 Sed
706 469 874 536 Matthaeus
890 471 926 534 ab
943 491 1021 533 anuo
1038 469 1101 555 ipso
1118 469 1278 548 tricesimu,

121 583 186 634 ante
207 573 289 636 illam
311 593 428 638 omnem
451 574 585 659 baptismi
607 596 641 636 ac
664 595 762 639 rerum
785 575 821 637 ad
841 571 994 636 Iordanem
1016 583 1165 655 gestarum
1189 573 1280 635 histo»

120 674 207 753 nam,
241 677 444 740 narrationem
468 677 627 740 inchoavit.
674 675 774 740 Lucas
798 697 887 761 porro
910 697 926 739 a
949 685 1037 738 sexto
1058 696 1177 754 mense,
1211 684 1279 738 ante

120 777 277 841 saluatoris
295 779 324 841 iu
342 790 428 843 utero
443 779 680 865 generationem,
704 779 876 864 principium
891 778 1028 855 deduxit,
1053 778 1157 860 quibus
1173 797 1279 840 noveru

118 880 221 943 deinde
242 901 363 945 menses
384 883 479 961 addit,
510 863 568 946 una
585 904 649 946 cum
666 882 766 967 paucis
781 879 884 966 quibus
901 881 1018 964 genitus
1034 880 1214 959 audiebas,
1247 891 1279 943 ut

118 1002 204 1067 supra
227 985 317 1048 nnius
341 1005 375 1047 ae
401 983 517 1069 triginta
540 1005 684 1048 annorum
706 985 829 1068 spatium
853 982 1017 1067 colligatur.
1063 981 1176 1046 Narrat
1193 1003 1279 1068 prae-

118 1094 195 1149 terea
215 1087 461 1170 quemadmodum
482 1098 615 1172 pastores
637 1086 673 1149 ab
692 1087 881 1149 internuntiis
901 1085 1013 1169 angelis
1034 1085 1174 1148 admoniti
1193 1087 1277 1150 deum

116 1190 350 1278 conspexerint,
384 1200 473 1273 utque
490 1189 515 1252 is
532 1187 696 1253 Bethleemi
716 1189 745 1251 in
763 1189 856 1251 lucem
875 1189 970 1251 editus
989 1209 1022 1250 ac
1042 1187 1146 1272 pannis
1163 1188 1277 1251 iuvolu·

117 1292 209 1354 tasin
227 1291 383 1376 praesepi,
408 1302 442 1356 et
459 1301 564 1355 octavo
581 1291 627 1355 die
646 1292 836 1354 circumcisus
854 1289 958 1368 luerit,
983 1311 1038 1353 nee
1056 1311 1114 1354 uon
1132 1301 1199 1374 post
1215 1291 1277 1354 dies

116 1389 174 1456 XL
197 1413 256 1478 pro
278 1394 382 1458 eodem
406 1393 502 1458 oblata
526 1395 585 1458 sint
608 1415 682 1479 qnae
704 1395 755 1457 lex
773 1392 1017 1478 praescripserat.
1065 1391 1142 1456 Tum
1163 1403 1194 1456 nt
1210 1413 1276 1456 eum

116 1491 249 1580 Symeon
268 1496 299 1558 in
318 1495 402 1560 ulnas
418 1498 582 1582 acceperit,
614 1495 773 1560 Phanuelis
790 1496 847 1558 lilia
865 1497 1001 1560 consessa
1020 1495 1076 1573 sit,
1108 1507 1199 1579 utque
1213 1493 1276 1560 No

115 1609 218 1662 rareto
238 1619 305 1662 eum
323 1599 493 1685 parentibus
511 1598 748 1685 Hierosolymam
765 1597 888 1676 abierit,
921 1599 968 1682 qui
989 1599 1064 1682 quod
1082 1598 1131 1662 lex
1149 1599 1278 1662 iusserat

115 1699 191 1764 illins
217 1703 339 1765 nomine
362 1703 574 1788 dependerunt.
621 1699 706 1784 Quae
729 1723 784 1766 nec
805 1699 975 1765 Matthaeus
1001 1722 1055 1764 nec
1076 1698 1200 1765 Marcus
1221 1721 1276 1765 uec

117 1799 244 1869 loannes
267 1805 440 1888 attigerunt.

201 1904 251 1969 Ex
273 1929 331 1991 quo
354 1910 461 1971 lactum
484 1918 529 1971 est
551 1919 582 1970 ut
603 1908 729 1992 gentiles
748 1906 862 1991 quidam
882 1906 1061 1992 philosophi,
1094 1903 1276 1992 Porphyrius
1294 1913 1429 1983 capvttt.

114 2007 227 2072 scilicet
244 2031 279 2071 ao
296 2006 423 2088 Celsus,
448 2021 478 2072 et
493 2009 761 2089 Philosabbathius,
784 2029 895 2093 genere
912 2007 1050 2088 ludaeos,
1074 2021 1226 2074 veterator
1242 2030 1276 2072 ac

114 2110 315 2196 oequissimus
340 2113 478 2192 coluber,
512 2134 576 2176 cnm
601 2114 745 2179 adversus
767 2112 965 2197 evangelicam
991 2112 1141 2176 historiam
1164 2113 1276 2176 scribe·

113 2226 198 2292 rent,
222 2233 328 2278 sacros
345 2215 543 2299 evangelistas
561 2216 728 2298 arguerint,
753 2213 894 2279 animales
910 2215 950 2278 illi
965 2214 1080 2299 quidem
1097 2226 1127 2278 et
1141 2216 1275 2278 carnales

115 2313 268 2396 homines,
294 2337 328 2379 ac
344 2319 504 2382 seeundum
521 2337 639 2382 caruem
659 2318 828 2397 militantes,
853 2318 902 2401 qni
919 2339 974 2382 nec
990 2319 1044 2380 deo
1060 2318 1176 2403 placere
1193 2327 1275 2402 pote·

114 2429 191 2499 rant,
216 2441 273 2483 nee
291 2441 327 2484 ea
345 2439 419 2503 quae
434 2432 503 2484 snut
519 2419 638 2504 spiritus
654 2419 749 2483 sancti
763 2407 977 2503 cognoverant.
1021 2417 1099 2483 Nam
1116 2441 1219 2483 omnes
1233 2419 1275 2483 illi

114 2521 148 2584 ad
165 2541 323 2586 sermones
341 2523 476 2586 veritatis
492 2523 691 2599 offendentes,
712 2543 782 2606 prae
798 2521 932 2587 inscitiae
950 2521 1110 2600 caecitate,
1134 2531 1222 2605 atque
1238 2521 1273 2584 ad

114 2643 148 2687 ea
164 2625 278 2710 delapsi
293 2624 405 2690 iactare
422 2625 578 2690 identidem
595 2625 747 2704 solebant,
771 2624 875 2688 herine
888 2636 983 2708 potest
998 2637 1029 2690 ut
1044 2625 1147 2689 eadem
1165 2624 1227 2687 dies
1244 2633 1275 2688 et

114 2725 278 2790 bethleemi
300 2737 397 2790 uatum
416 2728 540 2803 viderit,
566 2738 613 2806 et,
637 2729 712 2813 quod
732 2737 798 2812 post
814 2727 960 2792 octiduum
979 2727 1093 2791 solebat
1110 2728 1191 2807 beri,
1216 2727 1274 2792 cir·

113 2830 293 2910 eumoisum,
326 2839 357 2894 et
376 2839 441 2915 post
460 2827 600 2894 diesXL
618 2827 1043 2916 Hierosolymudeportatum,
1074 2841 1106 2893 nt
1127 2829 1198 2894 item
1215 2827 1273 2915 Sy·

113 2931 227 2996 neonis
243 2942 274 2996 et
289 2932 396 2996 Annae
410 2943 474 2996 acta
488 2933 537 2996 illa
552 2931 583 2995 in
598 2933 720 2996 eandem
737 2933 812 2996 diem
828 2933 1000 3013 incideriut3
1019 2933 1191 3020 praesertim
1207 2953 1271 2996 cum

113 3055 168 3118 qua
193 3045 282 3098 nocte
307 3031 392 3098 lesus
415 3045 462 3098 est
483 3035 513 3099 in
534 3035 629 3098 lucem
651 3035 763 3115 editus,
797 3033 923 3121 losepbo
945 3038 1066 3120 angelus
1089 3037 1269 3121 apparuerit,

113 3147 177 3220 post
192 3133 354 3220 Magorum
371 3138 546 3214 adrentum,
572 3139 621 3221 qui
639 3138 715 3201 illius
731 3138 872 3202 adorandi
891 3159 997 3202 caussa
1011 3150 1174 3217 uenerant,
1207 3139 1270 3223 qui·

113 3258 166 3320 que
188 3259 314 3302 munera
336 3261 388 3304 sua
411 3239 520 3326 apertis
542 3240 667 3304 saeculis
690 3239 875 3304 obtulerant?
919 3240 997 3304 Tum
1016 3241 1093 3306 enim
1109 3246 1265 3322 Apparuit,
1278 3257 1422 3318 maiman.

112 3339 222 3423 iuquit,
247 3345 277 3402 ei
291 3346 411 3422 angelus
426 3347 537 3418 dibeas,
561 3347 672 3423 Surge,
696 3348 793 3424 occupa
807 3365 944 3425 patarum,
968 3357 999 3406 et
1014 3349 1160 3425 conrbgern
1179 3359 1266 3420 tuum,

112 3455 139 3502 rt
150 3445 222 3504 cede
236 3448 266 3504 ιἰι
279 3449 459 3526 Aegyptum,-
483 3451 613 3528 quantiam
628 3450 741 3527 quaerit
752 3450 878 3508 Herodes
890 3451 1012 3508 carmem
1022 3453 1116 3528 pueri.
1157 3445 1268 3530 Quam·

111 3545 212 3608 obrem
224 3545 250 3608 si
265 3547 365 3609 eadem
378 3568 434 3631 qna
453 3559 536 3612 natus
555 3559 601 3612 est
620 3559 705 3612 nocte
722 3549 751 3612 in
766 3549 934 3634 Aegyptum
953 3550 1066 3614 delatus
1081 3561 1138 3628 est,
1163 3562 1193 3613 et
1209 3550 1267 3612 illic

111 3647 162 3710 luit
176 3649 274 3710 donec
289 3645 424 3714 Herodes
440 3660 573 3715 mortuus
592 3661 654 3728 est,
689 3653 834 3736 quomodo
852 3671 1024 3737 permanere
1043 3654 1072 3715 io
1091 3650 1198 3715 iudaea
1216 3673 1266 3736 po·

111 3747 174 3828 tait,
199 3761 231 3812 et
245 3759 352 3813 octavo
369 3751 415 3815 die
430 3753 620 3816 circumcidit
642 3765 693 3817 ant
707 3753 773 3838 qaid
789 3753 904 3817 tandem
920 3764 986 3840 post
1002 3755 1065 3818 dies
1079 3751 1140 3816 XL
1158 3755 1266 3818 lactum

111 3871 175 3917 esse
195 3850 298 3917 Lucas
321 3853 459 3918 mentitus
482 3857 546 3919 esti
591 3851 643 3919 Sic
660 3856 738 3919 enim
759 3877 811 3942 per
826 3877 967 3920 summam
985 3856 1027 3919 illi
1044 3855 1264 3939 blasphemiam,

112 3954 136 4018 tt
155 3957 232 4041 qnod
251 3956 284 4019 io
303 3974 404 4018 eorum
425 3967 511 4041 caput
528 3967 642 4038 vertat,
666 3957 818 4022 obiiciunt.
862 3957 941 4022 Nam
961 3963 1199 4039 quadragesimo,
1224 3960 1265 4024 ait
1277 3977 1405 4035 noenta.

111 4053 225 4137 Lucas,
255 4063 302 4122 die
320 4063 451 4122 tulerunt
465 4061 544 4122 itum
566 4064 595 4122 iu
615 4063 809 4133 Hierusalem,
840 4073 869 4121 et
884 4065 949 4122 riade
970 4065 999 4123 iu
1015 4063 1156 4124 Nazaret.
1204 4058 1265 4126 Sed

110 4157 203 4243 ignari
220 4161 358 4227 videlicet
375 4161 508 4226 homines
526 4183 599 4247 quae
616 4165 661 4231 vis
679 4163 717 4226 sit
733 4161 827 4225 sancti
846 4161 965 4248 spiritus
983 4183 1163 4249 nequaquam
1178 4164 1265 4229 intel-

111 4261 213 4346 ligant.

189 4363 307 4432 Etenim
323 4364 480 4451 unicuique
496 4367 744 4454 evangelistarum
759 4385 931 4432 concessum
947 4377 1003 4448 est,
1028 4379 1059 4432 ut
1074 4391 1148 4454 quae
1163 4368 1263 4454 siugu-
1281 4377 1342 4446 cip.
1356 4378 1404 4430 ut.

110 4465 146 4530 lis
159 4478 190 4532 et
205 4469 384 4556 temporibus
402 4471 710 4557 etopportnnitatibus
725 4481 810 4556 gesta
824 4453 911 4536 eraut
925 4469 1081 4538 verissime
1094 4469 1263 4557 perscribe·
