3128 4930
375 251 509 304 ruuaau
528 253 591 303 nra.
603 253 633 302 u.
652 251 734 302 rou.
749 253 767 300 r.
783 251 882 301 noan.
898 251 939 300 aa.
1193 233 1233 298 93

84 369 114 432 ab
134 371 208 434 nori
229 371 276 456 qui
295 373 393 458 agitur
416 374 483 436 anni
507 373 590 436 initio
608 371 738 458 quintum
764 391 829 434 eum
852 369 1013 448 collocant,
1045 389 1147 432 omues
1168 368 1235 431 illos

85 495 151 556 qnos
176 495 264 559 supra
287 477 487 540 recensuimus
503 472 615 539 XXIX
640 476 772 556 integros
791 473 961 536 consulatus
983 473 1147 556 percurrit,
1181 471 1234 533 sub

86 576 231 640 uicesimo
247 578 353 641 dmnde
370 579 535 656 consolatu,
560 597 662 640 mense
676 575 736 654 X.,
759 576 794 639 ad
811 572 949 637 loannem
968 575 1105 650 accessit,
1130 574 1166 636 ab
1184 593 1235 636 eo·

86 699 133 761 poe
161 679 330 764 baptizatus
358 693 422 758 est,
457 703 534 744 aurio
563 701 579 742 a
605 679 692 742 natali
720 699 774 742 sun
797 675 920 754 XXX.,
953 676 1052 761 Atbyr
1076 676 1234 740 seruandum

86 783 248 866 Aegyptios
261 781 349 862 Xll.,
374 781 429 846 VI.
447 781 490 847 id.
502 781 665 859 Novemb,
690 779 815 844 Graecis
833 801 904 843 uero
922 777 968 841 Dii
985 776 1085 854 Vlll.‚
1109 775 1236 842 Salami-

87 883 152 961 niis,
177 883 245 946 sive
265 880 561 962 Constantieusibns,
591 885 668 946 tertii
689 879 809 947 (iborae
828 880 897 960 Vb,
927 878 1046 966 Paphiis
1072 880 1236 965 Apugooici

85 982 183 1065 XVI„
210 987 359 1050 Arabibos
374 987 600 1072 Augalthabaitb
612 983 734 1062 xxti,
758 983 971 1050 Macedonibus
987 983 1118 1068 Apellaei
1132 981 1235 1062 XVl.,

86 1083 307 1172 Cappadocibus
338 1091 480 1154 Aratatae
504 1087 599 1166 XV.‚
637 1089 867 1152 Atheniensibus
897 1083 1120 1170 bletagitoiouis
1150 1083 1234 1163 vlt,

87 1187 229 1255 Hebraeis
245 1189 462 1257 Marchesounu
483 1191 551 1254 Vll.
597 1187 654 1254 Cui
677 1191 791 1276 quidem
816 1189 980 1254 sententiae
998 1187 1099 1252 Lucae
1122 1208 1236 1272 quinque

86 1295 262 1376 subrogatur
281 1295 482 1377 euangelium,
506 1297 535 1357 iu
554 1316 612 1380 quo
635 1295 690 1356 ista
716 1295 869 1376 leguntur:
895 1297 970 1353 Erat
987 1305 1079 1354 erstem
1095 1296 1174 1353 Iesus
1193 1295 1236 1352 a'n·

86 1403 185 1478 npt'ens
200 1402 288 1478 pransi
299 1419 436 1460 annornm
450 1401 547 1471 XXX,
563 1400 661 1477 filius,
687 1409 719 1456 ut
731 1397 898 1476 putabatur,
919 1397 1028 1475 loseph.
1076 1391 1149 1457 Post
1166 1394 1237 1456 baec

86 1497 190 1562 aXll.
212 1500 260 1562 die
280 1501 377 1585 Athyr
398 1500 574 1584 praedicauit
594 1521 701 1562 anuum
724 1499 931 1582 acceptabilem
950 1496 1076 1574 domini,
1100 1496 1238 1582 quemad·

87 1604 196 1664 modurn
218 1598 313 1664 isaias
336 1603 474 1686 propbeta
499 1602 707 1687 praedixerata
730 1605 857 1681 Spiritus
876 1603 984 1661 domabat
1002 1620 1087 1680 saper
1103 1623 1162 1661 me:
1183 1621 1237 1678 pro
1251 1606 1305 1651 ¹⁸²¹·
1317 1608 1356 1664 n,
1371 1609 1390 1653 ¹·

87 1727 113 1764 eo
124 1708 201 1785 quod
215 1709 303 1765 anar't
316 1727 375 1766 me.-
398 1708 597 1785 evangelizare
609 1705 782 1785 pauperibus
796 1707 873 1765 misit
884 1725 945 1764 me:
966 1706 1133 1783 praedabare
1148 1707 1238 1783 eapti-

88 1813 123 1868 ar's
138 1811 331 1869 remissionem
348 1819 527 1888 peecatorum
545 1820 575 1870 et
588 1811 679 1870 caeeis
694 1811 801 1882 aasum5
829 1811 998 1886 praedabare
1016 1825 1118 1867 annom
1133 1809 1242 1868 domaira'

87 1911 281 1992 acceptabilem
303 1921 331 1972 et
354 1915 426 1972 daem
447 1911 652 1974 retributionis.

168 2213 261 2282 Plane
279 2217 394 2301 quidem
415 2239 522 2281 anunm
540 2215 720 2303 praedicauit
736 2217 961 2303 acceptabilem,
986 2217 1015 2282 io
1034 2239 1091 2302 qrro
1107 2237 1193 2281 ormo
1212 2218 1238 2280 ei
1268 2213 1328 2278 cip.

90 2321 310 2384 contradixerit.
357 2318 484 2384 Primum
503 2321 580 2384 enim
600 2322 675 2384 bunc
699 2341 805 2384 arrurun
830 2333 895 2405 post
915 2317 1023 2384 XXX.
1048 2341 1064 2381 a
1088 2321 1240 2384 nativitate

89 2443 136 2485 aaa
151 2422 348 2507 praedicando
368 2424 527 2506 transegit,
552 2423 778 2509 approbantibus
795 2425 960 2501 sutrinensis,
985 2443 1050 2486 oum
1067 2441 1121 2485 nec
1142 2420 1239 2486 ludaei

1257 2283 1343 2332 XXV.

89 2524 272 2603 resisterent,
298 2545 352 2588 nec
369 2524 516 2602 Gentiles,
541 2547 595 2589 nec
611 2523 800 2602 Samaritani,
825 2527 876 2590 sed
894 2525 1037 2590 dicentem
1055 2545 1157 2588 ornnes
1175 2545 1240 2608 per·

91 2627 211 2690 libenter
227 2627 373 2691 audirent.
408 2626 477 2711 Quo
492 2628 594 2692 eodem
610 2651 687 2692 aaron
703 2627 939 2713 Hierosolymam
958 2629 1100 2707 ascendit,
1125 2640 1242 2712 postea·

93 2751 169 2813 qnam
187 2730 353 2815 baptizatus
367 2740 429 2808 est,
454 2742 484 2793 ct
502 2729 564 2794 dies
582 2727 640 2794 XL
660 2729 828 2795 tentationis
845 2731 957 2815 exegit,
981 2751 1015 2793 ac
1034 2729 1240 2816 discipulorum
1312 2787 1317 2796 .

92 2833 228 2896 delectam
243 2831 363 2913 bstou,
388 2853 453 2896 cona
473 2831 509 2894 ab
530 2833 689 2898 tentatione
710 2836 744 2895 ad
764 2831 917 2896 lordaurm
936 2833 1040 2912 rediit,
1065 2853 1099 2896 ac
1117 2833 1243 2896 traiecto

93 2935 157 2997 mari
174 2933 344 2998 Tiberiadis
359 2933 542 3000 Nazaretom
560 2938 741 3000 contendeus
760 2935 998 3021 Hierosolymam
1014 2937 1160 3020 perueuit.
1198 2933 1240 2998 lbi

93 3035 118 3097 io
134 3037 230 3100 medio
248 3037 324 3100 testo
340 3039 519 3102 vociferatos
537 3048 583 3102 est
598 3039 715 3116 dicens,
739 3041 776 3100 Sl
788 3043 852 3120 qais
869 3043 941 3112 sa'ta't,
966 3043 1061 3100 venabt
1074 3044 1113 3100 ad
1130 3061 1189 3113 nae,
1214 3051 1394 3114 elimans.

92 3137 171 3200 babet.
209 3135 281 3201 lude
295 3137 477 3204 Nazarenam
495 3143 639 3226 perrexit,
664 3153 693 3204 et
709 3143 736 3204 in
755 3140 851 3204 ludam
870 3163 904 3204 ac
923 3139 1099 3222 Samariam,
1124 3163 1159 3204 ac
1176 3139 1241 3227 Tp-

92 3241 195 3306 riorum
215 3241 365 3326 regionem
385 3246 534 3326 protectos
556 3255 613 3308 est.
659 3241 731 3307 Post
749 3243 821 3306 baec
837 3244 956 3306 evoluto
973 3245 1029 3306 iam
1048 3245 1144 3328 priore
1164 3267 1241 3308 anuo

93 3341 326 3432 Hierosolymam
351 3346 523 3410 reuertitur.
569 3344 624 3410 Ubi
649 3367 714 3408 com
739 3367 804 3410 eum
825 3347 900 3410 testo
922 3347 969 3409 die
994 3347 1242 3432 comprehendere

93 3447 214 3526 vellent,
239 3459 318 3511 rnetu
337 3448 466 3533 repressi
489 3461 569 3512 suut.
614 3449 661 3512 Ac
680 3448 733 3512 sub
758 3449 832 3512 idem
857 3451 961 3513 testum
979 3450 1019 3513 ita
1045 3448 1105 3512 suis
1127 3450 1242 3512 locutus

93 3561 149 3613 est:
172 3553 239 3612 Non
258 3555 378 3612 ascendo
400 3555 439 3612 ad
460 3555 533 3612 damn
554 3541 657 3632 sertam
675 3557 771 3615 abtum,
819 3549 850 3614 lo
869 3573 927 3635 qno
944 3551 1020 3616 absit
1038 3564 1069 3615 ut
1092 3551 1241 3614 mentitum
1256 3569 1320 3616 uns

93 3649 165 3716 ittan
183 3653 371 3716 arbitrentur.
406 3657 465 3714 Inna
482 3659 553 3716 enim
570 3659 615 3716 die
626 3657 701 3736 sesto
719 3657 856 3716 medabnte
869 3657 949 3729 ebti't,
976 3655 1078 3738 inquit,
1104 3665 1133 3714 et
1142 3673 1239 3714 aseen-
1254 3673 1287 3717 ι).
1302 3673 1333 3718 ta.

91 3757 172 3817 aare
191 3759 386 3830 Hebrusalem,
411 3768 440 3818 et
447 3757 600 3842 ‚dibebant
624 3759 726 3818 Nonne
748 3760 795 3818 die
815 3771 858 3819 est
875 3779 954 3839 quern
979 3758 1150 3838 quaerebant
1166 3776 1239 3816 corn-
1251 3777 1285 3820 ta.
1299 3777 1332 3822 tc.

123 3923 161 3978 23.
179 3921 243 3978 εἶναι
260 3939 305 3976 orn
323 3927 376 3976 cod.
393 3929 446 3978 Van.
682 3923 731 3988 douc
751 3929 795 3980 τοῦ
820 3923 919 3994 πρώτου
941 3925 1148 3993 anastomotica
1171 3929 1241 3990 volpe

123 3990 161 4043 li.
186 3991 325 4060 δωδεκάτη
357 3997 411 4045 libri
435 3997 503 4046 editi.
543 3998 569 4046 ln
596 3997 647 4046 cod.
681 4012 726 4048 non
744 4003 838 4058 eatam,
855 3999 965 4046 debentur
981 3996 1032 4045 cod.
1052 3997 1139 4044 Veneto.

94 4075 183 4158 libatio.
198 4085 263 4130 aetat
278 4073 331 4132 aiod
346 4075 408 4143 tatp
422 4083 455 4161 apt.
490 4083 580 4142 Smtust
597 4083 648 4133 δω-
714 4078 739 4132 b.
758 4077 801 4133 διὰ
817 4083 865 4146 τῆς
882 4084 933 4132 aad.
952 4083 1006 4130 len.

94 4141 211 4212 δεκάτης.
228 4152 264 4196 ata·
280 4154 413 4197 moereret
429 4153 479 4196 tam
496 4151 615 4198 Patauina
717 4149 742 4198 6.
759 4146 868 4212 unlnpdtr
885 4151 936 4198 cod.
955 4151 1008 4198 ten.
1017 4149 1134 4210 ,abique

125 4214 163 4264 26.
187 4217 244 4266 coa.
264 4217 339 4265 leuet.
364 4211 580 4282 bamadaaoe,
602 4231 646 4278 pra
714 4215 739 4267 6
758 4215 794 4274 cla
811 4233 857 4282 τη)
846 4184 1025 4280 cinnaboreos,
1039 4218 1090 4298 apd
1110 4217 1164 4266 Van

95 4293 161 4332 narr.
715 4281 743 4337 7.
759 4284 803 4336 τοῦ
820 4282 932 4336 ἐνιαυτοῦ
948 4283 991 4336 aad
1009 4280 1081 4350 npois
1082 4302 1109 4337 aa
1125 4287 1175 4336 cod.
1185 4287 1241 4336 len.

128 4349 182 4404 Car.
197 4351 335 4402 XXV.-
363 4349 384 4402 l,
402 4349 450 4418 γὰρ
467 4367 514 4404 our.
530 4355 582 4404 cod
592 4354 647 4402 len.
715 4351 740 4402 u.
766 4346 823 4404 Ouia
845 4345 971 4420 dealbabo
998 4356 1050 4407 cod.
1073 4357 1125 4406 len.
1168 4354 1241 4416 Vutpo

126 4367 496 4502 ammaeensibus.
683 4412 722 4473 06
740 4418 893 4502 καταβα66).

126 4485 149 4539 3.
164 4437 247 4540 tertia
271 4479 355 4542 aab⁰
338 4504 371 4548 ας
390 4488 545 4556 προιῐπαμι)
568 4487 649 4542 abacos
714 4487 739 4542 9.
759 4484 922 4556 μεσαζοῦσης
938 4493 989 4542 cod.
1008 4493 1063 4544 len.
