3168 4926
385 257 519 314 tnnnnn
537 260 601 318 nnn.
613 263 645 316 tt.
663 261 744 314 nont.
756 263 775 314 ι.
795 261 894 314 nnus.
907 261 1024 312 xnnunt.
1243 249 1282 312 tn

123 379 299 448 Montanum
318 381 459 466 quendam
476 381 665 467 prophetam,
697 403 761 446 cnm
777 377 912 446 Priscilla
931 391 962 444 ct
977 377 1142 446 Maximilla
1158 379 1283 465 prophe-

123 485 208 549 tissis
221 485 390 570 praedicant
410 484 513 568 quibus
530 483 720 548 inhaerentes
738 505 755 548 a
771 494 852 548 recta
872 483 919 548 via
937 483 1105 548 deflectunt,
1150 481 1228 548 Nam
1247 484 1282 548 de

122 597 210 671 patre
231 597 262 652 ct
280 586 359 664 filie,
390 607 426 652 ac
448 589 553 674 spirito
570 599 674 652 sancto
694 587 794 652 cadero
818 607 883 652 cum
903 586 1027 650 ccclesia
1050 585 1193 652 catholice
1215 607 1283 652 seu-

124 689 211 753 tiunt.
257 686 319 756 set
339 688 375 754 ab
394 689 457 756 cius
474 711 508 756 se
526 689 731 754 commuuione
749 700 940 775 separarunt,
972 689 1048 775 quod
1067 689 1178 753 erroris
1196 687 1283 774 spiri-

124 801 173 856 tus
189 811 225 856 ac
241 791 390 856 doctrinas
406 792 578 858 daemonum
594 803 767 877 sequantur.
810 789 877 856 Nos
893 791 987 870 enim,
1009 790 1161 876 inquiunt,
1185 791 1282 857 coele·

121 894 182 960 acia
204 905 324 980 oportet
345 895 421 960 dona
443 895 586 982 recipere.
632 893 694 966 Suo
713 895 829 979 quidem
853 904 883 957 ct
899 891 1024 958 ccclesia
1044 891 1186 958 catholica
1206 893 1282 958 dona

123 1099 279 1184 phalarum
310 1110 340 1164 et
360 1099 558 1185 apostolorum
580 1097 776 1218 dominique
767 1098 859 1184 ipsius
885 1097 1058 1163 auctoritate
1083 1097 1281 1183 comprobata.

123 1199 255 1266 loannes
279 1201 421 1288 siqnidem
443 1203 593 1286 apostolus
618 1201 662 1266 sic
685 1203 714 1266 iu
734 1201 856 1288 epistola
880 1221 933 1266 sua
954 1221 1008 1264 nos
1028 1200 1181 1266 simoneta
1213 1205 1315 1266 Pro-t.
1321 1215 1406 1312 ppo.

124 1307 188 1366 date
201 1311 340 1386 apirc',tus
363 1328 389 1367 ιι
405 1329 442 1368 ca
459 1309 599 1368 deosum.
647 1303 685 1370 Et
700 1325 834 1368 rursum:
858 1307 990 1368 Audistis
1004 1308 1070 1386 presb
1085 1269 1405 1366 Anoctrnrmnlal'c...

123 1413 217 1484 ιιιιιίις
242 1419 360 1470 atauus
373 1411 550 1470 Aatt'clcrcbtc'
563 1411 734 1471 multisunt.
773 1409 802 1468 Ε
813 1407 893 1468 nous
906 1411 1048 1479 exieremt,
1068 1410 1185 1468 sednon
1200 1418 1285 1470 cruat
1317 1333 1405 1427 atdl'

122 1535 140 1572 e
155 1513 250 1574 nobb.
297 1515 335 1573 Si
344 1514 416 1572 cruia
429 1533 446 1570 c
457 1512 537 1572 nohis
548 1513 687 1592 ftcbscnt,
712 1513 880 1570 muuscbscat
892 1513 989 1590 ntr'quc
1003 1511 1161 1572 oodriccnm:
1185 1513 1236 1572 aed
1251 1521 1284 1576 ot

124 1615 371 1697 masatifiunt,
396 1617 527 1694 qnoncinn
544 1635 600 1674 non
618 1623 714 1674 sunto
730 1611 811 1672 sobab
820 1656 829 1686 ,
853 1614 961 1672 allaim
978 1613 1072 1674 scrtbo
1085 1613 1183 1688 colu,
1204 1615 1283 1692 finu-

125 1719 149 1778 tc'
167 1727 223 1778 etc.
271 1712 419 1797 Quocirca
437 1735 538 1778 rerum
557 1725 603 1778 est
621 1714 686 1778 illos
705 1733 721 1776 e
740 1723 908 1778 sanctorum
924 1732 1016 1798 grege
1034 1733 1092 1776 nou
1109 1733 1188 1778 esse.
1234 1714 1283 1782 Ab

125 1817 162 1882 iis
187 1818 267 1882 enim
291 1818 485 1884 contendendi
508 1817 605 1882 studio
631 1826 837 1894 recesserunt,
873 1826 903 1880 et
927 1815 1038 1880 erroris
1062 1837 1097 1880 ac
1121 1815 1282 1884 tabularum

127 1925 264 1984 auctores
286 1919 406 2006 spiritus
428 1921 587 1986 consectati
610 1930 690 1984 sunt.
1081 1931 1087 1940 “

212 2123 294 2190 Ecce
310 2123 361 2188 tihi
379 2126 425 2189 vel
441 2147 477 2189 eo
492 2126 568 2212 ipso,
592 2126 668 2210 quod
684 2123 739 2189 sibi
756 2125 934 2212 propositum
950 2123 1069 2205 habant,
1093 2136 1193 2211 apcrte
1211 2147 1282 2190 con·
1300 2135 1360 2208 cap
1378 2141 1409 2191 n.

125 2226 285 2294 vincamur
309 2248 488 2314 nequicquam
513 2229 589 2292 istud
613 2228 725 2313 ipsum,
756 2229 832 2313 quod
850 2227 1034 2292 contentiosa
1055 2227 1105 2294 illa
1124 2226 1283 2294 ambitione

126 2352 197 2418 prae
209 2352 246 2396 se
263 2333 371 2409 lerunt,
392 2330 525 2396 obtinere
539 2351 637 2418 posse.
669 2329 749 2394 Nom
766 2330 790 2394 si
806 2330 947 2394 coelestia
961 2329 1011 2394 ills
1025 2331 1102 2396 dona
1114 2329 1283 2415 recipienda

124 2445 211 2512 mot,
233 2434 331 2518 iisquc
348 2433 507 2518 praeditam
524 2432 678 2498 ecclesiam
694 2453 761 2496 csse
775 2433 934 2510 ¹conuenit,
957 2453 1010 2498 cur
1026 2441 1093 2517 post
1106 2427 1281 2496 Montanum

124 2559 160 2602 ac
177 2533 344 2601 Priscillam
367 2546 397 2600 ct
412 2533 607 2600 Maximillam
628 2536 723 2601 nullos
742 2533 850 2598 habeut
866 2533 989 2620 amplius
1008 2533 1186 2619 propnenst
1227 2531 1283 2598 Di-

125 2641 267 2704 rioumoc
281 2647 330 2700 cst
346 2657 451 2702 munus
469 2637 667 2709 salnaustumi
710 2637 751 2701 bt
768 2636 798 2701 in
816 2636 942 2701 ecclesia
959 2635 1102 2701 catholica
1118 2635 1237 2700 minime
1253 2635 1282 2700 id

127 2742 241 2826 quidem
259 2751 307 2806 est
322 2739 509 2806 exhaustum.
553 2739 653 2804 Absit.
699 2738 785 2824 Quod
804 2739 829 2804 si
845 2738 941 2824 aliquo
957 2748 1042 2804 tonus
1058 2737 1217 2825 prophetae
1231 2759 1283 2802 va·

123 2843 237 2908 ticiuati
254 2854 342 2920 sunt,
374 2853 403 2906 et
420 2841 572 2906 vaticinari
590 2843 675 2906 modo
693 2842 847 2920 dcsinunt,
875 2859 1060 2926 oonscqucos
1078 2851 1139 2919 est,
1164 2861 1201 2904 nc
1217 2838 1284 2906 Pri·

125 2946 237 3012 ncillam
260 2944 375 3030 quidem
394 2956 484 3030 atque
503 2941 715 3022 Maximillam,
746 2944 906 3009 secuudum
927 2941 1124 3028 apostolorum
1144 2941 1283 3008 vaticinia

125 3069 199 3136 quse
216 3047 247 3112 iu
261 3047 388 3112 ccclesia
402 3059 521 3132 recepta
534 3057 613 3126 sunt,
633 3046 781 3111 oraculnm
796 3046 884 3110 ullum
898 3043 1037 3110 edidisse.
1083 3043 1283 3129 Quamobrem

124 3151 272 3236 utrimque
289 3150 405 3214 illorum
420 3149 533 3214 insania
550 3148 772 3236 constringitur.
806 3145 884 3212 Nam
900 3157 950 3212 aut
966 3145 1122 3234 propbetas
1136 3159 1203 3236 post
1215 3144 1284 3214 Ma·

123 3254 266 3318 ximillam
288 3252 400 3338 aliquos
423 3252 595 3331 ostendant,
625 3271 662 3315 ne
685 3273 738 3328 ea,
770 3272 856 3336 qnam
876 3250 916 3315 illi
936 3249 1083 3330 iactitant,
1115 3249 1210 3335 gratia
1228 3269 1282 3314 cx·

124 3357 216 3421 tincta
233 3355 383 3436 videatur,
407 3367 458 3420 ant
473 3353 637 3421 Maximilla
654 3375 719 3418 cum
737 3353 798 3418 suis
818 3353 910 3416 lalsac
928 3352 1003 3418 natis
1022 3349 1139 3416 nominc
1158 3372 1282 3418 censen·

124 3460 178 3524 dac
203 3467 292 3535 sunt,
325 3477 399 3542 quoe
422 3467 487 3542 post
507 3457 718 3546 praescriptum
737 3454 897 3542 prophetici
920 3455 987 3521 doni
1007 3454 1151 3538 officiique
1169 3464 1282 3541 tempus

123 3583 182 3626 nou
208 3560 303 3626 sancti
328 3559 467 3646 spiritus,
497 3560 548 3626 sed
568 3559 689 3624 immissi
708 3581 727 3622 a
748 3558 938 3624 daemonibus
958 3557 1070 3622 erroris
1087 3557 1211 3621 afflatum
1231 3556 1281 3618 ad·

124 3664 244 3728 mittere
256 3683 315 3726 noo
331 3673 400 3728 sunt
417 3662 541 3743 veritae,
565 3683 599 3728 an
613 3661 674 3728 suis
690 3659 871 3737 auditoribus
885 3661 1019 3724 illudere.
1065 3656 1227 3722 Enimvero
1241 3677 1282 3724 ex

123 3767 160 3832 iis
182 3765 275 3853 ipsis,
308 3785 382 3852 quae
405 3776 560 3846 asserunt,
592 3785 692 3830 eorum
715 3763 866 3828 mendacia
891 3763 1075 3828 relellcntur.
1126 3757 1177 3824 Sic
1203 3759 1280 3824 cuim

126 3881 209 3934 nates
225 3867 344 3934 illorum
358 3865 522 3933 Maximilla
535 3869 701 3955 praedicat:
724 3871 794 3930 Post
805 3890 848 3928 mc
861 3870 941 3930 nulla
957 3869 1077 3948 amphias
1092 3867 1149 3924 crit
1157 3866 1281 3944 prople-

127 3976 210 4046 tc'sao,
243 3973 380 4054 sedfim'a
400 3984 541 4054 scpnctnr.
589 3967 679 4036 Vides
698 3980 729 4036 ut
746 3969 872 4054 undique
891 3989 924 4032 sc
943 3967 1045 4054 prodat
1064 3964 1176 4030 erroris
1195 3966 1281 4052 spiri·

128 4075 194 4138 tusi
237 4070 316 4137 Nam
342 4094 540 4158 quaecumque
564 4073 722 4159 prophetas
744 4069 832 4134 locuti
853 4080 939 4151 sunt,
971 4090 1005 4132 ea
1025 4067 1154 4137 scientes
1170 4068 1279 4135 iutelli-

128 4187 288 4262 gcutcaque
304 4175 460 4255 dixerunt,
485 4175 626 4262 planeque
642 4175 683 4240 uli
698 4172 830 4238 nuntiata
847 4183 917 4238 suut
931 4171 1111 4252 acciderunt,
1136 4182 1166 4236 et
1181 4171 1281 4236 bodie·

158 4363 184 4416 2
200 4367 292 4416 rarum
309 4367 419 4415 accurate
434 4366 492 4415 boec
507 4367 579 4416 serbo
596 4377 689 4416 cocon-
722 4359 800 4412 modo
818 4357 915 4411 exiisr
909 4357 1044 4428 'isqoae
1058 4357 1282 4413 amutillmnm

129 4436 200 4484 tatas
215 4429 359 4498 ιἰιιιφιιιιι.
395 4434 475 4483 t'crtc:
493 4441 563 4483 etan
565 4430 689 4482 aimoinus
720 4429 850 4482 mendacia
866 4427 920 4481 refe
940 4439 1020 4482 ontnn

130 4498 244 4566 illudes,
269 4497 401 4552 sodicola
420 4499 507 4572 ntique
531 4499 607 4552 etiam
624 4517 687 4608 qno-
