3176 4930
367 241 503 294 ruscnrr
518 243 583 294 nte.
598 244 630 294 rr.
647 213 729 296 doct.
741 243 760 293 1.
778 239 878 293 uere.
888 240 984 294 nxrv.
1192 225 1255 289 ³17

100 360 186 428 tinec
204 359 281 426 enint
295 360 405 440 verbu,
434 365 504 430 Sero
522 374 633 444 ruptum
653 365 816 424 bedurmedr'
833 363 980 442 usquead
1000 364 1112 424 tertium
1134 363 1252 434 coelun,

98 464 250 550 peoniiere
268 463 420 548 quiddam,
446 486 511 529 cum
526 466 563 530 sd
580 463 696 528 tertium
715 465 831 530 coetum
847 473 928 526 esset
945 473 1077 541 ercetus,
1103 473 1253 526 ostensum

99 566 143 631 itti
159 587 229 634 esse
247 567 460 632 demonstrent.
505 567 548 632 Ar
571 567 641 632 ittet
665 566 742 650 qnod
764 564 934 630 subiicitur:
966 567 1007 626 ttr
1022 569 1082 628 ses’n
1098 567 1260 628 km'usreodr'

99 673 238 732 domm
259 675 319 733 scire
338 675 370 734 sis
391 691 523 751 corpore,
555 675 613 732 sebe
635 681 719 731 estre
741 689 860 748 eorpus,
891 671 1022 748 prensum
1042 677 1142 747 reptes
1162 679 1207 728 est
1225 672 1258 730 rit

99 777 285 847 Pnrnduurm
310 771 387 838 eliud
406 791 511 836 rursus
525 772 554 836 ic
572 769 714 836 Perediso
732 773 906 854 patefactum
924 768 978 853 ipsi
996 779 1081 853 etque
1099 769 1255 833 iudicatum

100 875 296 940 demonstrat.
342 873 490 958 Quonim
516 893 644 940 canorae
669 872 745 936 istnc
771 892 865 957 nugae
892 882 979 951 sunt,
1011 872 1099 934 etad
1124 893 1256 957 pompam

99 978 289 1062 speciemque
312 978 423 1062 ungine
446 979 605 1054 condictae,
628 974 742 1039 demitti
762 997 779 1038 e
798 975 881 1039 coelo
904 975 1017 1038 enimes
1036 993 1190 1051 asserere,
1214 986 1258 1038 nt·

100 1101 159 1166 qne
176 1080 207 1144 in
224 1081 301 1146 bunc
315 1080 485 1144 inferiorem
506 1079 605 1144 orbem
625 1077 759 1164 delapsos
776 1077 881 1162 igneos
897 1079 993 1142 fontes
1012 1088 1042 1140 et
1056 1097 1159 1162 equos,
1183 1097 1258 1160 quse

99 1205 192 1269 snpra
206 1183 418 1248 firmamentum
432 1181 579 1260 eminent,
604 1191 819 1245 transcurrere.
865 1177 943 1244 Nam
963 1191 994 1242 ct
1009 1179 1142 1244 Adnmns
1163 1179 1258 1244 nemi·
1271 1191 1358 1236 (tem

100 1306 191 1370 quem
207 1306 224 1350 e
241 1286 326 1350 coele
343 1285 474 1349 deiectus
490 1295 554 1363 est,
582 1285 634 1348 sed
659 1303 697 1348 ex
719 1304 754 1346 ee
770 1279 914 1348 Peredise
937 1282 1033 1366 quiin
1054 1279 1137 1346 Edon
1163 1283 1259 1346 fueret

100 1389 136 1452 nd
157 1388 303 1454 orientem
322 1387 465 1452 consitus.
510 1386 582 1452 Non
597 1385 693 1464 euim,
717 1396 873 1471 antequem
892 1405 998 1470 corpus
1014 1383 1167 1463 indueret,
1191 1404 1258 1469 pec-

101 1501 200 1555 cetnnn
219 1489 358 1574 contigit,
383 1501 414 1556 ut
434 1490 549 1554 abunde
573 1499 642 1554 unte
664 1489 834 1566 docuimus,
860 1508 954 1572 neque
973 1509 1080 1572 corpus
1097 1487 1192 1573 ipsum
1216 1488 1258 1554 lu·

100 1593 171 1675 quei
186 1593 281 1656 instur
295 1593 411 1657 effictum
429 1604 485 1657 est.
533 1589 593 1657 Sed
614 1601 674 1658 tunt
697 1589 821 1674 densique
844 1601 993 1673 peccatum
1017 1601 1063 1652 est
1084 1591 1256 1667 admissum,

100 1715 169 1758 oum
187 1695 216 1758 in
234 1716 322 1761 unum
340 1717 445 1782 corpus
463 1695 618 1780 animeque
635 1693 831 1772 cosduissent,
857 1703 1011 1778 propterea
1026 1693 1101 1776 qued
1121 1713 1160 1756 ex
1177 1703 1259 1757 ntro·

101 1819 159 1882 que
176 1796 302 1860 bominis
317 1806 421 1862 nntnrn
435 1797 590 1876 condatur,
615 1809 717 1880 estque
734 1794 763 1858 in
780 1795 856 1860 bunc
874 1795 967 1858 iocum
986 1815 1002 1858 c
1022 1791 1166 1858 Perediso
1184 1797 1258 1860 tacte

101 1899 281 1985 deportatio.
327 1897 381 1964 tttr
397 1920 486 1980 vero,
511 1899 738 1984 oAglunpbon,
762 1919 820 1962 non
838 1907 951 1960 attente
966 1897 1120 1962 admodum
1135 1897 1165 1961 in
1181 1897 1258 1962 iliius

102 2003 161 2066 loci
179 2000 355 2066 sententiam
371 2001 520 2080 incubuit,
544 2002 595 2066 sed
614 2021 650 2066 en
664 2000 837 2087 disputando
856 2001 1001 2064 offirmare
1017 2000 1159 2080 institnit,
1183 2021 1259 2086 quse

100 2105 215 2191 percipi
232 2103 312 2169 nulio
332 2104 418 2168 medo
439 2115 579 2189 possunt,
603 2115 692 2189 etque
710 2125 750 2168 cx
772 2123 928 2190 pruvnrum
951 2103 1098 2168 homiuum
1122 2105 1260 2190 opinione

101 2207 257 2293 explicere
280 2203 425 2272 i’snimunr
448 2207 528 2272 iilum
552 2219 790 2291 aggressusest.

192 2307 283 2374 Libet
300 2310 395 2388 enim,
420 2309 651 2395 quandoquidem
674 2310 767 2374 semei
791 2310 827 2372 ed
851 2307 965 2374 illorum
989 2309 1259 2396 reprehendendum
1303 2317 1363 2436 Cap.

102 2411 266 2498 nequitiam
283 2411 470 2492 devenimus,
492 2412 569 2477 iliius
586 2412 696 2476 oraculi
714 2411 864 2476 declarare
881 2419 1019 2476 merrtem.
1049 2414 1256 2486 stebrstr'ses,
1277 2385 1325 2436 XL
1351 2387 1393 2440 ΠΙ·

101 2515 212 2598 inquit,
236 2519 315 2588 dens,
339 2526 370 2576 et
380 2519 448 2595 igne
460 2537 512 2578 res
524 2519 704 2592 cremauere,
729 2520 805 2577 secut
817 2519 997 2578 eenmr'rrntur
1009 2528 1168 2596 argeutum.
1203 2513 1259 2582 Ubi

102 2629 271 2703 martyres,
302 2618 350 2702 qui
373 2619 527 2682 tormentis
551 2639 585 2681 ee
609 2617 787 2684 cruciatibus
808 2618 932 2682 adoretis
955 2618 1072 2682 assidue
1099 2618 1260 2703 probentur
1289 2675 1299 2684 .

102 2721 209 2806 (saepe
225 2720 303 2784 enim
322 2720 526 2804 prophetarum
546 2741 688 2808 response
707 2720 737 2785 in
761 2721 816 2784 fide
839 2733 940 2784 nostru
964 2720 1157 2806 rereligione
1180 2743 1260 2786 cem·

102 2821 255 2908 plentur),
285 2834 387 2907 pestes
412 2843 496 2908 qnam
520 2824 566 2909 pie
586 2845 621 2888 nc
640 2823 756 2887 sortiter
779 2833 927 2887 certemeu
948 2823 1100 2901 obierunt,
1130 2822 1166 2886 iis
1188 2823 1260 2908 ipsis

104 2925 226 3004 verbis,
249 2927 383 2990 Prndnstt
401 2948 468 3001 ens,
493 2926 548 2992 deo
571 2926 682 3011 pretias
700 2937 806 3010 egunt,
830 2929 896 3010 qui,
920 2938 953 2991 nt
968 2925 1113 2991 vmciorcnr
1133 2925 1175 2990 itti
1198 2926 1261 3008 gin-

102 3029 181 3094 riem
200 3028 274 3112 epud
294 3049 327 3092 se
349 3041 604 3113 promererentur,
629 3029 720 3094 variis
737 3029 803 3094 iilos
824 3029 974 3093 laboribus
994 3028 1152 3113 periclitari
1170 3029 1263 3092 veluit

103 3153 139 3194 er
156 3150 232 3195 vere
249 3126 415 3216 Olympiaci
432 3131 580 3196 cuiusdam
599 3133 767 3196 certaminis
785 3131 938 3196 vintoniam
955 3133 1117 3217 proposuit.
1163 3128 1260 3214 Quem

105 3255 182 3298 rere
198 3245 398 3296 consentanee
412 3233 449 3296 iis
465 3233 501 3297 de
517 3235 694 3320 martyribus
710 3256 729 3299 s
746 3232 905 3300 Salomone
921 3234 1107 3319 pronuntiate
1122 3235 1192 3312 sint,
1217 3245 1261 3298 ut·

102 3335 231 3400 tendite.
283 3332 390 3419 Neque
421 3337 496 3398 enirn
524 3336 646 3400 aliorum
676 3339 884 3424 scripturarum
914 3336 1082 3401 testimonio
1113 3357 1257 3402 curemus.

102 3443 200 3512 Deus,
225 3437 336 3521 iuquit,
361 3443 479 3500 tertnnit
491 3442 556 3501 illes
564 3485 574 3514 ,
598 3451 627 3501 et
640 3444 747 3504 obvenit
759 3463 806 3503 ecs
821 3445 923 3521 dignos
938 3463 987 3503 se.-
1012 3453 1144 3523 torpuere
1158 3462 1258 3504 eurem
1273 3453 1329 3512 ssp-
1340 3457 1369 3513 t,
1380 3455 1401 3500 t.

103 3547 134 3604 tir
151 3543 281 3625 somnne
298 3543 431 3628 probasti
445 3545 525 3617 tiles,
549 3553 579 3604 et
591 3547 668 3606 sr'eut
680 3546 871 3606 holocaustem
892 3549 1041 3606 suocr'tets's
1056 3548 1165 3627 aceepit
1181 3549 1257 3621 r'Iles,

104 3657 133 3706 et
149 3651 181 3706 in
201 3657 323 3725 ternpore
339 3648 507 3706 mrtenbm's
522 3648 652 3720 riderem,
675 3657 744 3720 ete„
769 3667 834 3710 cum
851 3656 937 3710 enteu
946 3645 1097 3726 dixisset,
1121 3651 1161 3710 Et
1173 3653 1202 3710 ss'
1214 3671 1261 3710 ee·

103 3769 169 3810 rem
192 3748 351 3810 homenibus
371 3757 508 3810 tormenta
527 3754 611 3828 pessi
623 3760 705 3824 snut,
729 3771 793 3830 spes
814 3752 927 3812 atterum
948 3753 1158 3813 rirtmnrtnir'tnte
1175 3754 1261 3831 plere

102 3861 168 3912 est.-
193 3854 223 3912 ie
236 3855 338 3930 murts
351 3855 478 3930 correpti
488 3871 592 3931 mogun
607 3853 741 3932 Mnesteris
755 3864 970 3933 eemeprerrtur.
1001 3849 1162 3916 Praeterea
1176 3851 1261 3918 Psei-

104 3973 155 4016 me
174 3945 342 4030 cxxnt,
366 3973 432 4016 cum
451 3953 507 4016 ists
529 3955 682 4018 dicuntur:
713 3958 783 4016 Nisi
801 3959 867 4035 quir
885 3959 1014 4018 domebus
1035 3967 1099 4017 erut
1118 3962 1148 4018 irs
1169 3957 1260 4032 nebu,
1277 3969 1314 4017 tn.
1327 3971 1406 4028 mss

104 4077 170 4116 cern
186 4066 378 4134 exsurgerent
393 4058 515 4118 densiter
533 4061 563 4120 r'e
577 4077 643 4130 ros,
667 4059 750 4139 sorte
766 4061 843 4119 nrbes
858 4061 1045 4138 deglutissent
1056 4079 1126 4120 nes:
1151 4069 1262 4122 torrer-

105 4170 162 4219 tem
176 4161 383 4238 pertransisset
400 4162 493 4220 enema
512 4171 611 4222 nostra
631 4179 733 4240 quern
750 4161 972 4222 intolerabilem.-
996 4161 1155 4223 benedictus
1175 4167 1263 4227 derri-

104 4281 179 4334 rrus,
205 4263 258 4341 pei
276 4281 332 4322 ror
355 4263 433 4322 dedr't
454 4283 506 4324 nos
528 4267 557 4324 irs
580 4267 735 4344 ceptr'enerr
757 4265 887 4326 dentibus
908 4283 1021 4324 eorum:
1050 4267 1144 4326 amitte
1164 4277 1264 4328 nosne

105 4367 186 4424 sicet
201 4383 306 4444 passer
318 4375 415 4444 erepto
433 4375 477 4424 est
493 4367 528 4426 de
549 4367 648 4448 dequeo
665 4371 841 4432 renarrem.-
865 4369 982 4448 loquens
998 4371 1137 4433 ronnttm
1152 4381 1210 4443 ert,
1235 4381 1265 4430 et
