3128 4930
372 196 508 260 ruuanu
524 207 635 290 mun.
651 203 882 260 romenses.
899 205 965 258 uun
1186 197 1247 260 tto

88 347 139 394 uec
155 325 280 406 ludaei,
303 345 359 392 neu
376 327 533 412 penates,
544 325 634 390 medii
652 324 803 392 cuiusdam
820 325 958 409 generis,
981 324 1046 390 sive
1063 325 1160 411 potins
1177 325 1249 392 nibil

89 431 208 494 omrrino
232 441 314 498 sunt.
362 425 531 512 Quinetiam
550 427 637 492 alium
661 427 768 492 habere
789 448 822 492 se
842 427 946 492 librum
971 427 1141 512 praedicant
1161 449 1246 512 quem

88 532 167 602 fratri
184 530 293 596 Elxuei
317 531 459 599 tribuunt.
504 528 600 596 Unum
620 550 688 594 esse
712 529 796 594 derum
819 539 973 609 asserunt,
997 529 1139 594 accestis
1162 552 1247 596 imur·

88 635 159 720 patis
181 634 335 720 baptismis
358 634 483 697 eundem
504 643 696 698 venerantur.
741 629 858 697 ludaeis
877 652 965 718 porro
986 630 1016 694 in
1040 631 1174 698 omnibus
1197 634 1247 702 ed·

88 739 276 802 haerescunt.
311 737 389 800 Sunt
404 737 482 804 inter
498 755 550 800 eos
566 734 614 820 qui
633 733 669 798 ab
688 733 824 798 animatis
838 733 972 798 omnibus
991 733 1150 798 abstinent.
1185 732 1245 800 Pro

88 838 174 904 b'lxai
193 859 268 904 vero
286 837 379 924 stirpe
394 837 480 902 morti
494 857 562 905 seso
579 835 763 900 committere
780 858 837 900 non
856 835 999 900 dubitant.
1037 833 1178 902 Ceterum
1194 858 1247 923 per

88 943 112 1006 id
127 953 246 1026 tempus
262 939 413 1004 audieram
431 960 517 1004 unam
535 959 552 1004 e
569 938 679 1004 duabus
695 938 753 1004 illis
771 938 907 1002 taurinam
926 937 1048 1020 obiisse,
1071 959 1147 1023 quae
1162 937 1246 1004 Mar·
1303 991 1306 998 ,

88 1045 133 1108 tho
153 1041 381 1121 nominabatur,
405 1041 564 1126 superstite
583 1040 677 1104 adbuc
697 1038 874 1120 marchana,
899 1040 955 1104 nisi
977 1041 1033 1104 iam
1059 1041 1174 1126 etipsa
1196 1042 1246 1108 de-

87 1144 225 1210 cesserit.
261 1142 375 1207 Amhas
391 1143 457 1206 illas
472 1144 588 1228 quoties
605 1142 691 1206 domo
706 1162 882 1228 progressae
898 1143 994 1226 aliquo
1011 1161 1044 1206 se
1063 1143 1244 1222 conterrent,

87 1248 193 1332 ingens
207 1245 357 1310 homiuum
376 1245 526 1310 multitudo
544 1243 755 1323 comitabatur,
779 1245 826 1328 qni
845 1266 902 1308 non
919 1247 1005 1309 modo
1024 1245 1126 1330 pedum
1144 1245 1246 1330 pulve-
1283 1243 1285 1248 ’

88 1369 161 1428 rem,
180 1348 235 1413 sed
252 1359 282 1413 et
294 1358 392 1434 sputa,
412 1346 583 1412 'morborum
600 1347 635 1410 ad
652 1344 782 1410 remedia
796 1347 969 1430 colligentes
986 1368 1044 1410 non
1060 1346 1124 1410 sine
1140 1367 1245 1432 magno

89 1452 213 1516 ludibrio
239 1449 275 1514 e'd
304 1449 430 1513 amuleta
456 1461 487 1514 et
515 1448 697 1535 phylacteria
724 1449 928 1514 reservabant.
982 1445 1133 1534 Siquidem
1161 1451 1247 1513 error

89 1552 182 1618 omnis
201 1551 345 1618 caecitate
363 1552 504 1638 primum,
523 1561 584 1616 tum
602 1552 731 1617 vanitate
749 1562 779 1616 et
797 1550 967 1636 arrogantia
986 1550 1110 1620 laborat.
1153 1549 1246 1626 lidem
1265 1633 1266 1636 Ἴ

88 1657 123 1720 illi
145 1654 306 1742 propbetas
325 1675 385 1718 uon
401 1653 497 1718 minus
514 1675 599 1739 quam
616 1654 765 1740 apostolos
783 1653 936 1733 reiicinnt,
962 1665 1007 1733 et,
1033 1664 1064 1718 nt
1080 1654 1244 1718 summatim
1317 1717 1319 1720 .

88 1761 201 1839 dicam,
225 1757 376 1822 lruudihns
395 1778 429 1820 ac
449 1755 609 1820 mendaciis
625 1758 740 1821 illorum
766 1758 861 1824 omitia
879 1767 947 1820 sunt
963 1760 1084 1820 relecta.
1129 1757 1245 1842 Aquam

88 1880 269 1946 magnopere
287 1869 470 1924 venerantur
490 1881 524 1924 ac
543 1859 750 1946 propemodum
766 1859 860 1924 instar
874 1858 1000 1922 numinis
1020 1858 1145 1938 babent,
1169 1859 1246 1944 qnod

87 1962 120 2026 ab
138 1983 175 2025 ea
194 1973 383 2047 propagatam
401 1981 468 2030 esse
486 1961 574 2026 vitam
593 1971 743 2026 asserunt.
790 1959 940 2028 Christum
958 1961 1152 2026 verbotenus
1175 1983 1245 2024 con·

87 2065 225 2142 btcutor,
250 2085 336 2148 quem
358 2074 521 2127 creaturum
540 2084 608 2128 csse
630 2073 749 2150 putant,
773 2075 804 2128 et
820 2063 976 2129 identidem
1001 2083 1160 2150 apparere.
1199 2063 1246 2130 Ac

88 2167 212 2252 primum
228 2165 335 2230 Adami
352 2185 457 2252 eorpus
476 2165 648 2246 fabricasse,
672 2186 858 2250 rursumque,
883 2188 948 2230 cum
965 2166 993 2229 ei
1010 2168 1104 2233 visum
1119 2177 1176 2246 est,
1200 2165 1245 2233 iu·

89 2271 192 2333 duere.
240 2265 276 2330 Ei
294 2264 415 2332 Christo
433 2288 539 2331 nomeu
554 2281 646 2332 esse:
671 2267 756 2332 huius
779 2287 911 2332 sororem
930 2269 1062 2356 spiritum
1088 2289 1155 2333 esse
1177 2289 1246 2330 san-

89 2383 184 2450 ctum,
217 2368 351 2432 muliebri
375 2367 513 2432 videlicet
537 2369 647 2455 specie.
700 2369 862 2456 Utrumque
887 2393 978 2448 vero,
1010 2382 1067 2433 tum
1093 2366 1244 2434 Christum
1300 2390 1303 2396 ·

89 2495 175 2557 quam
192 2471 327 2558 spiritum
343 2482 495 2550 sanctum,
520 2473 678 2558 nonaginta
695 2493 752 2538 sex
775 2473 929 2538 millarium
947 2473 1117 2550 altitudine,
1142 2469 1245 2556 viginti

89 2586 216 2660 quatuor
239 2573 393 2638 latitudine
421 2584 588 2656 constare.
616 2575 663 2638 Aa
689 2575 762 2640 baec
788 2575 957 2640 innumeras
983 2574 1055 2638 alias
1078 2594 1172 2660 nugas
1195 2574 1246 2637 ad-

90 2675 204 2741 iiciunt.
300 2663 302 2666 ⁵

174 2775 237 2842 Sed
254 2777 291 2842 de
307 2777 471 2843 istiusmodi
488 2779 623 2862 dogmate
640 2799 704 2842 cum
723 2777 752 2844 in
773 2779 837 2844 aliis
855 2778 1026 2843 haeresibus
1042 2777 1147 2842 crebro
1165 2799 1246 2843 meu·
1263 2788 1325 2858 cup.
1342 2789 1373 2840 u.

91 2881 199 2945 tionem
227 2879 401 2960 iniecerim,
435 2882 675 2966 quemadmodum
703 2883 910 2946 confutandum
941 2892 1023 2946 esset
1051 2881 1244 2946 ostendimus.

92 2981 157 3066 Quo
178 2981 275 3046 minus
294 2984 494 3048 necessarium
511 2982 677 3047 existimavi
694 2985 723 3048 in
743 3005 779 3048 cu
795 2984 954 3048 refellendo
971 3003 1149 3068 magnopere
1168 3004 1247 3046 com-

91 3083 219 3164 morari,
244 3106 310 3148 curn
325 3085 354 3149 id
372 3086 428 3150 iam
445 3086 473 3150 in
490 3086 730 3150 antecedentibus
749 3086 936 3164 haeresibus,
961 3096 1019 3149 tam
1036 3086 1179 3150 adversus
1195 3083 1247 3150 El-

92 3209 218 3266 xaeum,
249 3185 314 3252 sive
337 3186 443 3267 Elxai,
474 3209 558 3272 quam
586 3189 649 3254 eius
679 3190 824 3254 sectarios
852 3189 890 3252 sit
919 3188 1034 3254 abunde
1061 3187 1244 3274 praestitum.

94 3291 218 3353 Accedit
236 3288 382 3352 neminem
401 3311 467 3354 esse
488 3291 535 3376 qni
554 3313 612 3354 nou
633 3301 662 3354 et
678 3292 753 3356 bunc
776 3303 804 3354 et
821 3291 905 3356 huius
923 3289 1058 3354 haeresin
1082 3310 1099 3352 a
1120 3290 1247 3354 veritate

94 3393 247 3477 plurimum
265 3391 407 3456 aberrare
423 3405 595 3478 cognoscat.
642 3391 790 3478 Quocirca
813 3415 877 3458 cnm
900 3394 1025 3457 solarem
1051 3391 1128 3456 illam
1154 3391 1247 3455 lacer-

95 3507 148 3558 tam
166 3495 230 3582 spei
256 3493 285 3557 iu
306 3492 426 3562 Christo
446 3507 475 3560 et
499 3497 593 3560 crucis
611 3495 693 3581 virga
717 3497 965 3582 percusserimus,
990 3495 1024 3557 acl
1043 3503 1159 3558 ceteras
1182 3513 1246 3576 per·

93 3619 203 3682 gamus.
253 3595 308 3660 Est
322 3597 399 3662 euim
419 3599 525 3664 rationi
544 3610 772 3664 consentancum
792 3610 823 3662 nt
844 3621 900 3684 quo
918 3598 1036 3662 nonriue
1056 3597 1169 3679 scipsos
1187 3594 1246 3657 affi-

95 3699 189 3781 ciunt,
213 3699 291 3764 idem
316 3701 351 3764 ad
369 3701 435 3765 illos
452 3703 667 3766 adumhrandos
691 3713 777 3787 atque
794 3701 961 3764 ementitam
980 3700 1055 3763 illam
1077 3689 1246 3783 appellatio·

95 3823 159 3866 uem
183 3803 388 3868 declarandam
412 3805 612 3869 adhibeamus.
659 3801 812 3896 Sanrpsaei
836 3803 939 3891 quippe
963 3803 1039 3868 idem
1066 3823 1101 3864 ac
1124 3795 1247 3863 Solares

95 3905 269 3990 significant.
315 3903 401 3972 Unde
417 3919 448 3971 et
464 3908 541 3972 illins
558 3907 691 3974 animalis
706 3907 902 3972 meminimus.
946 3904 1024 3970 Nam
1044 3901 1186 3967 eiusmodi
1206 3901 1248 3964 la-

96 4020 199 4074 certam
216 4011 342 4075 solarem
360 4011 494 4076 homines
509 4021 688 4100 nnrrcupant.
720 4008 902 4095 Quamquam
922 4009 1008 4092 longe
1024 4005 1097 4070 hacc
1114 4003 1246 4069 haeresis

95 4111 201 4176 lacerta
225 4112 354 4178 deterior
372 4125 435 4192 est,
459 4135 533 4199 qnae
552 4136 589 4178 ne
614 4113 763 4178 minimum
784 4108 898 4196 quidem
917 4110 1034 4174 utilitati
1051 4129 1123 4172 suae
1141 4129 1247 4172 consu·

96 4213 142 4277 lit.
183 4215 225 4280 ht
240 4218 369 4296 lacerta,
393 4239 458 4282 cunr
480 4217 557 4281 oculi
575 4215 703 4301 caligare
722 4213 889 4299 coeperint,
913 4213 1062 4296 aliquanto
1080 4219 1181 4297 postea
1203 4209 1247 4275 ri-

133 4367 156 4420 o.
172 4369 262 4454 hepone
278 4368 375 4492 lpoirrc⁵
392 4365 435 4424 τόν
449 4387 478 4425 rs
491 4367 603 4438 Χριστὸν
616 4374 653 4422 cet
722 4368 781 4418 Car.
800 4368 831 4418 tt.
850 4395 880 4405 -
919 4367 940 4417 1.
959 4369 1024 4420 ΗΜ
1041 4365 1145 4434 occiput·
1260 4415 1262 4420 .

308 4457 331 4506 ρι
378 4457 397 4491 u.

101 4435 163 4506 ἔχειν
177 4453 218 4491 coi
235 4453 263 4492 re
332 4455 362 4492 στ
720 4437 745 4489 2.
763 4439 828 4488 utcu
845 4435 951 4504 cuipas.
