3148 4938
337 255 474 310 raanan
493 257 557 312 nte.
571 255 602 311 n.
618 259 700 312 nou.
716 261 748 312 n.
766 255 865 312 nanu.
881 257 988 312 uxvn.
1189 245 1251 314 563

89 378 129 443 illi
149 387 236 458 aaut,
260 387 361 464 utpote
381 377 455 442 labis
472 379 568 443 omnis
586 389 739 464 expertes.
785 375 853 442 Nisi
872 379 948 442 enim
971 379 1040 442 illud
1059 379 1253 460 obtinuerint,

90 492 199 545 tanturn
221 479 278 544 illis
303 479 408 544 malurn
427 479 561 546 dominus
588 480 785 560 consciverit,
819 481 904 544 ouius
923 501 1030 546 caussa
1053 482 1148 545 necati
1171 491 1251 547 sunt.

90 579 175 665 Quod
197 581 223 646 si
240 581 277 645 ob
295 581 420 645 cundem
440 581 520 666 prius
536 583 684 646 interfecti
704 595 773 647 sunt
797 604 882 666 quam
906 581 936 646 iu
963 593 1113 647 certamen
1130 584 1254 648 descen·

88 685 193 748 derent
211 705 246 748 ac
263 683 423 769 praemium
444 696 695 769 assequerentur,
727 705 913 769 consequens
937 694 982 748 est
1004 684 1081 748 illius
1097 685 1253 748 adventum

90 786 197 850 mundo
222 785 319 872 potius
335 785 543 850 detrimentum
564 786 718 866 attulisse,
744 786 1015 871 quoniamquidem
1040 807 1176 850 caussam
1195 785 1253 849 illis

91 887 259 972 praebuerit
280 909 334 950 our
356 899 385 951 et
409 888 563 952 immatura
588 899 683 952 rnorte
700 888 789 952 ritant
805 909 858 974 per
874 889 1015 974 supplicia
1031 889 1254 974 profunderent,

90 1000 121 1054 et
135 989 219 1074 regio
238 989 428 1054 nibilominus
445 988 603 1055 interdicto
628 1011 644 1053 a
663 991 824 1056 certamine
842 990 962 1076 perinde
983 1011 1018 1054 ao
1036 989 1167 1076 praemio
1189 1009 1257 1075 pro-

91 1090 172 1155 bibiti
196 1092 317 1155 luerint.

176 1190 237 1259 Sed
258 1203 290 1256 et
311 1193 367 1256 ulia
392 1205 547 1278 praeterea
576 1194 739 1259 videamus.
787 1191 916 1257 Prodeat
940 1195 976 1257 ad
994 1193 1151 1258 llieracam
1174 1191 1256 1255 illurn

90 1296 276 1360 refutandum
293 1293 396 1358 beatus
417 1317 451 1358 uc
467 1296 703 1380 sapientissimus
717 1296 767 1360 ille
781 1293 935 1360 Salomon.
968 1295 1051 1359 Ades
1072 1295 1173 1380 igitur,
1191 1313 1258 1380 pro-

90 1397 242 1482 phetarum
261 1397 450 1477 beatissime,
474 1399 522 1481 qui
546 1419 562 1460 a
581 1398 699 1462 domino
723 1411 830 1460 tantam
846 1403 942 1460 corta
961 1419 996 1459 ac
1017 1402 1173 1478 snpr'entr'ae
1188 1399 1254 1458 tan'-
1267 1407 1359 1503 upupp-

91 1503 214 1564 wodanem
231 1512 334 1562 nactus
351 1521 382 1561 es
398 1512 504 1580 quanta
519 1511 563 1562 est
577 1521 729 1562 arenarum
746 1506 775 1562 in
793 1505 881 1561 maris
898 1503 991 1574 litare,
1018 1499 1063 1562 dic
1080 1497 1165 1562 nobis
1181 1517 1257 1583 quus
1301 1491 1308 1513 '
1350 1485 1355 1496 ⁵

92 1613 142 1666 tua
160 1601 199 1664 sit
217 1601 253 1664 de
273 1601 374 1686 pneris
398 1601 516 1688 opinio,
551 1601 607 1666 llic
628 1601 734 1687 igitur,
760 1607 912 1676 Senecam,
939 1601 1049 1684 inquit,
1073 1603 1252 1675 venantius,
1268 1613 1322 1670 sep.
1336 1613 1390 1668 ea

91 1725 148 1766 nan
163 1708 316 1784 longaeua,
340 1725 393 1765 nec
407 1725 546 1766 annorum
563 1726 680 1766 numeru
699 1717 876 1786 computatu,·
909 1707 1028 1765 canities
1047 1723 1112 1763 vero
1131 1705 1259 1782 prodere·
1402 1747 1422 1778 ,

94 1810 135 1868 tia
150 1818 193 1868 est
209 1808 384 1881 homenebus,
418 1818 449 1869 et
463 1819 543 1869 aetas
560 1813 713 1869 senectutis
731 1813 789 1869 uita
805 1809 995 1868 immaculata.
1044 1807 1112 1865 Cam
1135 1807 1197 1866 scire
1213 1825 1259 1864 re·

89 1911 277 1990 predenerirne
292 1921 382 1983 esset,
407 1913 492 1970 adea
510 1913 630 1971 dilectus
645 1921 703 1984 est,
735 1923 763 1972 et
780 1913 874 1971 vr'uens
891 1913 967 1970 inter
985 1917 1150 1988 peccatores
1166 1915 1260 1966 mans-

94 2013 245 2084 laterent,
269 2022 369 2092 raptus
387 2023 445 2086 est,
470 2034 506 2074 ne
522 2016 634 2074 malitia
655 2024 780 2075 mutaret
795 2015 984 2084 intellectum,
1009 2019 1062 2070 aut
1083 2010 1166 2069 dolus
1184 2009 1260 2068 deci·

88 2125 173 2194 peret
187 2117 307 2175 antinum
325 2118 424 2194 r'ptm'us.
473 2119 634 2176 Faecr'reattir
652 2119 754 2196 quippe
775 2118 950 2194 nugacitatis
968 2113 1102 2173 obscurat
1120 2112 1208 2182 dona,
1234 2118 1263 2168 et

92 2219 283 2278 diremtaaa'a
300 2221 544 2296 concupiscentiae
560 2223 728 2280 transvertit
741 2229 857 2278 mentem
872 2220 934 2277 ariae
950 2217 1070 2275 malitia.
1105 2208 1146 2275 Ut
1161 2220 1259 2274 autem

94 2317 131 2380 de
149 2316 247 2402 pueris
268 2316 346 2400 ioqui
363 2316 443 2380 illurn
463 2331 621 2404 appareat,
647 2319 745 2384 statim
765 2317 880 2396 adiicit,
907 2321 1120 2378 Conmmmatas
1136 2317 1166 2374 in
1182 2313 1264 2374 breui

94 2421 233 2500 mona,-
259 2418 341 2502 quasi
358 2419 453 2498 dicat,
479 2430 611 2484 mortuns
630 2420 745 2485 iuvenis
761 2418 893 2504 implevit
909 2429 1041 2502 tempora
1058 2413 1160 2478 multa.
1196 2415 1262 2473 Pla·

93 2525 153 2582 er‘ta
168 2525 240 2583 enim
264 2532 329 2584 erat
345 2525 456 2584 domena
477 2529 571 2585 auriae
591 2527 688 2597 illiusp
715 2533 868 2602 propterea
887 2522 1036 2601 securavit
1059 2539 1120 2578 eum
1144 2518 1264 2577 educere

96 2626 132 2684 de
154 2625 243 2686 medio
266 2627 401 2686 melenae.
449 2622 529 2708 Quin
554 2634 584 2687 et
606 2625 681 2711 apud
700 2621 880 2688 Hieremiam
904 2621 1056 2699 dominus,
1086 2623 1258 2698 Antequam,
1269 2633 1334 2681 ruse.
1349 2635 1370 2688 t,
1383 2633 1403 2678 s,

97 2723 204 2807 inquit,
228 2730 258 2787 a'a
279 2738 361 2787 utero
373 2728 533 2808 formarem
558 2739 600 2801 te,
626 2731 695 2790 noui
710 2738 752 2801 te,
777 2736 806 2787 et
826 2736 975 2806 antequam
997 2727 1092 2784 encres
1113 2723 1149 2781 de
1166 2721 1260 2791 uulua,

96 2827 279 2907 menficaoi
297 2838 334 2888 te.

184 2926 244 2994 Sed
258 2929 294 2992 ed
312 2929 491 2994 salvatorem
508 2929 621 3016 ipsum,
647 2939 676 2992 et
694 2951 728 2992 os
744 2928 814 2992 illud
832 2947 942 3013 expers
958 2924 1101 2990 mendacii
1119 2921 1265 2986 omnium·
1295 2928 1355 2996 cop.
1369 2927 1400 2980 v.

97 3049 156 3114 qne
172 3050 271 3094 rernm
288 3031 457 3116 cognitione
477 3031 639 3118 praeditum
658 3031 823 3096 veniamus.
856 3029 947 3092 Adsis
964 3026 1065 3112 igitur,
1090 3021 1261 3088 odomine!

97 3142 129 3195 et
144 3132 357 3218 intelligentiae
378 3145 498 3198 nostrae
519 3153 604 3219 opem
628 3135 727 3197 terens
745 3131 903 3198 llieraoam
925 3130 1005 3193 illum
1030 3127 1152 3211 eiusque
1170 3136 1262 3188 terne·
1375 3211 1378 3216 Ι

96 3234 215 3298 ritatem
236 3255 339 3320 argue.
384 3242 594 3310 Accesserant,
621 3236 731 3320 iuquit,
755 3238 795 3296 ad
811 3237 890 3296 illum
905 3234 1036 3313 pueruli,
1061 3241 1209 3290 ulutantes
1227 3195 1362 3305 diiii

97 3339 136 3398 lia
153 3342 308 3418 rirrpnnmt
321 3359 357 3400 ao
374 3341 566 3401 denedrberet:
597 3341 733 3419 dr‘scrpnlr'
749 3359 815 3398 nero
830 3336 1005 3416 repellebant
1022 3335 1103 3404 allos,
1128 3341 1157 3391 et
1167 3331 1267 3410 prodi·

97 3441 219 3514 mount,-
249 3444 308 3521 r'pee
323 3463 388 3503 uero
404 3445 482 3503 deicit
494 3444 570 3516 illis,
597 3443 690 3502 Se‘rrite
700 3441 855 3520 paruulos,
880 3447 909 3498 et
926 3458 962 3498 ne
974 3435 1122 3516 prohibete
1138 3435 1205 3494 r'llor
1220 3453 1266 3491 ue·

95 3546 165 3604 rotie
179 3545 218 3602 ad
232 3563 291 3604 me:
324 3547 423 3605 tadum
445 3548 517 3605 enim
540 3555 585 3604 est
599 3563 719 3621 regnum
743 3543 895 3602 coelorum.
944 3535 1005 3601 Sed
1024 3556 1061 3598 ne
1078 3534 1267 3622 puerulorum

96 3645 321 3724 tantummodo,
346 3665 380 3707 au
398 3666 456 3709 non
481 3645 612 3729 reliquae
630 3641 753 3722 aetatis,
784 3639 915 3704 coeleste
934 3657 1056 3722 reguum
1073 3654 1141 3699 esse
1164 3632 1268 3696 crede·

94 3765 220 3823 remus,
245 3744 288 3808 sic
313 3747 349 3809 ab
370 3745 428 3810 illis
445 3767 572 3810 exorsus
595 3755 643 3809 est
667 3755 698 3807 ut
719 3761 902 3807 communem
927 3760 992 3802 cum
1017 3736 1054 3800 iis
1074 3734 1267 3798 hereditatem

93 3847 218 3910 illorum
235 3845 380 3911 similibus
404 3845 558 3912 tribueret.
606 3845 667 3912 lam
687 3867 761 3910 vero
784 3844 809 3909 si
834 3841 880 3906 bis
903 3839 975 3928 ipsis
999 3839 1047 3923 qui
1073 3835 1208 3922 proxime
1231 3831 1267 3895 ad

92 3949 169 4014 illos
188 3948 370 4014 accesserint
390 3949 524 4014 coeleste
543 3969 666 4034 regnum
687 3945 884 4032 promittitur,
910 3951 1019 4026 quanto
1042 3939 1071 4003 id
1095 3938 1149 4023 ipsi
1174 3933 1269 4018 magis

93 4060 299 4135 assequentur
314 4070 436 4135 quorum
457 4051 494 4115 ad
512 4051 664 4137 exemplar
683 4071 717 4112 nc
733 4047 925 4131 archetypum
951 4039 1088 4127 expressi
1112 4048 1180 4103 sunt
1200 4035 1269 4100 aiiii

91 4153 189 4220 Adeo
209 4153 306 4217 nullus
323 4151 409 4217 istius
428 4153 545 4217 tabulae
567 4153 650 4216 locus
675 4161 721 4214 est
745 4147 879 4211 relictus.
925 4140 1064 4208 Omnium
1085 4139 1191 4224 quippe
1214 4136 1269 4198 mi-

91 4266 220 4323 seretur
235 4253 387 4318 dominuse
413 4258 579 4316 Custodrens
594 4257 667 4314 enirn
681 4253 818 4334 parumne
836 4251 975 4308 domninus.
1022 4241 1114 4306 ltem:
1139 4243 1268 4302 Laudato
1281 4227 1406 4334 {stiffi

85 4363 188 4442 pnere‘
202 4361 354 4418 dominam.
401 4353 517 4419 Deinde
535 4352 735 4440 praedicatum
751 4350 821 4414 illud
844 4347 977 4430 npueris
1000 4353 1064 4424 est,
1098 4347 1216 4404 Ozoana
1239 4343 1423 4415 obmanens.
1492 4353 1497 4364 ·

87 4482 157 4543 ssiat
182 4469 275 4530 edente
309 4476 459 4537 &civim
481 4476 604 4526 annalem
624 4475 665 4523 rr.
683 4472 790 4522 &minat
807 4481 836 4519 ea
852 4467 939 4530 rntpu
956 4464 1108 4614 ltbrpssnqscto
1124 4475 1177 4524 que.
