3148 4938
370 225 507 278 rausum
526 227 590 278 ure.
601 228 634 278 ιι.
652 227 735 280 ron.
750 229 782 280 ιι.
799 200 901 282 nnus.
916 229 1015 282 cxlx.
1212 218 1274 284 593

124 343 169 408 sit.
210 341 286 406 Nam
307 339 476 410 Secundum
489 343 747 432 Pentapolituuum
767 349 935 433 episcopum
955 369 1021 412 cunr
1038 349 1103 414 aliis
1125 349 1274 414 nonnullis

19 490 25 530 ι,
123 445 152 508 in
174 456 268 530 portes
289 467 359 510 suus
378 446 535 532 pertraxit.
583 445 668 531 Quae
688 450 785 514 otuuia
809 451 883 514 clem
908 451 996 516 heato
1012 452 1187 516 Alexandro
1213 451 1275 538 epi-

19 597 24 630 ,
122 567 204 632 scopo
222 547 251 610 in
269 547 396 612 ecelesia
409 551 606 632 gerebantur:
630 552 724 615 donec
737 549 879 616 Meletius
897 551 1059 618 Thebaidis
1082 553 1111 617 iu
1134 552 1274 639 Aegypto

122 649 369 734 archiepiscopus,
394 660 529 736 utsupra
547 652 622 734 dixi,
646 655 785 736 (necdum
803 655 881 720 enim
897 653 1059 720 Meletiauu
1077 657 1165 720 lectio
1176 657 1207 720 iu
1223 657 1275 720 ho·

19 805 23 838 ι
122 751 198 814 stilos
215 761 244 814 et
260 751 460 837 implacabiles
476 753 646 821 inimicitias
663 762 835 842 eruperat),
866 757 913 821 hic
928 757 1021 843 igitur
1034 759 1142 822 ardore
1157 757 1275 843 pietatis

121 853 327 933 inflammatus,
360 877 425 918 enan
451 855 523 919 nihil
549 878 565 921 a
592 870 673 922 rectu
697 859 752 922 lide
770 859 896 924 alienum
922 871 952 923 et
967 860 1132 924 abhorrens
1147 869 1274 938 teneret,

20 1015 24 1048 ι
122 956 170 1020 sed
192 956 252 1020 sola
269 957 423 1022 adeotatae
444 959 593 1024 cuiusdam
612 960 740 1025 iustitine
756 961 857 1045 spccio
873 961 1023 1040 dillerret,
1054 981 1108 1047 par
1124 981 1209 1044 pram
1232 959 1277 1023 ni·

122 1057 287 1137 nilominus,
322 1070 354 1122 nt
376 1071 462 1124 nutes
486 1083 550 1125 cum
576 1062 721 1126 adversus
744 1083 811 1127 curn
838 1064 1052 1148 disputaremus
1080 1061 1275 1140 ostendimus,

20 1223 21 1226 ,
123 1181 251 1244 magnum
274 1161 338 1225 crhi
355 1171 501 1226 terrarum
526 1163 651 1228 exitium
667 1163 776 1228 attulit.
821 1163 898 1228 Tum
917 1185 990 1229 reru
1008 1165 1034 1229 is
1051 1165 1114 1250 ipse
1133 1161 1276 1228 Moletius

121 1263 355 1350 archiepiscopus
370 1264 398 1327 in
418 1263 576 1350 Aegypto,
601 1277 631 1328 et
644 1265 818 1330 Alexandro
836 1265 1004 1343 subiectos,
1029 1287 1090 1330 rem
1107 1287 1223 1330 omnem
1238 1266 1275 1330 ad

20 1431 21 1440 ,
120 1365 281 1432 Alexandri
298 1365 511 1452 archiepiscopi
526 1389 615 1432 aures
633 1368 748 1432 detulit.
789 1363 851 1430 lam
868 1378 964 1432 sutem
980 1367 1110 1433 diximus
1121 1363 1275 1432 Melctiuru

20 1537 21 1562 ἶ
121 1469 202 1532 istum
218 1467 248 1532 h.
270 1466 351 1532 Petri
368 1469 500 1554 episcopi
518 1481 548 1532 et
570 1469 711 1554 martyris
729 1470 880 1553 aequalem
900 1470 1003 1534 luisse.
1050 1468 1109 1553 Qui
1124 1491 1189 1534 cum
1209 1469 1275 1534 Arii

19 1639 22 1648 ,
121 1570 247 1636 lacincru
272 1569 370 1634 omnia
396 1569 609 1654 significasset,
635 1571 772 1636 nimirum
796 1583 827 1636 et
843 1593 861 1636 u
876 1571 1001 1636 veritate
1024 1572 1103 1636 illum
1121 1572 1274 1648 aberrare,

120 1693 154 1738 sc
171 1672 324 1757 plerosque
343 1672 380 1736 ah
396 1684 476 1737 rectu
499 1673 554 1737 lide
574 1695 626 1738 sua
648 1672 841 1760 persuasione
860 1675 1037 1760 depravatos
1060 1685 1089 1738 et
1108 1675 1276 1759 inquinatus

19 1769 20 1774 ’
120 1775 149 1839 iu
171 1775 290 1840 exitium
316 1775 452 1854 trahere,
485 1774 659 1840 Alexander
680 1776 783 1840 Arium
814 1776 849 1840 ad
876 1795 945 1840 sose
974 1797 1086 1840 vocans
1109 1775 1214 1860 ecquid
1236 1776 1276 1838 its

119 1897 185 1942 sese
202 1897 250 1940 res
268 1876 391 1941 haberet
406 1877 581 1961 interrogat.
615 1877 694 1941 Tum
711 1878 759 1942 ille
770 1877 842 1942 nihil
860 1877 1074 1962 tergiversatus
1088 1889 1139 1942 unt
1155 1888 1276 1944 cuncta·

19 2055 20 2066 χ
119 1990 177 2057 tus,
200 1979 297 2043 stetim
317 1981 442 2043 lrctrtem
461 1980 637 2062 perfricans,
655 2001 775 2066 pravum
793 1999 909 2044 omnem
925 2002 1007 2045 suum
1025 1980 1194 2065 opinionem
1205 1991 1277 2044 eso·

19 2077 20 2088 ’
118 2081 200 2160 mult,
217 2091 247 2146 ut
260 2102 300 2145 ex
315 2081 408 2166 ipsius
423 2081 556 2166 epistolis
572 2091 601 2144 et
615 2082 689 2146 actis
705 2081 784 2146 illius
800 2081 1000 2166 inquisitionis
1015 2093 1142 2146 conssul.
1168 2081 1278 2165 Quam·
1379 2129 1381 2134 ,

116 2183 217 2248 ohram
234 2183 409 2248 Alexander
426 2182 525 2247 habito
549 2183 788 2270 presbyterorum
808 2205 843 2249 uc
860 2185 1050 2270 quorumdam
1070 2185 1275 2270 episcoporum

117 2285 169 2370 qni
185 2287 311 2350 aderunt
332 2297 481 2350 conventu
500 2286 536 2350 de
555 2307 591 2349 ec
611 2286 812 2371 quaestionem
832 2287 920 2352 habet
935 2307 969 2350 ac
988 2286 1145 2370 diligenter
1164 2283 1278 2350 exami-

118 2397 185 2452 nat.
211 2385 312 2452 ,Tum
332 2387 451 2451 ceritati
468 2388 574 2452 cedere
592 2389 805 2453 detrectantem
821 2389 901 2454 elicit
924 2410 964 2452 ex
987 2387 1131 2466 eeclesia,
1159 2407 1196 2450 ae
1217 2396 1280 2450 tota

115 2489 236 2554 sinitote
256 2489 429 2575 proscribit3
461 2511 526 2554 cum
544 2513 602 2576 qun
619 2500 649 2554 et
665 2491 797 2574 virgines
820 2491 886 2554 illue
900 2512 936 2555 ac
954 2489 1072 2569 elerici,
1095 2508 1170 2574 quus
1192 2499 1280 2554 nutoa

115 2592 366 2668 commemoravi,
401 2613 465 2656 cunr
496 2592 607 2676 reliquo
637 2592 822 2657 multitudine
849 2593 925 2657 haud
953 2593 1063 2676 exigua
1093 2591 1129 2656 ab
1152 2589 1279 2656 ecelesia

114 2695 250 2760 distructi
273 2706 354 2759 sunt.

201 2795 280 2861 llius
297 2795 373 2862 Ario
393 2795 558 2881 longiorem
580 2797 611 2860 in
633 2798 706 2862 urbe
723 2817 834 2862 urorum
858 2797 992 2862 trahente
1013 2797 1138 2860 moritur
1158 2796 1274 2860 coules·
1292 2797 1355 2868 cap.
1374 2795 1417 2851 tv.

112 2921 169 2966 sor
187 2897 330 2964 Molotius
346 2910 377 2964 et
390 2910 515 2984 martyr.
559 2897 681 2964 luserim
704 2899 801 2963 Arius
813 2899 969 2964 divortium
990 2919 1026 2962 ac
1043 2897 1195 2962 dissidium
1217 2897 1281 2961 uli·

113 3024 176 3088 quc
196 3001 321 3080 leniens,
345 3013 376 3066 et
392 3001 421 3066 io
440 3001 670 3087 uniuscuiusque
685 3001 800 3066 animus
815 3001 919 3066 callide
938 3021 1006 3066 seso
1023 3001 1189 3078 insinuans,
1208 2999 1282 3063 mul-

114 3115 166 3171 tos
194 3104 330 3192 perdidit.
378 3101 438 3169 Sed
462 3104 511 3168 uhi
535 3105 756 3190 deprehensus,
788 3115 818 3168 ct
842 3106 872 3168 iu
895 3103 968 3169 urhe
992 3104 1164 3180 convictus,
1193 3112 1282 3186 atque

114 3209 250 3272 omnium
268 3206 428 3294 praeconio
443 3207 594 3273 traductus
611 3218 673 3286 est,
697 3207 882 3272 Alexandria
903 3207 1019 3291 lugiens
1035 3207 1066 3268 iu
1081 3201 1282 3268 Palaestinam

112 3309 204 3376 abiit.
252 3307 296 3375 lbi
315 3309 449 3394 singulos
467 3309 623 3395 episcopos
647 3310 746 3390 adire,
779 3331 813 3374 ne
830 3329 989 3394 prensare,
1019 3306 1193 3391 adulacione
1214 3323 1283 3369 coo-

112 3414 180 3501 pit,
206 3435 263 3498 quc
284 3413 382 3498 plures
403 3411 458 3476 sihi
475 3413 690 3496 sundragalores
708 3412 893 3494 adiungeret.
940 3409 992 3474 Ex
1009 3409 1056 3474 his
1071 3409 1185 3494 quidam
1203 3408 1283 3472 illum

110 3525 316 3601 receperunt,
342 3514 390 3580 slii
405 3535 478 3580 uero
495 3510 678 3600 repulerunt.
724 3511 808 3596 Quae
824 3534 896 3576 mox
914 3523 946 3576 ut
962 3511 998 3576 ad
1016 3531 1106 3576 aures
1117 3507 1284 3575 Alexandri

112 3618 254 3704 episcopi
268 3617 380 3703 perlata
396 3627 483 3696 suist,
507 3617 675 3703 orrcyclicas
696 3617 732 3680 cd
749 3615 881 3700 singulos
899 3612 1054 3699 episcopos
1072 3612 1175 3677 literas
1192 3609 1282 3686 dedit,

111 3741 200 3807 qnae
218 3721 362 3806 hodieque
376 3719 574 3786 studiosorum
597 3720 627 3784 iu
643 3719 776 3784 manibus
792 3727 967 3795 versantur,
1001 3735 1123 3779 nurnero
1148 3715 1211 3778 lere
1237 3731 1285 3774 se·

111 3821 289 3911 ptuuginta.
337 3821 464 3908 Scripsit
486 3823 564 3888 inter
585 3821 660 3888 elios
679 3821 714 3886 sd
730 3819 892 3886 Eusebium
912 3815 1081 3884 Caesareae
1103 3815 1285 3901 episcopum,

112 3926 172 4011 qui
193 3926 289 3990 udhnc
306 3935 478 4010 supererat,
511 3935 541 3990 et
557 3926 595 3990 ad
611 3921 777 3990 Macarium
795 3919 1090 4008 Hierosolymorum,
1114 3917 1285 4000 Asclepium

112 4027 245 4108 Gazae,
258 4025 427 4112 Longinum
437 4026 607 4106 Ascalcuis,
627 4025 793 4090 Macrinum
811 4022 941 4088 launico
953 4022 1134 4108 episcopum,
1154 4030 1184 4082 ct
1198 4018 1285 4096 ulios,

108 4133 195 4196 item
221 4129 252 4193 iu
276 4127 465 4194 Phoenicium
494 4129 529 4193 ad
553 4127 706 4194 Zenonem
732 4127 875 4212 qrreudom
903 4124 1054 4209 antiquom
1072 4121 1149 4208 ’l'pri
1173 4121 1288 4206 episcc-

110 4256 213 4322 pum,
239 4241 269 4298 et
283 4233 374 4310 alios3
406 4231 525 4316 scripsit
543 4242 573 4295 ct
589 4231 618 4296 in
637 4227 750 4296 Coelen
771 4227 902 4316 Syrium.
949 4223 1054 4290 Missis
1074 4223 1119 4288 his
1141 4221 1286 4308 epistulis,

156 4351 223 4404 Car.
238 4353 280 4402 Ν.
299 4377 332 4390 -
361 4351 382 4402 1.
400 4349 429 4411 ἐς
444 4345 547 4416 ὕστερον
564 4352 614 4404 cod.
632 4351 692 4402 me-
762 4349 784 4399 Ἰ.
804 4343 971 4412 ἅλοξαιδρέας
988 4345 1056 4396 codd.
1074 4358 1129 4396 mss.

107 4425 170 4486 etp.
220 4417 354 4484 ἐσύστερον
381 4422 432 4472 eod.
458 4422 504 4471 len.
551 4415 694 4484 elodosepoo
762 4417 785 4469 3.
805 4419 917 4478 Sumteor
932 4407 1011 4483 αὐτῷ.

107 4493 189 4543 mut
763 4486 787 4537 l.
805 4479 942 4552 Εὐοιβοίῳ
959 4485 1013 4532 libri
1027 4485 1124 4545 scripti,
1141 4487 1166 4532 ut
1183 4483 1261 4532 sotem.

175 4553 271 4616 cnrpas
285 4552 422 4601 Hacrcsool.
436 4552 498 4599 tta
1046 4554 1087 4618 38
