<?xml version="1.0" encoding="UTF-8"?>
<!DOCTYPE html PUBLIC "-//W3C//DTD XHTML 1.0 Transitional//EN"
    "http://www.w3.org/TR/xhtml1/DTD/xhtml1-transitional.dtd">
<html xmlns="http://www.w3.org/1999/xhtml" xml:lang="en" lang="en">
 <head>
  <title>
</title>
<meta http-equiv="Content-Type" content="text/html;charset=utf-8" />
  <meta name='ocr-system' content='tesseract 3.04.00' />
  <meta name='ocr-capabilities' content='ocr_page ocr_carea ocr_par ocr_line ocrx_word'/>
</head>
<body>
  <div class='ocr_page' id='page_1' title='image "./corporishaerese02oehlgoog_0334.png"; bbox 0 0 3176 4930; ppageno 0'>
   <div class='ocr_carea' id='block_1_1' title="bbox 372 221 1348 292">
    <p class='ocr_par' dir='ltr' id='par_1_1' title="bbox 372 221 1348 292">
     <span class='ocr_line' id='line_1_1' title="bbox 372 221 1348 292; baseline -0.008 -2"><span class='ocrx_word' id='word_1_1' title='bbox 372 237 508 290; x_wconf 76' lang='lat' dir='ltr'>usurum</span> <span class='ocrx_word' id='word_1_2' title='bbox 525 237 590 290; x_wconf 82' lang='lat' dir='ltr'>ure.</span> <span class='ocrx_word' id='word_1_3' title='bbox 604 239 636 290; x_wconf 87' lang='lat' dir='ltr'>u.</span> <span class='ocrx_word' id='word_1_4' title='bbox 650 237 733 290; x_wconf 83' lang='lat' dir='ltr'>rou.</span> <span class='ocrx_word' id='word_1_5' title='bbox 745 239 765 292; x_wconf 91' lang='lat'>1.</span> <span class='ocrx_word' id='word_1_6' title='bbox 783 235 883 288; x_wconf 78' lang='lat' dir='ltr'>usne.</span> <span class='ocrx_word' id='word_1_7' title='bbox 898 236 990 288; x_wconf 79' lang='lat' dir='ltr'>cxiv.</span> <span class='ocrx_word' id='word_1_8' title='bbox 1198 221 1259 286; x_wconf 81' lang='lat'>313</span> <span class='ocrx_word' id='word_1_9' title='bbox 1345 273 1348 282; x_wconf 80' lang='grc'>,</span> 
     </span>
    </p>
   </div>
   <div class='ocr_carea' id='block_1_2' title="bbox 103 354 1262 546">
    <p class='ocr_par' dir='ltr' id='par_1_2' title="bbox 103 354 1262 546">
     <span class='ocr_line' id='line_1_2' title="bbox 104 354 1262 444; baseline -0.008 -20"><span class='ocrx_word' id='word_1_10' title='bbox 104 357 208 424; x_wconf 89' lang='lat' dir='ltr'>dicare</span> <span class='ocrx_word' id='word_1_11' title='bbox 224 359 391 424; x_wconf 75' lang='lat' dir='ltr'>rideantur.</span> <span class='ocrx_word' id='word_1_12' title='bbox 428 357 540 444; x_wconf 79' lang='lat' dir='ltr'>Aspice</span> <span class='ocrx_word' id='word_1_13' title='bbox 553 357 680 436; x_wconf 87' lang='lat' dir='ltr'>semina,</span> <span class='ocrx_word' id='word_1_14' title='bbox 705 377 779 442; x_wconf 90' lang='lat' dir='ltr'>quae</span> <span class='ocrx_word' id='word_1_15' title='bbox 795 357 872 422; x_wconf 90' lang='lat' dir='ltr'>nuda</span> <span class='ocrx_word' id='word_1_16' title='bbox 887 377 924 422; x_wconf 87' lang='lat' dir='ltr'>ac</span> <span class='ocrx_word' id='word_1_17' title='bbox 939 375 1028 420; x_wconf 89' lang='lat' dir='ltr'>carne</span> <span class='ocrx_word' id='word_1_18' title='bbox 1046 354 1185 420; x_wconf 83' lang='lat' dir='ltr'>destituta</span> <span class='ocrx_word' id='word_1_19' title='bbox 1203 365 1262 417; x_wconf 92' lang='lat' dir='ltr'>ter-</span> 
     </span>
     <span class='ocr_line' id='line_1_3' title="bbox 103 454 1261 546; baseline -0.007 -20"><span class='ocrx_word' id='word_1_20' title='bbox 103 483 157 526; x_wconf 88' lang='lat' dir='ltr'>rae</span> <span class='ocrx_word' id='word_1_21' title='bbox 176 462 362 541; x_wconf 85' lang='lat' dir='ltr'>mandantur,</span> <span class='ocrx_word' id='word_1_22' title='bbox 386 461 492 526; x_wconf 89' lang='lat' dir='ltr'>debinc</span> <span class='ocrx_word' id='word_1_23' title='bbox 510 461 639 546; x_wconf 84' lang='lat' dir='ltr'>perlecto</span> <span class='ocrx_word' id='word_1_24' title='bbox 653 471 910 544; x_wconf 85' lang='lat' dir='ltr'>consummataque</span> <span class='ocrx_word' id='word_1_25' title='bbox 926 459 1096 524; x_wconf 86' lang='lat' dir='ltr'>redduntur.</span> <span class='ocrx_word' id='word_1_26' title='bbox 1141 454 1219 522; x_wconf 86' lang='lat' dir='ltr'>Nam</span> <span class='ocrx_word' id='word_1_27' title='bbox 1235 456 1261 522; x_wconf 88' lang='lat' dir='ltr'>si</span> 
     </span>
    </p>
   </div>
   <div class='ocr_carea' id='block_1_3' title="bbox 94 560 1414 4040">
    <p class='ocr_par' dir='ltr' id='par_1_3' title="bbox 94 560 1414 4040">
     <span class='ocr_line' id='line_1_4' title="bbox 103 560 1262 650; baseline -0.002 -24"><span class='ocrx_word' id='word_1_28' title='bbox 103 573 293 628; x_wconf 72' lang='lat' dir='ltr'>morerentur</span> <span class='ocrx_word' id='word_1_29' title='bbox 311 565 427 650; x_wconf 91' lang='lat' dir='ltr'>quidem</span> <span class='ocrx_word' id='word_1_30' title='bbox 443 585 478 628; x_wconf 89' lang='lat' dir='ltr'>ec</span> <span class='ocrx_word' id='word_1_31' title='bbox 500 573 705 648; x_wconf 75' lang='lat' dir='ltr'>putrescerent</span> <span class='ocrx_word' id='word_1_32' title='bbox 717 563 847 642; x_wconf 88' lang='lat' dir='ltr'>semina,</span> <span class='ocrx_word' id='word_1_33' title='bbox 871 582 908 626; x_wconf 93' lang='lat' dir='ltr'>ue</span> <span class='ocrx_word' id='word_1_34' title='bbox 925 582 964 626; x_wconf 89' lang='lat' dir='ltr'>ex</span> <span class='ocrx_word' id='word_1_35' title='bbox 981 560 1026 624; x_wconf 80' lang='lat' dir='ltr'>luis</span> <span class='ocrx_word' id='word_1_36' title='bbox 1043 560 1196 646; x_wconf 87' lang='lat' dir='ltr'>quicquam</span> <span class='ocrx_word' id='word_1_37' title='bbox 1213 579 1262 624; x_wconf 89' lang='lat' dir='ltr'>re·</span> 
     </span>
     <span class='ocr_line' id='line_1_5' title="bbox 102 664 1261 751; baseline -0.002 -23"><span class='ocrx_word' id='word_1_38' title='bbox 102 665 264 730; x_wconf 77' lang='lat' dir='ltr'>vivisceret</span> <span class='ocrx_word' id='word_1_39' title='bbox 282 688 318 732; x_wconf 89' lang='lat' dir='ltr'>ac</span> <span class='ocrx_word' id='word_1_40' title='bbox 337 667 492 751; x_wconf 82' lang='lat' dir='ltr'>pullularet</span> <span class='ocrx_word' id='word_1_41' title='bbox 508 665 603 745; x_wconf 89' lang='lat' dir='ltr'>aliud,</span> <span class='ocrx_word' id='word_1_42' title='bbox 628 685 703 750; x_wconf 89' lang='lat' dir='ltr'>qnae</span> <span class='ocrx_word' id='word_1_43' title='bbox 718 686 785 729; x_wconf 89' lang='lat' dir='ltr'>sors</span> <span class='ocrx_word' id='word_1_44' title='bbox 802 674 883 731; x_wconf 88' lang='lat' dir='ltr'>esset</span> <span class='ocrx_word' id='word_1_45' title='bbox 898 664 955 727; x_wconf 89' lang='lat' dir='ltr'>alia</span> <span class='ocrx_word' id='word_1_46' title='bbox 973 684 1071 728; x_wconf 88' lang='lat' dir='ltr'>rerum</span> <span class='ocrx_word' id='word_1_47' title='bbox 1087 673 1174 748; x_wconf 90' lang='lat' dir='ltr'>atque</span> <span class='ocrx_word' id='word_1_48' title='bbox 1190 683 1261 726; x_wconf 93' lang='lat' dir='ltr'>con·</span> 
     </span>
     <span class='ocr_line' id='line_1_6' title="bbox 103 766 1364 866; baseline 0 -36"><span class='ocrx_word' id='word_1_49' title='bbox 103 767 176 832; x_wconf 91' lang='lat' dir='ltr'>ditio</span> <span class='ocrx_word' id='word_1_50' title='bbox 199 789 284 852; x_wconf 91' lang='lat' dir='ltr'>quem</span> <span class='ocrx_word' id='word_1_51' title='bbox 307 779 338 833; x_wconf 93' lang='lat' dir='ltr'>ut</span> <span class='ocrx_word' id='word_1_52' title='bbox 361 769 458 834; x_wconf 90' lang='lat' dir='ltr'>omnia</span> <span class='ocrx_word' id='word_1_53' title='bbox 482 778 575 832; x_wconf 87' lang='lat' dir='ltr'>morte</span> <span class='ocrx_word' id='word_1_54' title='bbox 597 779 768 854; x_wconf 89' lang='lat' dir='ltr'>cousumpta</span> <span class='ocrx_word' id='word_1_55' title='bbox 792 768 906 853; x_wconf 89' lang='lat' dir='ltr'>penitus</span> <span class='ocrx_word' id='word_1_56' title='bbox 929 766 1119 830; x_wconf 76' lang='lat' dir='ltr'>occiderent</span> <span class='ocrx_word' id='word_1_57' title='bbox 1302 799 1364 866; x_wconf 69' lang='lat' dir='ltr'>c„</span> 
     </span>
     <span class='ocr_line' id='line_1_7' title="bbox 191 868 1414 987; baseline -0.003 -51"><span class='ocrx_word' id='word_1_58' title='bbox 191 868 251 936; x_wconf 92' lang='lat' dir='ltr'>Sed</span> <span class='ocrx_word' id='word_1_59' title='bbox 269 871 304 935; x_wconf 88' lang='lat' dir='ltr'>dc</span> <span class='ocrx_word' id='word_1_60' title='bbox 322 872 367 936; x_wconf 83' lang='lat' dir='ltr'>luis</span> <span class='ocrx_word' id='word_1_61' title='bbox 385 871 516 957; x_wconf 90' lang='lat' dir='ltr'>pluribus</span> <span class='ocrx_word' id='word_1_62' title='bbox 530 871 692 956; x_wconf 90' lang='lat' dir='ltr'>disputare,</span> <span class='ocrx_word' id='word_1_63' title='bbox 716 870 823 955; x_wconf 91' lang='lat' dir='ltr'>optime</span> <span class='ocrx_word' id='word_1_64' title='bbox 837 869 1014 956; x_wconf 84' lang='lat' dir='ltr'>Theophilc‚</span> <span class='ocrx_word' id='word_1_65' title='bbox 1041 889 1151 953; x_wconf 86' lang='lat' dir='ltr'>vosque</span> <span class='ocrx_word' id='word_1_66' title='bbox 1168 868 1260 933; x_wconf 92' lang='lat' dir='ltr'>ceteri</span> <span class='ocrx_word' id='word_1_67' title='bbox 1275 869 1414 987; x_wconf 45' lang='lat' dir='ltr'>(iffi-u,</span> 
     </span>
     <span class='ocr_line' id='line_1_8' title="bbox 101 961 1405 1058; baseline -0.002 -20"><span class='ocrx_word' id='word_1_68' title='bbox 101 993 274 1038; x_wconf 80' lang='lat' dir='ltr'>sermonum</span> <span class='ocrx_word' id='word_1_69' title='bbox 291 985 460 1040; x_wconf 89' lang='lat' dir='ltr'>nostrorum</span> <span class='ocrx_word' id='word_1_70' title='bbox 476 973 597 1053; x_wconf 80' lang='lat' dir='ltr'>arbitri,</span> <span class='ocrx_word' id='word_1_71' title='bbox 626 974 656 1037; x_wconf 91' lang='lat' dir='ltr'>io</span> <span class='ocrx_word' id='word_1_72' title='bbox 679 972 844 1058; x_wconf 74' lang='lat' dir='ltr'>proesentis</span> <span class='ocrx_word' id='word_1_73' title='bbox 861 971 1129 1058; x_wconf 80' lang='lat' dir='ltr'>supersedebimus.</span> <span class='ocrx_word' id='word_1_74' title='bbox 1176 968 1261 1054; x_wconf 83' lang='lat' dir='ltr'>Quae</span> <span class='ocrx_word' id='word_1_75' title='bbox 1398 961 1405 978; x_wconf 80' lang='grc'><strong><em>’</em></strong></span> 
     </span>
     <span class='ocr_line' id='line_1_9' title="bbox 101 1074 1262 1161; baseline 0 -23"><span class='ocrx_word' id='word_1_76' title='bbox 101 1095 178 1140; x_wconf 83' lang='lat' dir='ltr'>vero</span> <span class='ocrx_word' id='word_1_77' title='bbox 193 1076 230 1139; x_wconf 90' lang='lat' dir='ltr'>iis</span> <span class='ocrx_word' id='word_1_78' title='bbox 247 1089 447 1142; x_wconf 88' lang='lat' dir='ltr'>consentanea</span> <span class='ocrx_word' id='word_1_79' title='bbox 463 1098 498 1140; x_wconf 86' lang='lat' dir='ltr'>ac</span> <span class='ocrx_word' id='word_1_80' title='bbox 514 1074 726 1160; x_wconf 87' lang='lat' dir='ltr'>consequentia</span> <span class='ocrx_word' id='word_1_81' title='bbox 748 1085 834 1155; x_wconf 90' lang='lat' dir='ltr'>sunt,</span> <span class='ocrx_word' id='word_1_82' title='bbox 858 1075 1002 1160; x_wconf 88' lang='lat' dir='ltr'>quomodo</span> <span class='ocrx_word' id='word_1_83' title='bbox 1024 1074 1138 1138; x_wconf 91' lang='lat' dir='ltr'>scilicet</span> <span class='ocrx_word' id='word_1_84' title='bbox 1159 1075 1262 1161; x_wconf 90' lang='lat' dir='ltr'>procul</span> 
     </span>
     <span class='ocr_line' id='line_1_10' title="bbox 101 1176 1262 1266; baseline 0 -24"><span class='ocrx_word' id='word_1_85' title='bbox 101 1179 139 1244; x_wconf 90' lang='lat' dir='ltr'>ab</span> <span class='ocrx_word' id='word_1_86' title='bbox 156 1199 247 1264; x_wconf 89' lang='lat' dir='ltr'>scopo</span> <span class='ocrx_word' id='word_1_87' title='bbox 265 1179 429 1258; x_wconf 87' lang='lat' dir='ltr'>aberrarit,</span> <span class='ocrx_word' id='word_1_88' title='bbox 453 1179 594 1266; x_wconf 76' lang='lat' dir='ltr'>deinceps</span> <span class='ocrx_word' id='word_1_89' title='bbox 612 1178 775 1242; x_wconf 88' lang='lat' dir='ltr'>videamus.</span> <span class='ocrx_word' id='word_1_90' title='bbox 821 1176 938 1242; x_wconf 85' lang='lat' dir='ltr'>Etenim</span> <span class='ocrx_word' id='word_1_91' title='bbox 961 1177 1010 1242; x_wconf 90' lang='lat' dir='ltr'>ille</span> <span class='ocrx_word' id='word_1_92' title='bbox 1028 1179 1065 1240; x_wconf 91' lang='lat' dir='ltr'>de</span> <span class='ocrx_word' id='word_1_93' title='bbox 1081 1176 1185 1241; x_wconf 84' lang='lat' dir='ltr'>uuimis</span> <span class='ocrx_word' id='word_1_94' title='bbox 1202 1177 1262 1242; x_wconf 90' lang='lat' dir='ltr'>dis·</span> 
     </span>
     <span class='ocr_line' id='line_1_11' title="bbox 100 1278 1262 1365; baseline 0 -21"><span class='ocrx_word' id='word_1_95' title='bbox 100 1302 209 1346; x_wconf 89' lang='lat' dir='ltr'>sereos</span> <span class='ocrx_word' id='word_1_96' title='bbox 233 1282 269 1344; x_wconf 92' lang='lat' dir='ltr'>ad</span> <span class='ocrx_word' id='word_1_97' title='bbox 290 1279 439 1346; x_wconf 87' lang='lat' dir='ltr'>Psalmum</span> <span class='ocrx_word' id='word_1_98' title='bbox 456 1278 575 1359; x_wconf 72' lang='lat' dir='ltr'>bxv,</span> <span class='ocrx_word' id='word_1_99' title='bbox 607 1301 692 1364; x_wconf 89' lang='lat' dir='ltr'>quem</span> <span class='ocrx_word' id='word_1_100' title='bbox 718 1281 847 1344; x_wconf 89' lang='lat' dir='ltr'>violenta</span> <span class='ocrx_word' id='word_1_101' title='bbox 871 1281 994 1365; x_wconf 89' lang='lat' dir='ltr'>quadam</span> <span class='ocrx_word' id='word_1_102' title='bbox 1019 1279 1262 1365; x_wconf 77' lang='lat' dir='ltr'>interpretatione</span> 
     </span>
     <span class='ocr_line' id='line_1_12' title="bbox 101 1381 1259 1468; baseline 0.001 -21"><span class='ocrx_word' id='word_1_103' title='bbox 101 1383 258 1468; x_wconf 88' lang='lat' dir='ltr'>alienaque</span> <span class='ocrx_word' id='word_1_104' title='bbox 274 1385 415 1448; x_wconf 90' lang='lat' dir='ltr'>declarat.</span> <span class='ocrx_word' id='word_1_105' title='bbox 461 1381 741 1462; x_wconf 84' lang='lat' dir='ltr'>Resurrectionem,</span> <span class='ocrx_word' id='word_1_106' title='bbox 765 1384 889 1448; x_wconf 90' lang='lat' dir='ltr'>animam</span> <span class='ocrx_word' id='word_1_107' title='bbox 904 1395 936 1447; x_wconf 93' lang='lat' dir='ltr'>ut</span> <span class='ocrx_word' id='word_1_108' title='bbox 951 1383 1124 1448; x_wconf 80' lang='lat' dir='ltr'>delictorum</span> <span class='ocrx_word' id='word_1_109' title='bbox 1140 1403 1259 1448; x_wconf 88' lang='lat' dir='ltr'>snorum</span> 
     </span>
     <span class='ocr_line' id='line_1_13' title="bbox 100 1485 1260 1575; baseline -0.002 -23"><span class='ocrx_word' id='word_1_110' title='bbox 100 1509 214 1575; x_wconf 89' lang='lat' dir='ltr'>poenas</span> <span class='ocrx_word' id='word_1_111' title='bbox 241 1488 395 1566; x_wconf 84' lang='lat' dir='ltr'>exsolvat,</span> <span class='ocrx_word' id='word_1_112' title='bbox 425 1485 456 1550; x_wconf 94' lang='lat' dir='ltr'>in</span> <span class='ocrx_word' id='word_1_113' title='bbox 478 1485 553 1550; x_wconf 87' lang='lat' dir='ltr'>bano</span> <span class='ocrx_word' id='word_1_114' title='bbox 578 1505 697 1548; x_wconf 89' lang='lat' dir='ltr'>carnem</span> <span class='ocrx_word' id='word_1_115' title='bbox 721 1487 801 1550; x_wconf 88' lang='lat' dir='ltr'>velut</span> <span class='ocrx_word' id='word_1_116' title='bbox 822 1486 851 1550; x_wconf 88' lang='lat' dir='ltr'>iu</span> <span class='ocrx_word' id='word_1_117' title='bbox 873 1487 1007 1572; x_wconf 88' lang='lat' dir='ltr'>laqueum</span> <span class='ocrx_word' id='word_1_118' title='bbox 1032 1487 1155 1568; x_wconf 77' lang='lat' dir='ltr'>coniioi3</span> <span class='ocrx_word' id='word_1_119' title='bbox 1185 1487 1260 1572; x_wconf 91' lang='lat' dir='ltr'>quod</span> 
     </span>
     <span class='ocr_line' id='line_1_14' title="bbox 101 1586 1260 1677; baseline -0.002 -21"><span class='ocrx_word' id='word_1_120' title='bbox 101 1590 247 1656; x_wconf 78' lang='lat' dir='ltr'>stultitiae</span> <span class='ocrx_word' id='word_1_121' title='bbox 264 1591 359 1677; x_wconf 82' lang='lat' dir='ltr'>magis</span> <span class='ocrx_word' id='word_1_122' title='bbox 373 1609 459 1675; x_wconf 88' lang='lat' dir='ltr'>quam</span> <span class='ocrx_word' id='word_1_123' title='bbox 475 1588 612 1654; x_wconf 89' lang='lat' dir='ltr'>sincerae</span> <span class='ocrx_word' id='word_1_124' title='bbox 629 1587 695 1652; x_wconf 86' lang='lat' dir='ltr'>lidei</span> <span class='ocrx_word' id='word_1_125' title='bbox 710 1589 894 1654; x_wconf 89' lang='lat' dir='ltr'>tribuendum</span> <span class='ocrx_word' id='word_1_126' title='bbox 912 1601 969 1654; x_wconf 87' lang='lat' dir='ltr'>est.</span> <span class='ocrx_word' id='word_1_127' title='bbox 1015 1586 1093 1653; x_wconf 84' lang='lat' dir='ltr'>Num</span> <span class='ocrx_word' id='word_1_128' title='bbox 1110 1611 1174 1654; x_wconf 93' lang='lat' dir='ltr'>cum</span> <span class='ocrx_word' id='word_1_129' title='bbox 1192 1600 1260 1656; x_wconf 87' lang='lat' dir='ltr'>aute</span> 
     </span>
     <span class='ocr_line' id='line_1_15' title="bbox 100 1691 1261 1780; baseline -0.003 -24"><span class='ocrx_word' id='word_1_130' title='bbox 100 1693 243 1758; x_wconf 85' lang='lat' dir='ltr'>violatum</span> <span class='ocrx_word' id='word_1_131' title='bbox 260 1693 306 1756; x_wconf 86' lang='lat' dir='ltr'>dei</span> <span class='ocrx_word' id='word_1_132' title='bbox 322 1692 506 1770; x_wconf 85' lang='lat' dir='ltr'>mandatum,</span> <span class='ocrx_word' id='word_1_133' title='bbox 531 1700 562 1754; x_wconf 93' lang='lat' dir='ltr'>ut</span> <span class='ocrx_word' id='word_1_134' title='bbox 579 1700 665 1780; x_wconf 81' lang='lat' dir='ltr'>antea¹</span> <span class='ocrx_word' id='word_1_135' title='bbox 684 1691 928 1770; x_wconf 85' lang='lat' dir='ltr'>monstravimus,</span> <span class='ocrx_word' id='word_1_136' title='bbox 952 1691 1124 1777; x_wconf 84' lang='lat' dir='ltr'>corporibus</span> <span class='ocrx_word' id='word_1_137' title='bbox 1148 1691 1261 1776; x_wconf 82' lang='lat' dir='ltr'>proedi-</span> 
     </span>
     <span class='ocr_line' id='line_1_16' title="bbox 101 1784 1261 1879; baseline -0.002 -19"><span class='ocrx_word' id='word_1_138' title='bbox 101 1807 150 1860; x_wconf 90' lang='lat' dir='ltr'>tae</span> <span class='ocrx_word' id='word_1_139' title='bbox 164 1797 278 1860; x_wconf 86' lang='lat' dir='ltr'>luerint</span> <span class='ocrx_word' id='word_1_140' title='bbox 293 1795 421 1876; x_wconf 89' lang='lat' dir='ltr'>animae,</span> <span class='ocrx_word' id='word_1_141' title='bbox 446 1814 571 1879; x_wconf 74' lang='lat' dir='ltr'>qucum</span> <span class='ocrx_word' id='word_1_142' title='bbox 587 1784 846 1878; x_wconf 50' lang='lat' dir='ltr'>pecto‘secundum</span> <span class='ocrx_word' id='word_1_143' title='bbox 865 1794 999 1858; x_wconf 89' lang='lat' dir='ltr'>delictum</span> <span class='ocrx_word' id='word_1_144' title='bbox 1013 1794 1121 1858; x_wconf 90' lang='lat' dir='ltr'>includi</span> <span class='ocrx_word' id='word_1_145' title='bbox 1138 1814 1261 1878; x_wconf 88' lang='lat' dir='ltr'>corpore</span> 
     </span>
     <span class='ocr_line' id='line_1_17' title="bbox 101 1897 1261 1984; baseline -0.002 -22"><span class='ocrx_word' id='word_1_146' title='bbox 101 1909 280 1984; x_wconf 89' lang='lat' dir='ltr'>potuerunt,</span> <span class='ocrx_word' id='word_1_147' title='bbox 304 1897 432 1982; x_wconf 88' lang='lat' dir='ltr'>inquo,</span> <span class='ocrx_word' id='word_1_148' title='bbox 457 1898 622 1981; x_wconf 88' lang='lat' dir='ltr'>priusquam</span> <span class='ocrx_word' id='word_1_149' title='bbox 647 1917 753 1982; x_wconf 88' lang='lat' dir='ltr'>corpus</span> <span class='ocrx_word' id='word_1_150' title='bbox 775 1897 947 1975; x_wconf 89' lang='lat' dir='ltr'>induerent,</span> <span class='ocrx_word' id='word_1_151' title='bbox 971 1897 1000 1960; x_wconf 95' lang='lat' dir='ltr'>in</span> <span class='ocrx_word' id='word_1_152' title='bbox 1023 1907 1170 1983; x_wconf 88' lang='lat' dir='ltr'>peccatum</span> <span class='ocrx_word' id='word_1_153' title='bbox 1194 1915 1261 1980; x_wconf 91' lang='lat' dir='ltr'>pro·</span> 
     </span>
     <span class='ocr_line' id='line_1_18' title="bbox 99 1998 1261 2086; baseline 0 -22"><span class='ocrx_word' id='word_1_154' title='bbox 99 2001 203 2086; x_wconf 87' lang='lat' dir='ltr'>lapsae</span> <span class='ocrx_word' id='word_1_155' title='bbox 226 2002 314 2064; x_wconf 77' lang='lat' dir='ltr'>sunt?</span> <span class='ocrx_word' id='word_1_156' title='bbox 357 1998 463 2084; x_wconf 85' lang='lat' dir='ltr'>Neque</span> <span class='ocrx_word' id='word_1_157' title='bbox 483 2019 555 2062; x_wconf 87' lang='lat' dir='ltr'>vero</span> <span class='ocrx_word' id='word_1_158' title='bbox 577 1999 623 2062; x_wconf 87' lang='lat' dir='ltr'>sui</span> <span class='ocrx_word' id='word_1_159' title='bbox 640 2019 759 2086; x_wconf 89' lang='lat' dir='ltr'>compos</span> <span class='ocrx_word' id='word_1_160' title='bbox 781 2009 826 2062; x_wconf 87' lang='lat' dir='ltr'>est</span> <span class='ocrx_word' id='word_1_161' title='bbox 849 2000 897 2083; x_wconf 92' lang='lat' dir='ltr'>qui</span> <span class='ocrx_word' id='word_1_162' title='bbox 918 1999 992 2064; x_wconf 87' lang='lat' dir='ltr'>alias</span> <span class='ocrx_word' id='word_1_163' title='bbox 1013 2010 1132 2085; x_wconf 87' lang='lat' dir='ltr'>propter</span> <span class='ocrx_word' id='word_1_164' title='bbox 1154 2019 1261 2085; x_wconf 86' lang='lat' dir='ltr'>corpus</span> 
     </span>
     <span class='ocr_line' id='line_1_19' title="bbox 99 2101 1261 2188; baseline 0 -22"><span class='ocrx_word' id='word_1_165' title='bbox 99 2122 243 2188; x_wconf 87' lang='lat' dir='ltr'>peccasse</span> <span class='ocrx_word' id='word_1_166' title='bbox 262 2113 341 2188; x_wconf 91' lang='lat' dir='ltr'>putat</span> <span class='ocrx_word' id='word_1_167' title='bbox 357 2102 481 2180; x_wconf 88' lang='lat' dir='ltr'>animus,</span> <span class='ocrx_word' id='word_1_168' title='bbox 507 2101 591 2181; x_wconf 87' lang='lat' dir='ltr'>alias,</span> <span class='ocrx_word' id='word_1_169' title='bbox 615 2112 769 2187; x_wconf 91' lang='lat' dir='ltr'>postquem</span> <span class='ocrx_word' id='word_1_170' title='bbox 785 2102 985 2188; x_wconf 79' lang='lat' dir='ltr'>peccaverint,</span> <span class='ocrx_word' id='word_1_171' title='bbox 1009 2105 1112 2167; x_wconf 89' lang='lat' dir='ltr'>eodem</span> <span class='ocrx_word' id='word_1_172' title='bbox 1128 2104 1179 2168; x_wconf 92' lang='lat' dir='ltr'>illu</span> <span class='ocrx_word' id='word_1_173' title='bbox 1195 2125 1261 2168; x_wconf 92' lang='lat' dir='ltr'>cor-</span> 
     </span>
     <span class='ocr_line' id='line_1_20' title="bbox 98 2203 1261 2293; baseline 0.002 -25"><span class='ocrx_word' id='word_1_174' title='bbox 98 2227 172 2293; x_wconf 90' lang='lat' dir='ltr'>pore</span> <span class='ocrx_word' id='word_1_175' title='bbox 190 2214 327 2289; x_wconf 86' lang='lat' dir='ltr'>tanquam</span> <span class='ocrx_word' id='word_1_176' title='bbox 347 2205 454 2270; x_wconf 89' lang='lat' dir='ltr'>vinclis</span> <span class='ocrx_word' id='word_1_177' title='bbox 470 2225 505 2268; x_wconf 88' lang='lat' dir='ltr'>ac</span> <span class='ocrx_word' id='word_1_178' title='bbox 520 2204 708 2289; x_wconf 80' lang='lat' dir='ltr'>compedibus</span> <span class='ocrx_word' id='word_1_179' title='bbox 724 2206 815 2270; x_wconf 82' lang='lat' dir='ltr'>luisse</span> <span class='ocrx_word' id='word_1_180' title='bbox 834 2205 998 2270; x_wconf 82' lang='lat' dir='ltr'>demontus.</span> <span class='ocrx_word' id='word_1_181' title='bbox 1045 2203 1078 2270; x_wconf 91' lang='lat' dir='ltr'>Si</span> <span class='ocrx_word' id='word_1_182' title='bbox 1099 2207 1175 2270; x_wconf 88' lang='lat' dir='ltr'>enim</span> <span class='ocrx_word' id='word_1_183' title='bbox 1194 2228 1261 2291; x_wconf 91' lang='lat' dir='ltr'>pro·</span> 
     </span>
     <span class='ocr_line' id='line_1_21' title="bbox 98 2307 1262 2394; baseline 0 -22"><span class='ocrx_word' id='word_1_184' title='bbox 98 2321 166 2394; x_wconf 92' lang='lat' dir='ltr'>pter</span> <span class='ocrx_word' id='word_1_185' title='bbox 182 2329 290 2393; x_wconf 90' lang='lat' dir='ltr'>corpus</span> <span class='ocrx_word' id='word_1_186' title='bbox 306 2307 493 2393; x_wconf 84' lang='lat' dir='ltr'>deliquerint,</span> <span class='ocrx_word' id='word_1_187' title='bbox 517 2328 582 2371; x_wconf 88' lang='lat' dir='ltr'>cum</span> <span class='ocrx_word' id='word_1_188' title='bbox 597 2327 634 2372; x_wconf 88' lang='lat' dir='ltr'>eo</span> <span class='ocrx_word' id='word_1_189' title='bbox 648 2307 695 2372; x_wconf 87' lang='lat' dir='ltr'>vel</span> <span class='ocrx_word' id='word_1_190' title='bbox 711 2317 779 2375; x_wconf 88' lang='lat' dir='ltr'>ente</span> <span class='ocrx_word' id='word_1_191' title='bbox 797 2321 945 2394; x_wconf 86' lang='lat' dir='ltr'>peccatum</span> <span class='ocrx_word' id='word_1_192' title='bbox 962 2309 1136 2372; x_wconf 90' lang='lat' dir='ltr'>coniunctae</span> <span class='ocrx_word' id='word_1_193' title='bbox 1153 2309 1262 2373; x_wconf 89' lang='lat' dir='ltr'>luerint</span> 
     </span>
     <span class='ocr_line' id='line_1_22' title="bbox 97 2409 1260 2498; baseline -0.002 -22"><span class='ocrx_word' id='word_1_194' title='bbox 97 2420 230 2496; x_wconf 90' lang='lat' dir='ltr'>oportet.</span> <span class='ocrx_word' id='word_1_195' title='bbox 274 2409 395 2494; x_wconf 82' lang='lat' dir='ltr'>Alioqui</span> <span class='ocrx_word' id='word_1_196' title='bbox 417 2420 537 2495; x_wconf 90' lang='lat' dir='ltr'>propter</span> <span class='ocrx_word' id='word_1_197' title='bbox 563 2410 589 2474; x_wconf 94' lang='lat' dir='ltr'>id</span> <span class='ocrx_word' id='word_1_198' title='bbox 614 2412 691 2494; x_wconf 93' lang='lat' dir='ltr'>quod</span> <span class='ocrx_word' id='word_1_199' title='bbox 715 2411 841 2476; x_wconf 80' lang='lat' dir='ltr'>inondum</span> <span class='ocrx_word' id='word_1_200' title='bbox 864 2412 1005 2476; x_wconf 80' lang='lat' dir='ltr'>extiterat</span> <span class='ocrx_word' id='word_1_201' title='bbox 1027 2431 1166 2498; x_wconf 77' lang='lat' dir='ltr'>peccasse</span> <span class='ocrx_word' id='word_1_202' title='bbox 1188 2433 1260 2495; x_wconf 90' lang='lat' dir='ltr'>que-</span> 
     </span>
     <span class='ocr_line' id='line_1_23' title="bbox 97 2509 1260 2601; baseline -0.002 -23"><span class='ocrx_word' id='word_1_203' title='bbox 97 2514 189 2578; x_wconf 88' lang='lat' dir='ltr'>modo</span> <span class='ocrx_word' id='word_1_204' title='bbox 206 2513 382 2598; x_wconf 76' lang='lat' dir='ltr'>potueruut?</span> <span class='ocrx_word' id='word_1_205' title='bbox 426 2509 511 2595; x_wconf 83' lang='lat' dir='ltr'>Quod</span> <span class='ocrx_word' id='word_1_206' title='bbox 530 2514 555 2576; x_wconf 89' lang='lat' dir='ltr'>si</span> <span class='ocrx_word' id='word_1_207' title='bbox 575 2514 684 2578; x_wconf 90' lang='lat' dir='ltr'>vinculi</span> <span class='ocrx_word' id='word_1_208' title='bbox 703 2515 768 2577; x_wconf 89' lang='lat' dir='ltr'>luco</span> <span class='ocrx_word' id='word_1_209' title='bbox 783 2514 990 2600; x_wconf 86' lang='lat' dir='ltr'>compedisque</span> <span class='ocrx_word' id='word_1_210' title='bbox 1006 2535 1112 2601; x_wconf 84' lang='lat' dir='ltr'>corpus</span> <span class='ocrx_word' id='word_1_211' title='bbox 1128 2524 1175 2578; x_wconf 91' lang='lat' dir='ltr'>est</span> <span class='ocrx_word' id='word_1_212' title='bbox 1195 2513 1260 2578; x_wconf 89' lang='lat' dir='ltr'>aui-</span> 
     </span>
     <span class='ocr_line' id='line_1_24' title="bbox 98 2614 1261 2704; baseline 0 -24"><span class='ocrx_word' id='word_1_213' title='bbox 98 2636 180 2694; x_wconf 85' lang='lat' dir='ltr'>mae,</span> <span class='ocrx_word' id='word_1_214' title='bbox 206 2636 264 2679; x_wconf 91' lang='lat' dir='ltr'>non</span> <span class='ocrx_word' id='word_1_215' title='bbox 281 2616 339 2680; x_wconf 89' lang='lat' dir='ltr'>iarn</span> <span class='ocrx_word' id='word_1_216' title='bbox 355 2614 470 2700; x_wconf 90' lang='lat' dir='ltr'>utrique</span> <span class='ocrx_word' id='word_1_217' title='bbox 487 2615 572 2678; x_wconf 88' lang='lat' dir='ltr'>simul</span> <span class='ocrx_word' id='word_1_218' title='bbox 589 2625 646 2696; x_wconf 89' lang='lat' dir='ltr'>est,</span> <span class='ocrx_word' id='word_1_219' title='bbox 672 2617 723 2680; x_wconf 90' lang='lat' dir='ltr'>sed</span> <span class='ocrx_word' id='word_1_220' title='bbox 738 2617 853 2682; x_wconf 84' lang='lat' dir='ltr'>animae</span> <span class='ocrx_word' id='word_1_221' title='bbox 869 2617 1012 2682; x_wconf 78' lang='lat' dir='ltr'>duntaxat</span> <span class='ocrx_word' id='word_1_222' title='bbox 1027 2616 1139 2704; x_wconf 89' lang='lat' dir='ltr'>peccati</span> <span class='ocrx_word' id='word_1_223' title='bbox 1154 2637 1261 2682; x_wconf 85' lang='lat' dir='ltr'>caussa</span> 
     </span>
     <span class='ocr_line' id='line_1_25' title="bbox 99 2716 1261 2804; baseline 0 -22"><span class='ocrx_word' id='word_1_224' title='bbox 99 2718 269 2782; x_wconf 89' lang='lat' dir='ltr'>tribuenda.</span> <span class='ocrx_word' id='word_1_225' title='bbox 316 2716 393 2802; x_wconf 80' lang='lat' dir='ltr'>Quid</span> <span class='ocrx_word' id='word_1_226' title='bbox 411 2729 455 2781; x_wconf 91' lang='lat' dir='ltr'>est</span> <span class='ocrx_word' id='word_1_227' title='bbox 471 2722 547 2780; x_wconf 91' lang='lat' dir='ltr'>euim</span> <span class='ocrx_word' id='word_1_228' title='bbox 565 2721 640 2802; x_wconf 90' lang='lat' dir='ltr'>quod</span> <span class='ocrx_word' id='word_1_229' title='bbox 659 2719 818 2783; x_wconf 88' lang='lat' dir='ltr'>secundum</span> <span class='ocrx_word' id='word_1_230' title='bbox 837 2729 986 2804; x_wconf 87' lang='lat' dir='ltr'>peceatum</span> <span class='ocrx_word' id='word_1_231' title='bbox 1010 2719 1038 2783; x_wconf 91' lang='lat' dir='ltr'>ei</span> <span class='ocrx_word' id='word_1_232' title='bbox 1059 2721 1107 2804; x_wconf 92' lang='lat' dir='ltr'>qui</span> <span class='ocrx_word' id='word_1_233' title='bbox 1131 2719 1261 2804; x_wconf 87' lang='lat' dir='ltr'>peccarit</span> 
     </span>
     <span class='ocr_line' id='line_1_26' title="bbox 96 2817 1293 2908; baseline 0 -22"><span class='ocrx_word' id='word_1_234' title='bbox 96 2819 265 2906; x_wconf 73' lang='lat' dir='ltr'>infligitur?</span> <span class='ocrx_word' id='word_1_235' title='bbox 309 2817 434 2884; x_wconf 88' lang='lat' dir='ltr'>Vincula</span> <span class='ocrx_word' id='word_1_236' title='bbox 463 2820 598 2884; x_wconf 88' lang='lat' dir='ltr'>nimirum</span> <span class='ocrx_word' id='word_1_237' title='bbox 628 2843 663 2884; x_wconf 88' lang='lat' dir='ltr'>ae</span> <span class='ocrx_word' id='word_1_238' title='bbox 691 2821 847 2906; x_wconf 87' lang='lat' dir='ltr'>compedes</span> <span class='ocrx_word' id='word_1_239' title='bbox 869 2833 1020 2907; x_wconf 89' lang='lat' dir='ltr'>parantur.</span> <span class='ocrx_word' id='word_1_240' title='bbox 1072 2821 1138 2886; x_wconf 90' lang='lat' dir='ltr'>Nos</span> <span class='ocrx_word' id='word_1_241' title='bbox 1160 2833 1258 2886; x_wconf 88' lang='lat' dir='ltr'>autem</span> <span class='ocrx_word' id='word_1_242' title='bbox 1288 2891 1293 2908; x_wconf 42' lang='grc' dir='ltr'>Ι</span> 
     </span>
     <span class='ocr_line' id='line_1_27' title="bbox 98 2921 1257 3012; baseline 0.002 -24"><span class='ocrx_word' id='word_1_243' title='bbox 98 2925 190 3012; x_wconf 89' lang='lat' dir='ltr'>paulo</span> <span class='ocrx_word' id='word_1_244' title='bbox 207 2923 277 2987; x_wconf 90' lang='lat' dir='ltr'>illud</span> <span class='ocrx_word' id='word_1_245' title='bbox 292 2931 360 2986; x_wconf 91' lang='lat' dir='ltr'>ante</span> <span class='ocrx_word' id='word_1_246' title='bbox 375 2921 553 3002; x_wconf 83' lang='lat' dir='ltr'>fatebamur,</span> <span class='ocrx_word' id='word_1_247' title='bbox 577 2944 684 3008; x_wconf 88' lang='lat' dir='ltr'>corpus</span> <span class='ocrx_word' id='word_1_248' title='bbox 700 2923 815 2989; x_wconf 88' lang='lat' dir='ltr'>animae</span> <span class='ocrx_word' id='word_1_249' title='bbox 830 2923 977 2988; x_wconf 89' lang='lat' dir='ltr'>vinculum</span> <span class='ocrx_word' id='word_1_250' title='bbox 995 2945 1063 2989; x_wconf 87' lang='lat' dir='ltr'>esse</span> <span class='ocrx_word' id='word_1_251' title='bbox 1080 2948 1137 2989; x_wconf 81' lang='lat' dir='ltr'>sion</span> <span class='ocrx_word' id='word_1_252' title='bbox 1157 2947 1257 3011; x_wconf 87' lang='lat' dir='ltr'>posse,</span> 
     </span>
     <span class='ocr_line' id='line_1_28' title="bbox 98 3025 1260 3114; baseline -0.001 -21"><span class='ocrx_word' id='word_1_253' title='bbox 98 3027 239 3114; x_wconf 91' lang='lat' dir='ltr'>quoniam</span> <span class='ocrx_word' id='word_1_254' title='bbox 261 3027 296 3091; x_wconf 91' lang='lat' dir='ltr'>ed</span> <span class='ocrx_word' id='word_1_255' title='bbox 315 3036 486 3109; x_wconf 89' lang='lat' dir='ltr'>utrumque,</span> <span class='ocrx_word' id='word_1_256' title='bbox 512 3036 568 3088; x_wconf 89' lang='lat' dir='ltr'>tam</span> <span class='ocrx_word' id='word_1_257' title='bbox 585 3025 693 3090; x_wconf 87' lang='lat' dir='ltr'>iustum</span> <span class='ocrx_word' id='word_1_258' title='bbox 710 3025 825 3090; x_wconf 89' lang='lat' dir='ltr'>scilicet</span> <span class='ocrx_word' id='word_1_259' title='bbox 841 3047 926 3110; x_wconf 88' lang='lat' dir='ltr'>quam</span> <span class='ocrx_word' id='word_1_260' title='bbox 945 3027 1102 3107; x_wconf 87' lang='lat' dir='ltr'>iniustum,</span> <span class='ocrx_word' id='word_1_261' title='bbox 1127 3029 1260 3092; x_wconf 89' lang='lat' dir='ltr'>ministe-</span> 
     </span>
     <span class='ocr_line' id='line_1_29' title="bbox 96 3128 1258 3214; baseline 0.001 -20"><span class='ocrx_word' id='word_1_262' title='bbox 96 3133 145 3194; x_wconf 90' lang='lat' dir='ltr'>rio</span> <span class='ocrx_word' id='word_1_263' title='bbox 164 3128 300 3214; x_wconf 87' lang='lat' dir='ltr'>corporis</span> <span class='ocrx_word' id='word_1_264' title='bbox 315 3129 501 3192; x_wconf 87' lang='lat' dir='ltr'>adiuventur.</span> <span class='ocrx_word' id='word_1_265' title='bbox 537 3129 580 3192; x_wconf 80' lang='lat' dir='ltr'>At</span> <span class='ocrx_word' id='word_1_266' title='bbox 593 3129 740 3194; x_wconf 90' lang='lat' dir='ltr'>vinculum</span> <span class='ocrx_word' id='word_1_267' title='bbox 758 3130 794 3192; x_wconf 87' lang='lat' dir='ltr'>ab</span> <span class='ocrx_word' id='word_1_268' title='bbox 811 3149 847 3194; x_wconf 91' lang='lat' dir='ltr'>eo</span> <span class='ocrx_word' id='word_1_269' title='bbox 866 3132 941 3214; x_wconf 89' lang='lat' dir='ltr'>quod</span> <span class='ocrx_word' id='word_1_270' title='bbox 960 3130 1098 3194; x_wconf 89' lang='lat' dir='ltr'>iniustum</span> <span class='ocrx_word' id='word_1_271' title='bbox 1117 3143 1163 3194; x_wconf 88' lang='lat' dir='ltr'>est</span> <span class='ocrx_word' id='word_1_272' title='bbox 1178 3153 1258 3196; x_wconf 88' lang='lat' dir='ltr'>com·</span> 
     </span>
     <span class='ocr_line' id='line_1_30' title="bbox 96 3228 1258 3316; baseline 0.005 -19"><span class='ocrx_word' id='word_1_273' title='bbox 96 3231 244 3298; x_wconf 87' lang='lat' dir='ltr'>mittendo</span> <span class='ocrx_word' id='word_1_274' title='bbox 262 3251 316 3297; x_wconf 89' lang='lat' dir='ltr'>nos</span> <span class='ocrx_word' id='word_1_275' title='bbox 331 3230 476 3316; x_wconf 89' lang='lat' dir='ltr'>probibet.</span> <span class='ocrx_word' id='word_1_276' title='bbox 522 3228 572 3294; x_wconf 85' lang='lat' dir='ltr'>Ex</span> <span class='ocrx_word' id='word_1_277' title='bbox 590 3253 648 3314; x_wconf 90' lang='lat' dir='ltr'>quo</span> <span class='ocrx_word' id='word_1_278' title='bbox 665 3233 801 3311; x_wconf 87' lang='lat' dir='ltr'>alterum,</span> <span class='ocrx_word' id='word_1_279' title='bbox 826 3232 867 3296; x_wconf 92' lang='lat' dir='ltr'>uti</span> <span class='ocrx_word' id='word_1_280' title='bbox 884 3233 1025 3314; x_wconf 86' lang='lat' dir='ltr'>diximus,</span> <span class='ocrx_word' id='word_1_281' title='bbox 1049 3234 1195 3300; x_wconf 91' lang='lat' dir='ltr'>eduobus</span> <span class='ocrx_word' id='word_1_282' title='bbox 1210 3255 1258 3303; x_wconf 86' lang='lat' dir='ltr'>sc·</span> 
     </span>
     <span class='ocr_line' id='line_1_31' title="bbox 96 3333 1258 3423; baseline 0.002 -23"><span class='ocrx_word' id='word_1_283' title='bbox 96 3337 216 3422; x_wconf 83' lang='lat' dir='ltr'>quitor:</span> <span class='ocrx_word' id='word_1_284' title='bbox 242 3344 293 3398; x_wconf 88' lang='lat' dir='ltr'>aut</span> <span class='ocrx_word' id='word_1_285' title='bbox 307 3335 385 3398; x_wconf 89' lang='lat' dir='ltr'>cuim</span> <span class='ocrx_word' id='word_1_286' title='bbox 401 3333 486 3398; x_wconf 92' lang='lat' dir='ltr'>initio</span> <span class='ocrx_word' id='word_1_287' title='bbox 503 3355 568 3398; x_wconf 84' lang='lat' dir='ltr'>cunr</span> <span class='ocrx_word' id='word_1_288' title='bbox 585 3355 710 3419; x_wconf 90' lang='lat' dir='ltr'>corpore</span> <span class='ocrx_word' id='word_1_289' title='bbox 732 3336 937 3420; x_wconf 86' lang='lat' dir='ltr'>peccevimus,</span> <span class='ocrx_word' id='word_1_290' title='bbox 962 3357 1017 3400; x_wconf 91' lang='lat' dir='ltr'>uec</span> <span class='ocrx_word' id='word_1_291' title='bbox 1036 3337 1124 3402; x_wconf 87' lang='lat' dir='ltr'>ullum</span> <span class='ocrx_word' id='word_1_292' title='bbox 1144 3349 1258 3423; x_wconf 86' lang='lat' dir='ltr'>tempus</span> 
     </span>
     <span class='ocr_line' id='line_1_32' title="bbox 96 3436 1257 3526; baseline -0.001 -21"><span class='ocrx_word' id='word_1_293' title='bbox 96 3447 225 3526; x_wconf 86' lang='lat' dir='ltr'>apparet</span> <span class='ocrx_word' id='word_1_294' title='bbox 252 3457 310 3522; x_wconf 92' lang='lat' dir='ltr'>quo</span> <span class='ocrx_word' id='word_1_295' title='bbox 332 3436 397 3500; x_wconf 85' lang='lat' dir='ltr'>sinc</span> <span class='ocrx_word' id='word_1_296' title='bbox 424 3457 548 3522; x_wconf 90' lang='lat' dir='ltr'>corpore</span> <span class='ocrx_word' id='word_1_297' title='bbox 574 3437 732 3516; x_wconf 80' lang='lat' dir='ltr'>fuerimus,</span> <span class='ocrx_word' id='word_1_298' title='bbox 764 3448 867 3523; x_wconf 88' lang='lat' dir='ltr'>estque</span> <span class='ocrx_word' id='word_1_299' title='bbox 893 3439 1037 3504; x_wconf 86' lang='lat' dir='ltr'>bonorum</span> <span class='ocrx_word' id='word_1_300' title='bbox 1059 3441 1257 3526; x_wconf 88' lang='lat' dir='ltr'>malorumque</span> 
     </span>
     <span class='ocr_line' id='line_1_33' title="bbox 97 3539 1256 3627; baseline -0.002 -19"><span class='ocrx_word' id='word_1_301' title='bbox 97 3561 208 3608; x_wconf 76' lang='lat' dir='ltr'>mussa</span> <span class='ocrx_word' id='word_1_302' title='bbox 220 3561 286 3604; x_wconf 85' lang='lat' dir='ltr'>cunr</span> <span class='ocrx_word' id='word_1_303' title='bbox 302 3539 398 3604; x_wconf 87' lang='lat' dir='ltr'>anima</span> <span class='ocrx_word' id='word_1_304' title='bbox 413 3540 607 3604; x_wconf 89' lang='lat' dir='ltr'>communiter</span> <span class='ocrx_word' id='word_1_305' title='bbox 622 3561 746 3626; x_wconf 83' lang='lat' dir='ltr'>corpus:</span> <span class='ocrx_word' id='word_1_306' title='bbox 770 3551 821 3606; x_wconf 89' lang='lat' dir='ltr'>ent</span> <span class='ocrx_word' id='word_1_307' title='bbox 836 3551 894 3606; x_wconf 89' lang='lat' dir='ltr'>tum</span> <span class='ocrx_word' id='word_1_308' title='bbox 911 3552 1060 3627; x_wconf 84' lang='lat' dir='ltr'>peccatum</span> <span class='ocrx_word' id='word_1_309' title='bbox 1074 3544 1256 3622; x_wconf 84' lang='lat' dir='ltr'>admisimus,</span> 
     </span>
     <span class='ocr_line' id='line_1_34' title="bbox 96 3643 1256 3732; baseline -0.002 -22"><span class='ocrx_word' id='word_1_310' title='bbox 96 3667 166 3710; x_wconf 90' lang='lat' dir='ltr'>cnm</span> <span class='ocrx_word' id='word_1_311' title='bbox 185 3644 260 3708; x_wconf 91' lang='lat' dir='ltr'>citra</span> <span class='ocrx_word' id='word_1_312' title='bbox 282 3664 389 3728; x_wconf 91' lang='lat' dir='ltr'>corpus</span> <span class='ocrx_word' id='word_1_313' title='bbox 408 3643 602 3726; x_wconf 73' lang='lat' dir='ltr'>degeremus,</span> <span class='ocrx_word' id='word_1_314' title='bbox 626 3653 658 3707; x_wconf 91' lang='lat' dir='ltr'>ut</span> <span class='ocrx_word' id='word_1_315' title='bbox 674 3644 711 3708; x_wconf 93' lang='lat' dir='ltr'>ab</span> <span class='ocrx_word' id='word_1_316' title='bbox 732 3645 811 3708; x_wconf 86' lang='lat' dir='ltr'>omui</span> <span class='ocrx_word' id='word_1_317' title='bbox 828 3644 956 3710; x_wconf 74' lang='lat' dir='ltr'>malitiae</span> <span class='ocrx_word' id='word_1_318' title='bbox 971 3645 1056 3731; x_wconf 88' lang='lat' dir='ltr'>eulpa</span> <span class='ocrx_word' id='word_1_319' title='bbox 1073 3667 1179 3732; x_wconf 88' lang='lat' dir='ltr'>corpus</span> <span class='ocrx_word' id='word_1_320' title='bbox 1201 3646 1256 3708; x_wconf 92' lang='lat' dir='ltr'>im-</span> 
     </span>
     <span class='ocr_line' id='line_1_35' title="bbox 95 3744 1257 3834; baseline -0.002 -20"><span class='ocrx_word' id='word_1_321' title='bbox 95 3767 188 3814; x_wconf 86' lang='lat' dir='ltr'>mune</span> <span class='ocrx_word' id='word_1_322' title='bbox 206 3746 256 3811; x_wconf 90' lang='lat' dir='ltr'>sit.</span> <span class='ocrx_word' id='word_1_323' title='bbox 303 3745 393 3830; x_wconf 79' lang='lat' dir='ltr'>Atqui</span> <span class='ocrx_word' id='word_1_324' title='bbox 414 3745 491 3809; x_wconf 88' lang='lat' dir='ltr'>nullu</span> <span class='ocrx_word' id='word_1_325' title='bbox 512 3744 576 3810; x_wconf 89' lang='lat' dir='ltr'>sine</span> <span class='ocrx_word' id='word_1_326' title='bbox 599 3767 724 3832; x_wconf 89' lang='lat' dir='ltr'>corpore</span> <span class='ocrx_word' id='word_1_327' title='bbox 742 3748 866 3812; x_wconf 89' lang='lat' dir='ltr'>rationis</span> <span class='ocrx_word' id='word_1_328' title='bbox 883 3759 1006 3834; x_wconf 82' lang='lat' dir='ltr'>experte</span> <span class='ocrx_word' id='word_1_329' title='bbox 1023 3749 1171 3834; x_wconf 85' lang='lat' dir='ltr'>voluptate</span> <span class='ocrx_word' id='word_1_330' title='bbox 1194 3749 1257 3834; x_wconf 89' lang='lat' dir='ltr'>capi</span> 
     </span>
     <span class='ocr_line' id='line_1_36' title="bbox 95 3848 1361 3936; baseline 0 -20"><span class='ocrx_word' id='word_1_331' title='bbox 95 3852 199 3916; x_wconf 87' lang='lat' dir='ltr'>anima</span> <span class='ocrx_word' id='word_1_332' title='bbox 221 3859 335 3935; x_wconf 76' lang='lat' dir='ltr'>potos23</span> <span class='ocrx_word' id='word_1_333' title='bbox 365 3848 528 3912; x_wconf 88' lang='lat' dir='ltr'>cuiusmodi</span> <span class='ocrx_word' id='word_1_334' title='bbox 550 3848 635 3934; x_wconf 87' lang='lat' dir='ltr'>primi</span> <span class='ocrx_word' id='word_1_335' title='bbox 656 3850 749 3914; x_wconf 87' lang='lat' dir='ltr'>nostri</span> <span class='ocrx_word' id='word_1_336' title='bbox 769 3863 906 3936; x_wconf 90' lang='lat' dir='ltr'>parentes</span> <span class='ocrx_word' id='word_1_337' title='bbox 922 3851 1059 3918; x_wconf 87' lang='lat' dir='ltr'>illecebra</span> <span class='ocrx_word' id='word_1_338' title='bbox 1077 3853 1153 3935; x_wconf 88' lang='lat' dir='ltr'>eapti</span> <span class='ocrx_word' id='word_1_339' title='bbox 1169 3872 1256 3936; x_wconf 87' lang='lat' dir='ltr'>supe·</span> <span class='ocrx_word' id='word_1_340' title='bbox 1269 3871 1327 3916; x_wconf 77' lang='lat' dir='ltr'>nm.</span> <span class='ocrx_word' id='word_1_341' title='bbox 1341 3871 1361 3916; x_wconf 88' lang='lat' dir='ltr'>a.</span> 
     </span>
     <span class='ocr_line' id='line_1_37' title="bbox 94 3950 1258 4040; baseline -0.001 -21"><span class='ocrx_word' id='word_1_342' title='bbox 94 3953 218 4038; x_wconf 89' lang='lat' dir='ltr'>ratique</span> <span class='ocrx_word' id='word_1_343' title='bbox 235 3963 314 4016; x_wconf 88' lang='lat' dir='ltr'>sunt.</span> <span class='ocrx_word' id='word_1_344' title='bbox 361 3951 470 4018; x_wconf 80' lang='lat' dir='ltr'>Anima</span> <span class='ocrx_word' id='word_1_345' title='bbox 486 3950 576 4036; x_wconf 79' lang='lat' dir='ltr'>igitur</span> <span class='ocrx_word' id='word_1_346' title='bbox 595 3954 712 4038; x_wconf 89' lang='lat' dir='ltr'>corpori</span> <span class='ocrx_word' id='word_1_347' title='bbox 733 3953 889 4019; x_wconf 90' lang='lat' dir='ltr'>coniuncte</span> <span class='ocrx_word' id='word_1_348' title='bbox 913 3956 966 4020; x_wconf 85' lang='lat' dir='ltr'>luit</span> <span class='ocrx_word' id='word_1_349' title='bbox 988 3955 1075 4018; x_wconf 91' lang='lat' dir='ltr'>etiam</span> <span class='ocrx_word' id='word_1_350' title='bbox 1098 3965 1167 4018; x_wconf 89' lang='lat' dir='ltr'>ente</span> <span class='ocrx_word' id='word_1_351' title='bbox 1190 3975 1258 4040; x_wconf 91' lang='lat' dir='ltr'>pec·</span> 
     </span>
    </p>
   </div>
   <div class='ocr_carea' id='block_1_4' title="bbox 94 4070 211 4122">
    <p class='ocr_par' dir='ltr' id='par_1_4' title="bbox 94 4070 211 4122">
     <span class='ocr_line' id='line_1_38' title="bbox 94 4070 211 4122; baseline -0.034 0"><span class='ocrx_word' id='word_1_352' title='bbox 94 4070 211 4122; x_wconf 86' lang='lat' dir='ltr'>cuturn.</span> 
     </span>
    </p>
   </div>
   <div class='ocr_carea' id='block_1_5' title="bbox 93 4211 1258 4556">
    <p class='ocr_par' dir='ltr' id='par_1_5' title="bbox 93 4211 1258 4556">
     <span class='ocr_line' id='line_1_39' title="bbox 93 4211 1010 4276; baseline -0.004 -13"><span class='ocrx_word' id='word_1_353' title='bbox 93 4213 176 4276; x_wconf 80' lang='lat' dir='ltr'>prodo</span> <span class='ocrx_word' id='word_1_354' title='bbox 193 4223 261 4260; x_wconf 77' lang='lat' dir='ltr'>ccmo</span> <span class='ocrx_word' id='word_1_355' title='bbox 277 4225 323 4262; x_wconf 81' lang='lat' dir='ltr'>ooo</span> <span class='ocrx_word' id='word_1_356' title='bbox 340 4211 410 4260; x_wconf 80' lang='lat' dir='ltr'>uidet.</span> <span class='ocrx_word' id='word_1_357' title='bbox 695 4213 757 4274; x_wconf 86' lang='lat' dir='ltr'>quod</span> <span class='ocrx_word' id='word_1_358' title='bbox 773 4215 885 4262; x_wconf 83' lang='lat' dir='ltr'>seoteotr&#39;c</span> <span class='ocrx_word' id='word_1_359' title='bbox 900 4213 1010 4275; x_wconf 82' lang='lat' dir='ltr'>postulet.</span> 
     </span>
     <span class='ocr_line' id='line_1_40' title="bbox 130 4274 1257 4347; baseline 0.004 -15"><span class='ocrx_word' id='word_1_360' title='bbox 130 4281 157 4332; x_wconf 77' lang='grc'>4.</span> <span class='ocrx_word' id='word_1_361' title='bbox 177 4281 260 4330; x_wconf 78' lang='lat' dir='ltr'>Vocem</span> <span class='ocrx_word' id='word_1_362' title='bbox 275 4274 394 4343; x_wconf 74' lang='grc' dir='ltr'>ἀτοπίας,</span> <span class='ocrx_word' id='word_1_363' title='bbox 412 4293 472 4342; x_wconf 83' lang='lat' dir='ltr'>quoe</span> <span class='ocrx_word' id='word_1_364' title='bbox 484 4281 580 4344; x_wconf 66' lang='lat' dir='ltr'>audit,</span> <span class='ocrx_word' id='word_1_365' title='bbox 595 4281 661 4332; x_wconf 83' lang='lat' dir='ltr'>resti·</span> <span class='ocrx_word' id='word_1_366' title='bbox 729 4279 752 4332; x_wconf 79' lang='lat'>7.</span> <span class='ocrx_word' id='word_1_367' title='bbox 771 4275 944 4347; x_wconf 76' lang='grc' dir='ltr'><strong>ἁμαρτήσασα</strong></span> <span class='ocrx_word' id='word_1_368' title='bbox 966 4281 1108 4342; x_wconf 82' lang='lat' dir='ltr'>scripturum</span> <span class='ocrx_word' id='word_1_369' title='bbox 1124 4281 1178 4334; x_wconf 76' lang='lat' dir='ltr'>tebet</span> <span class='ocrx_word' id='word_1_370' title='bbox 1192 4289 1257 4336; x_wconf 77' lang='lat' dir='ltr'>orbr-</span> 
     </span>
     <span class='ocr_line' id='line_1_41' title="bbox 95 4349 1258 4420; baseline 0.002 -20"><span class='ocrx_word' id='word_1_371' title='bbox 95 4354 131 4400; x_wconf 87' lang='lat' dir='ltr'>tur&#39;</span> <span class='ocrx_word' id='word_1_372' title='bbox 149 4363 179 4398; x_wconf 76' lang='lat' dir='ltr'>er</span> <span class='ocrx_word' id='word_1_373' title='bbox 197 4349 250 4398; x_wconf 89' lang='lat' dir='ltr'>ccd.</span> <span class='ocrx_word' id='word_1_374' title='bbox 269 4351 356 4398; x_wconf 80' lang='lat' dir='ltr'>Veneto.</span> <span class='ocrx_word' id='word_1_375' title='bbox 687 4352 740 4420; x_wconf 67' lang='lat' dir='ltr'>¹str&#39;,</span> <span class='ocrx_word' id='word_1_376' title='bbox 764 4353 840 4400; x_wconf 81' lang='lat' dir='ltr'>nescio</span> <span class='ocrx_word' id='word_1_377' title='bbox 862 4352 944 4411; x_wconf 81' lang='lat' dir='ltr'>cutus,</span> <span class='ocrx_word' id='word_1_378' title='bbox 970 4355 1109 4400; x_wconf 78' lang='lat' dir='ltr'>nouolutum</span> <span class='ocrx_word' id='word_1_379' title='bbox 1130 4355 1208 4404; x_wconf 84' lang='lat' dir='ltr'>iuveoi</span> <span class='ocrx_word' id='word_1_380' title='bbox 1232 4356 1258 4402; x_wconf 83' lang='lat' dir='ltr'>io</span> 
     </span>
     <span class='ocr_line' id='line_1_42' title="bbox 130 4413 1256 4487; baseline 0.004 -20"><span class='ocrx_word' id='word_1_381' title='bbox 130 4419 156 4467; x_wconf 78' lang='grc' dir='ltr'>ὀ.</span> <span class='ocrx_word' id='word_1_382' title='bbox 174 4417 253 4480; x_wconf 78' lang='grc' dir='ltr'>σῶμα</span> <span class='ocrx_word' id='word_1_383' title='bbox 269 4417 320 4467; x_wconf 87' lang='lat' dir='ltr'>cod.</span> <span class='ocrx_word' id='word_1_384' title='bbox 340 4415 415 4466; x_wconf 77' lang='lat' dir='ltr'>Vocet.</span> <span class='ocrx_word' id='word_1_385' title='bbox 696 4433 771 4482; x_wconf 80' lang='lat' dir='ltr'>recep.</span> <span class='ocrx_word' id='word_1_386' title='bbox 797 4420 898 4480; x_wconf 75' lang='lat' dir='ltr'>coempti</span> <span class='ocrx_word' id='word_1_387' title='bbox 921 4419 1057 4470; x_wconf 80' lang='lat' dir='ltr'>scuoumnt</span> <span class='ocrx_word' id='word_1_388' title='bbox 1106 4413 1256 4487; x_wconf 75' lang='grc' dir='ltr'>α’μαρτιὶσιιι</span> 
     </span>
     <span class='ocr_line' id='line_1_43' title="bbox 129 4483 981 4556; baseline -0.002 -18"><span class='ocrx_word' id='word_1_389' title='bbox 129 4486 156 4538; x_wconf 84' lang='grc'>6.</span> <span class='ocrx_word' id='word_1_390' title='bbox 178 4489 243 4538; x_wconf 80' lang='lat' dir='ltr'>Libri</span> <span class='ocrx_word' id='word_1_391' title='bbox 257 4485 484 4556; x_wconf 61' lang='lat' dir='ltr'>succurrerent.</span> <span class='ocrx_word' id='word_1_392' title='bbox 510 4488 607 4542; x_wconf 73' lang='lat' dir='ltr'>comat</span> <span class='ocrx_word' id='word_1_393' title='bbox 621 4483 662 4554; x_wconf 84' lang='grc' dir='ltr'>τό,</span> <span class='ocrx_word' id='word_1_394' title='bbox 694 4490 792 4552; x_wconf 70' lang='lat' dir='ltr'>culpato</span> <span class='ocrx_word' id='word_1_395' title='bbox 807 4483 981 4549; x_wconf 70' lang='lat' dir='ltr'>scriptumest.</span> 
     </span>
    </p>
   </div>
   <div class='ocr_carea' id='block_1_6' title="bbox 0 0 1592 4930">
    <p class='ocr_par' dir='ltr' id='par_1_6' title="bbox 0 0 1592 4930">
     <span class='ocr_line' id='line_1_44' title="bbox 0 0 1592 4930; baseline 0 2"><span class='ocrx_word' id='word_1_396' title='bbox 0 0 1592 4930; x_wconf 95' lang='lat' dir='ltr'> </span> 
     </span>
    </p>
   </div>
  </div>
 </body>
</html>
