3116 4934
242 212 247 223 ¹
328 255 465 308 sennan
482 255 545 308 uua
558 255 591 308 n.
607 253 722 309 nour.
738 251 942 308 nussum.
1153 241 1215 308 229

73 387 123 442 ua
135 375 253 442 ildonea
270 375 467 460 redarguere,
491 375 592 462 peusis
612 373 671 440 illis
684 373 795 439 erimus
811 372 957 453 sententie
982 395 1047 438 eum
1063 384 1091 438 et
1108 373 1215 462 alioqui

73 477 222 544 manifesto
239 489 371 558 eonstet,
396 478 474 543 nullu
497 477 533 542 ab
549 478 702 564 prudentia
718 477 833 541 illorum
849 475 994 561 prodoisei
1011 476 1135 556 larinus,
1160 499 1215 542 neo

12 613 13 618 ¹
73 582 206 646 eiusmodi
223 604 241 646 a
257 581 313 646 deo
330 581 491 646 derivatam
510 599 578 644 esse
593 580 763 657 seientiam,
787 579 838 642 sed
861 599 902 642 ex
925 578 1097 642 daemonum
1118 581 1215 645 alllatu

72 684 218 750 ludibrium
245 684 322 749 istud
348 703 435 748 omne
464 704 498 747 ao
527 682 643 747 nefandi
673 680 796 746 seeleris
818 681 929 746 orimen
954 699 1022 745 esse
1045 681 1212 748 enodatum.

72 785 212 870 Quoeirea
226 807 291 850 enm
309 808 364 852 nos
379 785 516 850 haeresin
532 785 630 865 istam,
654 784 774 869 viperae
789 783 883 848 instar
898 783 961 847 eins
976 771 1061 868 q'uam
1078 787 1213 872 scytalen

72 899 186 966 namot,
211 889 421 974 repulerimus,
445 887 522 972 qnod
541 886 656 972 quidem
673 885 820 972 serpentis
836 905 930 970 genus
948 907 1011 950 oum
1027 887 1132 971 pusillo
1147 907 1214 952 eor·
1247 889 1257 909 ⁶

70 1011 131 1076 pore
147 991 206 1071 sit,
230 991 385 1056 molestum
406 1011 444 1053 ae
463 989 623 1054 uehemens
644 989 756 1052 astbnm
775 1008 891 1052 veneno
913 1007 967 1051 suu
989 987 1091 1052 inierit
1112 999 1142 1054 et
1163 1012 1214 1077 ap·

69 1093 321 1178 propinquantibus
339 1092 431 1158 labem
450 1112 485 1156 ae
503 1091 663 1177 pernioiem
679 1091 813 1176 inspirat,
839 1111 903 1154 eum
920 1089 994 1155 bane
1010 1089 1100 1176 igitur
1114 1091 1213 1156 luaete-

69 1215 116 1258 uus
130 1195 358 1273 obtriverisnuo,
382 1195 418 1259 sd
433 1193 561 1280 reliquas
578 1203 781 1272 transeamus,
805 1191 829 1256 si
848 1191 926 1277 prius
946 1193 992 1257 dei
1009 1214 1091 1278 opem
1110 1194 1212 1282 implo-

68 1298 242 1378 raverimus,
272 1307 304 1362 ut
324 1297 452 1362 divinum
475 1297 560 1382 plane
582 1295 710 1380 suseepti
728 1294 826 1380 operis
848 1294 1011 1359 institutum
1034 1295 1136 1360 lavore
1158 1317 1211 1362 suo

67 1410 266 1485 prosequatur.

116 1639 420 1717 ADVERSUS
448 1636 743 1717 onleuttult
768 1635 1161 1732 substitutum,

356 1758 504 1836 haeresis
528 1757 673 1851 nstv„
698 1759 770 1836 sire
795 1757 920 1834 Lxlv.

140 1908 294 1998 Origenes
319 1922 514 1997 oognnmsnto
539 1909 731 1976 Adamantius
752 1909 897 1996 sequitur.
941 1905 1040 1975 Natus
1062 1909 1110 1976 bie
1131 1907 1212 1974 Leo·
1230 1925 1290 1996 cap.
1304 1929 1323 1979 t.

62 2013 121 2078 uida
139 2026 243 2100 patre,
269 2013 440 2080 beatissimo
461 2013 707 2097 sanctissimoque
723 2023 864 2100 martyre.
910 2009 970 2078 Sed
995 2023 1025 2076 et
1042 2013 1090 2076 ille
1110 2013 1211 2100 primis

59 2117 159 2180 aetatis
175 2137 251 2182 suae
271 2117 357 2181 annis
379 2117 470 2181 multa
488 2101 518 2180 iri
537 2114 743 2202 perseeutione
766 2115 842 2180 mala
866 2113 1023 2195 sustinuit,
1053 2127 1140 2201 atque
1162 2116 1213 2180 ubi

59 2217 168 2284 uirilem
185 2220 224 2285 ad
239 2229 365 2284 aetatem
382 2219 533 2304 pervenit,
558 2217 682 2284 Graeeis
698 2217 793 2282 literis
809 2217 937 2303 apprime
952 2217 1101 2298 excultus,
1125 2228 1211 2306 atque

59 2319 86 2384 ia
99 2321 250 2386 eeolesiae
266 2323 379 2407 gesimo
397 2321 541 2400 nutritus,
565 2319 660 2386 Deeio
680 2320 857 2406 imperatore
875 2319 1076 2385 Alexandriae
1093 2319 1210 2385 elarait.

61 2419 177 2488 Genera
204 2425 309 2512 qnippe
331 2425 499 2512 Aegyptius
522 2422 724 2488 Alexandriae
749 2421 925 2488 domieilium
951 2421 1211 2506 adunationemque

58 2537 159 2590 noetus
184 2537 244 2590 est.
291 2528 337 2592 Ao
360 2528 462 2592 neseio
481 2547 517 2590 an
536 2525 662 2591 Athenis
685 2545 799 2610 quoque
822 2524 937 2588 soboles
955 2523 1129 2608 aliquamdiu
1153 2525 1211 2588 ire·

58 2629 220 2710 quentarit.
265 2626 326 2694 Sed
348 2651 401 2715 pro
418 2625 587 2695 Christiana
611 2628 756 2713 religione
774 2647 809 2692 ae
827 2627 882 2691 fide
900 2622 1070 2710 Christique
1092 2626 1209 2691 nentina

57 2731 269 2817 quamplurima
295 2751 453 2818 perpessus
477 2752 544 2796 esse
563 2730 680 2796 dieitur.
724 2726 801 2793 Nam
825 2739 856 2793 ot
873 2729 902 2793 in
920 2729 992 2794 urbe
1011 2739 1122 2793 traotus
1144 2749 1210 2793 sae·

56 2831 116 2916 pius
135 2845 166 2898 et
184 2833 331 2898 oonuieiis
343 2833 467 2900 ad'eetus
485 2845 515 2898 et
530 2831 746 2900 immanissimis
763 2832 983 2916 quaestionibus
1000 2831 1210 2916 tormentisque

55 2936 208 3000 subiratus
223 2947 280 3000 est.
316 2932 398 3001 luter
414 2947 513 3000 cetera
527 2936 662 3000 adrasum
677 2935 755 3000 illum
772 2933 928 3023 aliquando
944 2932 1053 2999 Graeoi
1069 2953 1121 3020 pro
1137 2944 1210 2997 tem·

54 3037 88 3122 pli
104 3035 267 3124 Serapidis
291 3039 380 3124 (quod
401 3037 515 3103 illorum
537 3039 644 3102 idolum
666 3037 726 3119 est)
747 3037 885 3122 gradibus
902 3037 1081 3102 collocantes
1104 3035 1211 3120 palma·

54 3161 113 3204 rum
138 3141 284 3206 surculos
307 3141 337 3204 in
361 3161 415 3205 eos
433 3139 608 3204 distribuere
629 3139 780 3204 iusserunt
800 3140 848 3224 qui
872 3141 907 3204 sd
931 3139 1116 3203 exserendus
1137 3138 1211 3202 ritus

52 3241 207 3308 emundes
226 3243 484 3328 venerandumque
501 3243 687 3306 simulaorum
704 3242 832 3306 adibant.
871 3239 928 3305 llio
944 3243 1020 3305 enim
1037 3240 1210 3305 simularan-

52 3365 112 3408 rum
136 3347 220 3432 apud
244 3345 311 3409 illos
334 3345 537 3410 sacerdotibus
561 3355 608 3408 eat
631 3343 757 3408 babitus.
803 3344 844 3410 At
864 3341 1013 3429 Origenes
1040 3343 1130 3408 ramis
1152 3343 1209 3408 illis

51 3450 179 3536 arreptis
197 3467 307 3532 rnsgna
325 3469 399 3512 unos
419 3447 621 3530 eonstantiquo
640 3447 756 3524 animo,
779 3447 844 3510 sine
865 3447 924 3510 ulla
943 3457 1022 3510 metu
1040 3467 1075 3511 ae
1097 3445 1209 3510 dubite-

51 3551 127 3618 tiene
154 3554 201 3617 ila
227 3551 409 3618 vwileralus
432 3561 496 3614 esu:
527 3553 651 3624 Adeste,
675 3554 766 3632 cupite
786 3572 841 3612 non
866 3551 1080 3612 aemulum-orum
1103 3551 1206 3630 templi,

49 3661 95 3718 sed
110 3657 235 3720 emisa·
250 3656 405 3716 surculum.
451 3649 577 3716 Praeter
596 3652 669 3716 baee
691 3651 747 3716 alia
769 3651 978 3737 quamplurima
1000 3663 1068 3716 sunt
1090 3650 1208 3735 egregie

50 3758 101 3821 riri
125 3759 288 3833 laeinora,
313 3775 387 3840 quae
410 3765 527 3820 ueteres
550 3755 585 3819 de
608 3754 659 3820 illo
681 3754 873 3819 tradiderunt.

131 3859 198 3926 Sed
225 3858 258 3922 in
280 3858 422 3923 eiusmodi
443 3858 564 3944 praemii
583 3857 771 3946 possessione
795 3869 934 3944 perpetuo
957 3879 1014 3922 non
1037 3854 1207 3944 permansit.
1228 3867 1287 3938 cap.
1302 3870 1333 3920 tt.

48 3959 167 4028 Etenim
184 3962 228 4027 ob
248 3959 386 4024 eximiam
403 3960 605 4040 sanctitatem,
628 3971 660 4024 et
679 3960 889 4039 eruditionem,
913 3981 1054 4024 summam
1071 3969 1118 4023 est
1134 3957 1209 4022 inui-

48 4067 121 4130 diam
139 4067 307 4140 addnetus,
330 4084 423 4148 eaque
442 4083 491 4126 res
508 4063 695 4146 magistratus
713 4083 747 4126 ae
765 4065 929 4147 praefectos
945 4063 1084 4126 maiorem
1101 4061 1131 4126 in
1148 4083 1211 4125 nro·

48 4169 112 4234 dum
135 4169 237 4233 acuit.
283 4163 361 4231 Tum
386 4165 454 4230 illud
475 4185 547 4229 vero
567 4163 673 4230 diaboli
697 4164 854 4230 ealliditate
872 4163 1065 4250 improbitatis
1084 4164 1209 4230 artifices

47 4270 211 4336 momenti
228 4280 317 4348 sant,
340 4280 372 4333 ut
390 4269 424 4332 ad
447 4266 632 4354 turpitudinis
648 4265 853 4332 neeessitatem
877 4266 1022 4332 bominem
1044 4268 1206 4353 eligerent,

47 4423 196 4493 λογιότητος
214 4438 251 4476 aa:
265 4425 317 4475 eod.
332 4437 376 4474 sss.
385 4458 394 4486 ,
409 4426 486 4476 neaeto
498 4437 559 4488 uuo,
576 4437 619 4474 on-
686 4421 712 4472 2.
732 4425 847 4486 ltmtpst
862 4420 1007 4490 ἐπιποιῆσαι
1021 4437 1065 4487 pro
1079 4420 1209 4488 desuadeas

47 4501 161 4548 amu.
653 4493 801 4556 mmmm
818 4491 923 4544 numu
939 4493 1043 4543 aunon
