3116 4934
358 222 494 276 ΡΔΝΑΜΙ
510 224 574 279 Llll.
589 225 621 276 ll.
641 221 757 276 Tott.1.
774 221 874 276 HAER.
886 222 976 276 Lvttt.
1190 209 1250 272 167

397 479 625 558 θθΝΤΒΑ
651 477 951 572 VALESIOS,

344 601 492 677 baeresis
517 599 737 694 XXXVIII,
771 599 843 704 sire
868 597 998 676 LVIII.

172 753 400 842 Saepenumero
420 756 455 818 ds
475 751 605 818 Valesiis
629 752 811 832 audiuimusq
841 752 883 815 ite
900 763 997 818 umen
1021 761 1053 814 ut
1074 750 1110 815 de
1132 750 1249 816 illorum
1268 753 1328 822 cap.
1343 757 1361 805 ¹·

88 867 209 922 auctore
228 854 375 936 Valente,
401 856 518 920 ubinam
537 856 564 920 is
582 854 713 940 gentium
734 855 840 933 luerit,
864 866 916 919 aut
933 853 1077 918 undenam
1101 853 1250 918 excitatus

89 960 188 1040 inerit,
208 980 288 1043 quae
301 960 380 1024 illius
397 959 487 1038 dicta,
505 979 580 1043 quae
594 969 752 1043 praecepta
769 977 803 1022 ac
819 976 975 1022 sermones
990 953 1157 1036 extiterint,
1175 975 1250 1021 non·

87 1062 152 1126 dun
172 1059 341 1147 comperire
358 1061 551 1146 potuerimus.
591 1055 775 1144 Quamquam
793 1080 832 1124 ex
846 1059 911 1124 sius
927 1059 1057 1138 nomine,
1080 1057 1157 1143 quod
1171 1055 1249 1120 Ara-

87 1163 182 1228 bicam
212 1175 277 1242 est,
311 1155 450 1227 nonnulla
478 1163 563 1230 uobis
590 1162 719 1248 suspicio
743 1172 790 1226 est
813 1161 844 1224 iu
870 1162 972 1226 eadem
1002 1159 1083 1225 illum
1110 1158 1249 1246 opinione

87 1267 193 1344 fnisse,
217 1275 307 1350 atque
324 1266 416 1351 ipsius
436 1265 492 1330 boc
508 1277 641 1351 tempore
656 1263 771 1328 versari
788 1273 913 1342 sermm,
937 1284 1023 1348 quan
1040 1283 1108 1331 esse
1123 1261 1250 1328 nonnul·

87 1369 180 1434 lamro
198 1367 346 1446 diximus,
369 1367 463 1453 quiin
484 1364 621 1432 [lecatbis
634 1362 881 1451 Philadelpbenae
900 1366 1071 1450 provinciae
1093 1364 1168 1428 ultra
1185 1360 1249 1428 lor·

87 1471 193 1536 danem
210 1470 354 1537 habitant.
400 1468 460 1554 Qui
479 1469 595 1555 quidem
612 1469 648 1534 ab
666 1467 730 1532 eius
745 1468 802 1534 loci
821 1468 926 1543 incolis
942 1467 1078 1534 Gnostici
1094 1466 1248 1532 nominan-

88 1585 142 1640 tur.
193 1568 339 1655 Quamvis
356 1571 475 1636 minime
495 1570 630 1637 Gnostici
648 1569 727 1649 sint,
750 1581 783 1634 et
801 1571 838 1635 ab
855 1571 892 1634 iis
914 1569 1081 1655 opinionum
1104 1568 1248 1634 varietate

87 1675 277 1742 dissentiant.
324 1672 435 1738 Verum
454 1693 530 1758 qnae
546 1674 582 1737 de
599 1672 656 1740 illis
673 1693 761 1738 nosse
778 1673 943 1758 potuimus,
966 1693 1001 1736 sa
1021 1673 1084 1737 lere
1099 1683 1173 1744 ‚sont
1195 1671 1249 1736 bu·

86 1778 225 1844 iusmodi.
270 1771 420 1861 Principio
445 1774 546 1860 itaque
569 1774 724 1842 ecclesiam
750 1773 881 1861 plerique
905 1775 1147 1860 frequentabant,
1171 1773 1248 1860 quud

86 1902 120 1944 eo
142 1900 239 1963 usque
260 1879 354 1944 tenuit
372 1879 466 1961 donec
486 1877 662 1964 amplificata
679 1877 844 1964 diffusaque
865 1877 980 1944 illorum
1004 1876 1118 1942 insania
1140 1876 1176 1942 ab
1199 1897 1248 1941 ec·

85 1982 196 2049 clssiae
213 1980 366 2046 consortio
382 1981 534 2066 segregati
549 1991 630 2044 sunt.
672 1977 812 2046 Universi
832 2001 921 2066 porro
940 1980 1061 2046 nostrati
1078 1990 1160 2044 sunt.
1201 1980 1247 2042 Ac

86 2085 121 2148 de
134 2081 356 2168 Principatibus
371 2094 402 2147 et
413 2079 629 2160 potestatibus,
653 2082 819 2167 ceterisque
835 2083 911 2147 bunc
924 2083 955 2146 in
970 2083 1086 2147 modum
1103 2080 1245 2147 sentiunt.

86 2184 311 2270 Quemcumque
325 2205 399 2251 vcro
414 2185 445 2251 in
464 2203 547 2251 suam
564 2183 744 2270 disciplinam
762 2183 943 2270 receperint,
966 2184 1102 2271 quamdiu
1118 2184 1247 2252 noudum

86 2289 112 2351 ei
136 2297 263 2352 exsecta
285 2286 381 2350 virilia
403 2297 489 2365 sunt,
520 2286 557 2350 ab
583 2287 720 2352 animatis
744 2286 883 2352 abstinet.
928 2284 1127 2372 Posteaquam
1149 2295 1245 2352 autem

86 2391 148 2454 sive
164 2390 209 2454 illi
225 2389 439 2476 persuaserint,
462 2387 529 2452 sive
544 2388 691 2454 violenter
706 2390 910 2469 exsecueriut,
935 2400 994 2454 tum
1011 2390 1139 2466 demum,
1164 2386 1246 2472 qussi

86 2493 122 2558 ab
138 2492 221 2558 omni
245 2490 407 2558 certamine
427 2490 519 2570 liber,
543 2502 632 2576 atque
654 2501 741 2560 extra
765 2492 925 2577 periculum
944 2511 1031 2556 omne
1052 2489 1184 2576 positus,
1207 2509 1245 2554 ue

86 2594 218 2659 ciborum
235 2614 291 2659 usu
310 2595 345 2658 ad
362 2593 512 2658 libidinum
529 2594 695 2678 vuluptates
713 2594 920 2674 inflammetur,
945 2594 1147 2678 quodcumque
1165 2590 1245 2656 oibo-

86 2719 148 2760 rum
163 2717 260 2782 genus
276 2694 464 2782 permittitur.
494 2695 603 2781 Neque
619 2717 692 2762 vero
706 2717 777 2760 suos
792 2715 828 2762 eo
844 2696 930 2760 modo
946 2700 1090 2761 deomant
1103 2694 1245 2773 afficiunt,

87 2799 136 2862 sed
152 2797 242 2862 etiam
259 2799 432 2883 peregrinos
446 2819 536 2884 saepe
552 2807 741 2864 transeuntes
754 2800 832 2864 etad
846 2819 913 2866 sese
928 2799 1122 2876 divertentes,
1144 2817 1244 2882 quem·

88 2901 242 2964 admodum
262 2899 408 2984 frequenti
426 2900 463 2964 de
481 2899 538 2964 illis
560 2921 679 2965 rumore
696 2879 858 2988 spargitur:
902 2900 967 2966 llos
986 2901 1063 2965 enim
1081 2900 1159 2963 intus
1180 2920 1246 2964 cor-

87 3013 203 3087 reptos,
227 3013 258 3066 et
273 3002 397 3066 manicis
414 3023 449 3066 ac
468 3002 593 3068 vinculis
608 3001 758 3088 alligatos,
781 3004 928 3070 violenter
944 3003 1082 3068 membris
1100 3003 1164 3070 suis
1183 3023 1246 3066 mu-

88 3104 179 3170 tilant.
228 3103 311 3170 llaec
333 3115 403 3170 sunt
426 3125 501 3188 quae
524 3105 560 3170 de
585 3105 666 3170 bisce
687 3105 844 3172 haereticis
867 3105 1052 3191 accepimus3
1083 3104 1245 3189 dequibus

90 3227 152 3270 enm
175 3208 205 3270 id
233 3207 479 3290 cognoverimus,
510 3207 647 3292 quoniam
674 3206 704 3270 in
734 3208 801 3272 loeo
828 3208 1005 3274 dornicilium
1034 3207 1181 3287 babeant,
1209 3227 1245 3272 ac
1359 3277 1363 3282 ,

90 3309 327 3391 quemadmodum
347 3311 487 3394 frequens
502 3310 543 3374 sit
558 3308 635 3374 istud
652 3310 682 3374 in
700 3308 759 3376 illis
781 3309 952 3394 regionibus
972 3331 1097 3389 nomen,
1122 3331 1187 3374 cum
1203 3309 1245 3380 al·

91 3411 178 3476 terim
195 3412 330 3478 haeresis
346 3411 570 3497 appellationem
587 3412 695 3478 nullan
713 3413 926 3500 acceperimus,
949 3413 1014 3480 iure
1032 3414 1107 3478 banc
1121 3411 1243 3478 candem

90 3533 152 3578 esse
174 3513 260 3580 nobis
283 3513 496 3600 persuasimus.

89 3769 179 3821 ierim
205 3769 325 3821 sentinat.
365 3773 428 3822 Snus
452 3777 536 3822 anum
560 3787 646 3822 omnes
679 3777 784 3840 mospius·
799 3787 857 3827 mus
873 3777 981 3826 mittente
1001 3774 1144 3837 adscripsit:
1170 3771 1244 3831 „ch

88 3839 192 3898 meotis
220 3837 378 3906 praecipuam
393 3837 459 3890 seim
476 3839 603 3893 oollccsut
619 3839 646 3892 ia
680 3844 727 3894 ista
748 3842 809 3896 mibi
830 3843 933 3912 quidem
956 3841 1089 3896 omnmo
1124 3841 1182 3890 Cod.
1202 3842 1245 3892 l's·
1375 3874 1380 3884 ·

89 3917 306 4026 golfflssqll
329 3924 402 3976 quam
422 3906 542 3976 plurimos
566 3925 647 3959 eunu-
679 3917 746 4031 pctus
760 3915 828 4028 bubpt
845 3905 1244 4042 iilssl'qqml’tlimiiquffi

545 3995 546 4004 ¹
697 3995 731 4031 reu
772 3995 800 4029 us
834 3995 865 4032 uu
951 3997 986 4032 tce

121 4043 159 4096 10.
175 4037 244 4098 odra)
260 4045 314 4096 cod.
333 4045 409 4094 teet
683 4017 816 4098 (intrim
829 3998 891 4110 opii.
905 4050 971 4100 tbr‘tt.
988 4016 1014 4110 i.
1026 4044 1085 4098 810.
1100 4051 1122 4096 st
1138 4047 1199 4096 nas.
1215 4045 1244 4096 dc
1344 4066 1352 4082 ·

120 4111 158 4163 ll.
173 4113 261 4166 radam
277 4107 326 4194 γὰρ
343 4103 510 4178 αἰιαρτίζουσι
524 4115 577 4166 cod.
591 4117 645 4164 Vsa.
681 4117 740 4166 Noun·
758 4117 826 4166 lustr.
843 4117 909 4176 scyta
931 4129 983 4178 cap.
1000 4113 1024 4163 2.
1050 4114 1124 4178 (pap.
1138 4109 1163 4163 9.
1182 4113 1244 4176 Opp.

121 4180 357 4240 stertentium
370 4177 415 4232 acal
432 4183 484 4232 eod.
499 4183 554 4234 l'so.
683 4181 771 4250 crit),
804 4183 941 4232 Latinorum
958 4187 992 4232 est
1007 4181 1157 4234 subsellium.
1205 4181 1244 4244 Cf.

122 4247 159 4300 13.
177 4252 213 4300 lto
230 4251 282 4300 eod
302 4251 356 4300 Vsa.
393 4251 466 4314 Vutqa
483 4249 609 4320 διαγωγῇ.
679 4253 960 4304 numerusnumerous
971 4250 1130 4320 (Salmasius)
1147 4254 1243 4306 lacon

121 4313 158 4366 ll.
175 4319 320 4382 bpnllsirct
335 4319 389 4368 edu.
403 4319 486 4369 Perae.
679 4321 749 4381 [rdet.
758 4321 883 4372 Animadu.
894 4319 988 4370 Aatonis'
998 4319 1107 4372 Gmcostr'l
1121 4337 1146 4386 p.
1157 4317 1243 4387 79⁸1„

120 4385 157 4436 ¹5.
175 4387 288 4448 Petamus
302 4385 377 4436 edidit
394 4382 599 4452 ἑιιισυμψιλίοις,
624 4391 646 4440 st
679 4393 701 4438 st
717 4389 756 4440 bu
774 4389 860 4453 coqu
877 4389 951 4442 Gloss.
968 4401 987 4439 s.
1002 4402 1025 4441 o.
1047 4385 1216 4456 Συμψέλλιοι.
