3168 4942
364 227 502 282 ranunu
518 229 581 283 uu.
596 231 627 284 u.
644 229 728 284 rou.
742 231 774 285 u.
791 230 1001 284 unsnuxrx.
1205 221 1267 286 66³
1306 207 1308 212 '

106 345 183 410 bitos
209 365 359 412 assare-ra.
405 353 483 411 Vidit
502 355 592 426 enim,
625 351 735 435 inquit,
767 356 829 414 an
851 355 979 432 ln'gnum,
1013 357 1143 434 qnona'mn
1166 355 1267 416 bonnm

4 489 5 494 κ
106 453 202 512 estad
217 454 431 527 medendum,
457 465 487 514 et
503 456 655 534 pulchrum
672 458 744 516 cabaa.
790 452 1024 540 Proindcqucct
1040 455 1171 520 Adamua
1187 456 1267 520 iiiam

106 564 246 632 noverat,
271 563 301 618 ct
319 554 437 639 utrique
455 575 488 619 sc
514 567 614 620 mutuo
637 555 873 640 cognoscebant,
899 577 934 620 ao
956 554 1096 622 vibebant
1117 567 1148 619 et
1169 567 1267 622 tamon

105 654 194 739 longo
222 665 323 739 postea
351 667 500 742 tompore,
534 668 566 722 ut
591 658 737 743 scriptura
763 670 882 738 narrat,
913 664 1047 740 cognovit
1061 663 1157 722 Adam
1177 665 1374 738 connotat,
1390 682 1408 726 a.

105 763 252 838 contugem
273 781 364 822 snam.
413 757 473 826 sat
492 758 629 824 nimirum
647 759 729 846 prior
744 759 794 824 ilia
811 761 940 845 cognitio
960 781 996 824 ao
1012 761 1090 824 visio
1108 761 1144 826 tc
1161 781 1197 825 cu
1214 783 1267 826 uo-

107 859 189 938 titia,
214 881 289 944 quac
308 861 424 925 videndi
443 881 535 926 sensu
551 873 580 926 ct
596 861 791 947 inrettigenia
809 873 936 941 constat,
961 861 1115 947 accipitur.
1160 863 1204 928 At
1220 883 1268 928 sc·

105 963 199 1026 cuuba
217 973 334 1045 praeter
353 963 485 1028 notitiam
509 984 593 1028 usum
613 985 729 1049 quoquc
751 964 966 1050 complectitur.
1013 962 1265 1047 Quemadmodum

104 1061 211 1128 Doridi
229 1075 326 1128 astate
343 1064 400 1128 iarn
420 1067 525 1130 ab'ccta
543 1067 679 1149 contigit,
703 1076 736 1130 ut
751 1067 891 1152 scriptum
911 1077 974 1145 cst,
999 1071 1040 1130 Et
1052 1071 1260 1144 eenaa'tDam'd,
1276 1063 1371 1170 &giff-

102 1179 131 1228 et
151 1188 209 1228 non
228 1170 395 1247 calefiebat:
428 1179 458 1230 et
476 1173 615 1232 diamant
641 1174 670 1232 οι·
691 1174 770 1232 serui
787 1174 850 1243 sai,
886 1172 1049 1248 Quaeratur
1074 1174 1142 1250 regi
1165 1173 1265 1250 origo.-

101 1279 131 1328 ιι
152 1273 265 1330 sbventa
287 1271 452 1332 eatAba'sac
475 1275 651 1334 Sanamr'n's:
676 1281 707 1336 ct
722 1271 779 1349 ait,
805 1273 997 1352 calefaciebat
1018 1276 1125 1352 ι’ρειωι,
1149 1284 1178 1334 et
1199 1276 1265 1335 dor·

103 1372 209 1436 mestoc
228 1394 291 1433 cum
314 1375 382 1448 etto,
406 1385 436 1436 et
456 1394 512 1434 non
533 1377 666 1454 cognouit
683 1395 744 1436 cam
767 1377 867 1436 Dauid.
917 1369 1038 1454 Quaero
1054 1393 1128 1457 quac
1146 1374 1182 1438 ab
1201 1374 1266 1438 cius

101 1494 210 1558 corpus
226 1495 260 1538 ac
276 1475 352 1540 intus
367 1474 546 1554 accubabat,
572 1497 640 1542 num
657 1496 722 1540 cam
740 1476 878 1560 ignorans
896 1472 991 1538 uano
1009 1475 1122 1559 potuit?
1152 1473 1264 1542 Varum

101 1575 159 1638 boc
174 1575 202 1639 in
219 1576 284 1640 ioco
304 1599 362 1641 uon
384 1579 420 1642 do
439 1598 473 1641 ca
494 1578 663 1663 cognitione
687 1577 816 1661 loquitur
836 1597 911 1661 quae
934 1578 997 1641 sota
1020 1576 1111 1641 auimi
1133 1599 1267 1663 comprs-

101 1679 246 1744 bcusionc
267 1691 402 1758 constat,
435 1682 487 1744 seb
509 1699 585 1763 quac
612 1681 647 1744 ab
673 1699 756 1744 usum
784 1681 925 1744 refertur.
971 1676 1051 1743 Nam
1075 1689 1106 1742 ct
1129 1679 1206 1744 idom
1230 1681 1266 1744 bc

101 1777 193 1846 iacob
210 1793 384 1867 usurpatur,
418 1783 466 1866 qui
487 1793 599 1868 septem
619 1803 712 1848 annos
730 1803 794 1846 cum
813 1780 946 1846 Racbctc
965 1791 996 1844 ct
1011 1779 1069 1845 Lia
1085 1801 1193 1866 pecora
1216 1802 1266 1866 pa·

99 1893 199 1962 uerat,
223 1904 334 1969 easque
351 1884 443 1970 proba
459 1895 652 1968 cognoverat.
692 1881 894 1948 Nihilominus
911 1903 976 1946 cum
996 1885 1033 1948 be
1051 1883 1184 1948 honestis
1199 1883 1266 1948 itto-

100 2007 168 2050 rum
181 1988 289 2072 nuptiis
303 1988 448 2072 scriptura
469 1987 616 2072 loquitur,
641 1991 789 2069 Cognovit,
815 1985 920 2070 inquit,
941 1991 1023 2050 batam
1039 2007 1157 2050 acorem
1171 2007 1262 2050 cmm.

98 2085 189 2171 Quod
208 2089 345 2154 videlicet
360 2090 454 2175 prima
472 2089 602 2174 cognitio
628 2089 663 2152 ab
687 2087 911 2172 intelligentiam
936 2099 967 2151 et
989 2088 1108 2154 videndi
1132 2109 1265 2168 seusam,

97 2191 248 2275 posterior
263 2193 299 2256 ab
318 2213 401 2257 usum
421 2192 624 2276 actionemque
643 2191 803 2255 referatur.
839 2188 952 2254 Eodem
970 2193 1056 2254 modo
1076 2203 1106 2256 et
1124 2191 1155 2255 io
1172 2192 1266 2256 sacris

96 2293 197 2358 literis
212 2295 353 2378 tegimus,
380 2299 520 2376 Cognovit
537 2298 665 2358 dominas
680 2300 733 2377 qai
746 2306 816 2356 snat
826 2298 898 2356 etun
931 2289 1002 2356 Nou
1018 2293 1094 2376 quod
1112 2314 1165 2356 cos
1180 2293 1264 2378 igno·
1276 2294 1407 2393 bfftrpgst·

94 2406 147 2460 rct
164 2397 211 2480 qui
231 2397 276 2461 sui
294 2411 352 2462 uon
375 2409 462 2477 sunt,
485 2397 538 2462 scd
558 2397 675 2460 divinae
699 2395 876 2480 cognitionis
900 2415 936 2458 ao
954 2396 1143 2480 perfectionis
1166 2396 1264 2460 viset
1322 2381 1330 2405 ’
1369 2380 1375 2394 ⁸

95 2498 257 2562 efficacitas
281 2500 469 2584 exprimitur.
516 2495 590 2562 item
609 2498 700 2578 iilud,
722 2501 866 2562 Daioeda'tc
887 2519 966 2560 amc
979 2503 1108 2580 operanti
1125 2503 1260 2580 riuiquc'ta·
1272 2509 1327 2556 uuo.
1338 2511 1371 2566 ts,
1383 2511 1418 2556 at.

94 2607 156 2664 tie.-
180 2606 274 2664 nescio
297 2625 355 2664 uos.
403 2600 484 2665 Num
503 2601 587 2680 titos,
618 2601 694 2686 qnod
717 2600 753 2664 ab
772 2599 970 2684 coguitionem
995 2598 1117 2678 attinet,
1149 2599 1264 2664 nescie-

90 2704 169 2768 bat?
212 2700 272 2768 sot
296 2703 450 2782 nimirum,
480 2704 556 2787 quod
583 2703 648 2787 ipso
666 2700 746 2784 digni
770 2722 829 2765 nou
854 2711 955 2782 crant,
986 2702 1163 2786 cognitionis
1185 2700 1263 2766 iilius

91 2805 284 2870 efficientiam
304 2827 339 2870 co
362 2805 454 2870 narbo
475 2805 605 2868 sustulit.
653 2804 699 2867 Aa
717 2804 791 2868 baec
813 2803 843 2866 iu
863 2803 922 2867 aiio
939 2805 1024 2883 ioco,
1060 2809 1130 2880 Vos,
1155 2804 1260 2889 inquit,
1275 2817 1416 2875 umcros

89 2913 167 2970 noui
185 2931 222 2970 ce
243 2911 370 2970 omnibns
388 2904 533 2990 gentibus.
583 2904 667 2969 itanc
682 2907 775 2969 vorot
809 2901 957 2969 Nationes
975 2927 1091 2986 omncs,
1116 2927 1151 2970 ac
1171 2907 1261 2970 totius

92 3011 218 3074 humani
242 3011 362 3094 generis
379 3009 534 3074 multitudo
557 3008 634 3072 iliius
654 3007 816 3090 cognitioni
840 3006 1049 3072 subtrahant
1090 3008 1140 3073 An
1163 3027 1222 3070 nou
1246 3027 1262 3070 e

90 3113 249 3178 contrario
267 3113 314 3176 aci
331 3116 445 3195 caputii,
472 3117 525 3195 qui
543 3117 573 3174 a'n
595 3115 731 3192 curaeque
753 3113 874 3172 tamnu
895 3114 987 3191 capite
1007 3122 1091 3184 eunt,
1126 3119 1184 3172 tam
1208 3127 1259 3172 eo·
1285 3105 1384 3214 {32⁰3

88 3237 162 3280 rum
187 3214 236 3300 qni
262 3217 316 3300 ipsi
340 3214 491 3293 seruiunt,
524 3234 608 3297 quam
632 3213 680 3297 qui
704 3212 856 3298 imperium
881 3212 1061 3288 detrectant,
1096 3211 1133 3276 ab
1156 3209 1404 3276 conamus-¹¹2¹·

85 3317 148 3382 itto
170 3319 352 3381 noscuntur?
396 3315 487 3395 itam,
514 3321 581 3378 Viae
603 3337 676 3396 puae
696 3337 714 3376 a
736 3319 847 3378 deutris
867 3326 937 3378 sunt
956 3321 1034 3378 nouat
1053 3318 1132 3378 dans.
1179 3311 1403 3392 Nummorum.

87 3421 236 3484 sinistras
255 3419 393 3504 ignorat?
437 3416 534 3501 Quam
552 3418 643 3482 muita
659 3419 688 3482 it
706 3437 801 3502 gcuus
817 3417 853 3480 bc
870 3418 1070 3502 cognitionum
1094 3415 1262 3482 discrimine

86 3521 323 3588 commemorari
346 3533 480 3607 possunt.

183 3622 383 3709 Quamobrcm
403 3626 457 3688 boc
480 3627 574 3710 ipsum
597 3621 766 3707 unigenitus
783 3622 829 3686 bei
849 3621 924 3686 tilius
943 3623 1046 3686 votuit.
1091 3620 1171 3686 Nam
1194 3641 1260 3685 oum
1279 3619 1378 3740 xfipp}

77 3741 179 3812 pater
196 3731 260 3806 filei)
287 3733 421 3791 iudicium
443 3731 629 3800 commuteris,
665 3725 794 3790 vicissim
821 3723 868 3790 hic
892 3723 990 3788 iudicii
1015 3723 1092 3789 ittius
1115 3721 1416 3810 cognitio-mg&

126 3917 152 3967 8.
174 3913 268 3976 ἐννοίας
278 3918 411 3966 mandauit
419 3917 532 3966 Petautas
546 3915 664 3977 poncor·
734 3913 772 3968 tt.
790 3905 841 3980 ἄρα
858 3915 940 3975 scripti
956 3917 977 3963 ct
993 3915 1056 3964 eant.

82 3987 209 4046 nonum,
226 3987 266 4046 qut
281 3987 348 4034 uerttt
364 3999 408 4051 per
423 3982 587 4032 intellectum.
621 3976 663 4034 cu’·
733 3982 772 4034 12.
791 3969 842 4047 cicc
858 3982 927 4032 codd.
943 3995 998 4031 msc.
1033 3971 1086 4046 bico
1101 3981 1165 4030 cbttr'.

81 4051 163 4112 votae
189 4054 240 4102 aod.
266 4055 312 4104 tea.
337 4057 358 4102 ct
379 4053 443 4102 catti.
487 4045 591 4104 cb'mtan
611 4051 662 4100 cod.
731 4049 773 4102 ¹13.
792 4039 844 4115 ἄρα
859 4051 928 4100 codd.
944 4063 1000 4102 maa.
1034 4043 1085 4116 bico
1102 4050 1165 4098 editt

83 4123 195 4183 nneuap.
231 4117 324 4178 ἐννοίας
340 4123 449 4183 protunc
473 4121 545 4169 ettam
561 4119 663 4168 oomte·
733 4113 772 4168 14.
792 4120 833 4169 stc
854 4131 929 4180 cupra
951 4131 1004 4180 cop.
1020 4119 1059 4168 55.
1097 4113 1150 4168 οἶδε
1171 4111 1262 4183 ncipn‘

80 4203 136 4242 rus
145 4191 241 4239 Dtmert.
260 4189 289 4237 aa
300 4191 361 4239 Noua·
370 4191 520 4240 Instrumentt
533 4189 664 4248 sunem.
698 4181 801 4253 γραφὴ,
827 4187 906 4248 dicit,
931 4184 1027 4249 εἴδησιν
1044 4182 1088 4238 καὶ
1105 4184 1219 4250 εἴδησιν,
1241 4189 1264 4235 et

82 4259 154 4319 XL,
173 4259 234 4318 Opp.
254 4257 310 4306 crta.
325 4255 399 4319 pta,
697 4255 762 4318 a'np'm
774 4269 827 4316 cap.
836 4255 876 4305 st.
896 4249 946 4306 tat
961 4253 1004 4304 rob
1022 4251 1127 4318 καρδίαν
1142 4249 1187 4304 καὶ
1201 4269 1264 4320 καρ-

125 4323 154 4376 9.
172 4322 282 4374 rorum
295 4327 444 4375 scabendum
457 4319 501 4378 ὁτὲ
517 4320 570 4390 μὲν.
699 4321 770 4385 δίαν,
787 4319 891 4382 σαμόὃ.
910 4317 947 4382 ὠς
960 4311 1037 4376 ἄλλον
1051 4319 1097 4374 καὶ
1108 4313 1194 4374 ἄλλον.

131 4394 170 4444 to.
191 4385 569 4457 cipambmoccmenatauttt’ctoo.
593 4383 666 4458 cipro
735 4387 911 4440 cimxuvu.
931 4415 961 4428 -
999 4391 1021 4442 1.
1047 4384 1168 4458 χρήσιως
1193 4389 1262 4447 oobb.

82 4461 191 4520 οῦντας
206 4462 321 4511 librorum
338 4464 371 4512 est
386 4464 513 4524 scripturn.
698 4471 755 4510 anas.
773 4461 877 4523 merone.
