3128 4930
358 233 495 288 rnuunu
511 235 575 290 uren
589 236 620 287 ιι.
638 235 720 289 rou.
733 237 752 288 1.
769 235 870 288 naun.
881 235 958 290 uvir.
1180 225 1239 290 153

90 359 163 420 deira·
185 357 261 420 edne
283 357 322 418 ad
342 359 443 437 φησι.
489 359 601 420 Invenit
615 379 720 420 omnem
743 363 815 420 mam
834 361 985 433 setosae,
1015 370 1046 421 et
1063 361 1143 421 deda‘t
1161 361 1240 420 iliam

89 461 168 522 tacet
185 480 277 541 puero
290 480 361 532 eoa,
385 470 414 520 et
429 461 524 520 ierne!
541 463 642 524 dilecto
661 481 724 522 saa.
771 465 841 523 Post
854 464 923 524 daec
941 467 970 524 in
986 473 1065 523 terra
1086 467 1163 524 otas
1184 473 1237 536 eat,

89 575 187 626 eseam
206 563 366 624 tantoties
382 573 564 624 conversatas
580 574 632 624 eet.
676 560 805 643 Extis,
829 562 980 648 inquiunt,
1005 563 1241 628 animadvertere

89 675 166 751 potes
183 663 427 750 quemadmodum
445 663 591 750 scriptura
609 665 832 751 aospnpieuter
853 665 1010 744 informet,
1033 685 1071 730 ne
1090 667 1178 731 adum
1197 675 1242 730 at·

90 789 140 852 que
154 766 244 832 atium
263 767 349 830 deum
365 765 559 846 arbitremur,
583 788 647 830 oum
665 767 745 830 ilium
763 768 847 830 deum
865 787 933 832 esse
949 768 1043 832 sadum
1063 769 1170 833 asserit
1192 769 1241 854 qui

89 872 200 936 venerit
216 871 323 955 quique
340 879 441 954 posteo
459 868 498 932 sit
513 871 607 933 risus.
652 868 720 934 Adia
735 881 888 955 praeterea
905 891 946 934 ex
961 870 1054 936 sacris
1074 870 1168 935 literis
1189 891 1242 934 au-

89 974 221 1038 ctoritate
238 973 429 1036 contendunt.
476 973 644 1047 laborauit,
669 971 779 1056 inquit,
802 977 952 1054 Aegyptus
969 985 1000 1036 et
1012 977 1166 1054 negotiatio
1181 978 1241 1037 Ae-
1252 991 1350 1049 notat,
1361 994 1393 1038 te

88 1081 224 1159 ιΛιὶιριιιιι,
249 1087 280 1136 et
293 1076 400 1137 Sabain
419 1076 623 1136 cottsotntneo
639 1077 679 1136 ad
693 1085 721 1136 te
741 1075 917 1150 transibunt,
942 1088 971 1138 et
989 1081 1126 1138 servitui
1144 1089 1238 1139 eruat

87 1185 124 1242 t's
135 1179 322 1242 mtutotoos
336 1189 447 1259 postte
466 1182 555 1240 uincti
568 1182 700 1253 mansori,
725 1189 755 1239 et
767 1183 797 1240 t'n
814 1190 841 1240 te
856 1180 1031 1255 adorabant,
1055 1190 1084 1240 et
1099 1183 1129 1240 t'n
1146 1189 1173 1240 te
1193 1183 1242 1240 de·

83 1283 286 1364 pandantur.
335 1284 517 1359 Quaesissetis
536 1284 647 1342 tedeas
662 1292 714 1356 est,
739 1292 769 1342 et
782 1303 837 1344 noa
855 1293 898 1342 est
912 1285 981 1344 deus
990 1294 1108 1363 praeter
1122 1291 1158 1343 te.
1201 1285 1242 1344 Tu

86 1389 154 1446 mairo
171 1406 203 1446 ea
219 1387 304 1456 deus,
329 1393 359 1444 et
375 1384 581 1459 emeritanae,
605 1387 673 1445 deas
691 1387 787 1445 lsrael
804 1386 941 1446 salvator.
988 1381 1100 1461 Vides,
1124 1382 1240 1468 opinor,

85 1485 233 1571 ioquiuut,
257 1485 286 1548 in
305 1483 460 1570 scripturis
478 1506 568 1549 unum
586 1484 709 1550 indicari
727 1486 812 1549 deum
837 1505 871 1548 ac
890 1485 1042 1551 manifeste
1065 1485 1241 1572 praedicari.

88 1591 229 1674 Adeoque
247 1587 278 1651 in
299 1589 437 1652 coadesso
453 1598 499 1650 est
521 1609 608 1652 unum
628 1588 707 1653 ilium
727 1607 795 1652 esse
815 1607 850 1652 ac
869 1607 986 1673 semper
1006 1587 1150 1654 existere.
1195 1583 1243 1652 (ii

86 1693 168 1777 idque
186 1713 245 1756 nan
265 1690 363 1774 piures
378 1689 449 1752 deos
468 1691 659 1769 affirmamus,
684 1691 735 1754 sed
754 1712 842 1754 uuum
860 1691 1003 1754 duntaxat
1019 1691 1123 1770 deum,
1147 1689 1243 1775 quiet

87 1795 142 1881 pati
158 1793 230 1858 nihii
248 1791 342 1878 possit
361 1801 392 1855 et
409 1791 485 1855 idem
508 1793 557 1856 iiiii
576 1803 660 1878 pater
682 1794 721 1856 sit
742 1815 777 1857 ac
798 1793 890 1872 iilius,
915 1793 963 1878 qui
981 1792 1048 1856 ideo
1063 1813 1167 1878 passus
1190 1791 1242 1872 sit,

87 1908 116 1961 ut
130 1918 186 1960 uae
205 1915 258 1960 sua
278 1893 467 1980 perpessione
485 1907 637 1974 servaret,
662 1916 717 1959 neo
738 1896 826 1961 edium
848 1894 884 1959 ab
903 1915 939 1958 co
960 1895 1150 1980 pronuntiare
1174 1915 1242 1980 pos·

89 2021 198 2064 sumus.
245 1994 341 2081 Quam
359 1997 474 2082 quidem
492 1997 558 2060 iidei
575 1998 788 2082 professionem
805 2017 839 2060 ao
855 1998 1044 2083 depravatum
1060 1997 1241 2082 opinionem,

88 2102 132 2166 rel
154 2100 324 2187 pestiferam
344 2099 441 2185 potius
464 2098 626 2178 insaniam,
649 2099 828 2185 amagistro
851 2099 1027 2164 didicerunt.
1073 2099 1242 2184 Quinetiam

89 2205 141 2268 adia
163 2204 328 2290 scripturae
349 2201 440 2265 veria
463 2202 498 2265 od
520 2222 652 2266 errarem
674 2202 877 2266 stabiliendum
902 2203 1056 2282 adierant,
1087 2204 1191 2288 quibus
1214 2215 1245 2268 et

90 2307 254 2370 eorumdem
272 2315 449 2391 praeceptor
462 2304 608 2370 utebatur.
644 2303 791 2370 Nimirum
809 2305 854 2368 his
873 2305 974 2370 verbis
991 2307 1155 2391 apostolum
1173 2325 1244 2372 suae

90 2409 215 2495 apiuioni
238 2407 412 2493 suffragari:
444 2411 567 2488 Quorum
585 2420 654 2471 sont
671 2421 785 2491 potres,
809 2431 847 2470 ca
865 2409 967 2490 quitos
985 2411 1116 2470 carano
1141 2430 1241 2472 omun-
1253 2429 1320 2474 nocc
1333 2429 1396 2482 m

89 2517 149 2576 ton
170 2533 301 2586 earnem,
333 2516 385 2593 qui
403 2523 446 2574 est
463 2533 549 2593 snper
572 2517 665 2574 amatia
687 2515 755 2574 deus
774 2513 933 2574 benedictus
953 2515 982 2572 ia
999 2514 1111 2585 secula,
1136 2516 1240 2574 Amen.

91 2611 245 2700 sicigitur
260 2613 386 2700 simplex
405 2613 539 2697 quiddam
557 2615 612 2678 deo
630 2614 772 2698 uniusque
791 2615 901 2677 iormae
918 2612 1067 2690 tribuunt,
1092 2633 1126 2676 ac
1142 2611 1244 2676 Theo·

91 2719 184 2782 dotum
206 2717 369 2781 imitantur.
415 2713 493 2781 Nam
514 2727 547 2779 ut
562 2717 620 2780 iste
642 2717 677 2779 ad
696 2737 786 2781 ussum
808 2725 974 2780 extremum
996 2715 1166 2794 declinans,
1190 2735 1244 2780 nu·
1367 2709 1371 2720 ⁴

90 2821 151 2884 dum
174 2821 322 2884 hominem
341 2816 493 2884 Christum
513 2839 579 2882 essa
602 2819 755 2898 disseruit,
785 2817 828 2882 sic
848 2817 897 2882 iiie
918 2817 994 2881 aiiud
1018 2819 1053 2880 ad
1076 2829 1242 2881 extremum

89 2923 254 2988 desciscens
274 2923 397 2986 eundem
417 2941 488 2986 esse
502 2932 633 3007 patrem,
657 2921 745 2985 fllium
764 2919 946 3006 et.spiritum
969 2929 1119 2999 sanctum,
1144 2920 1244 2985 iunius·

89 3049 141 3112 que
164 3045 311 3111 personae
335 3024 454 3103 statuit,
479 3035 509 3087 et
526 3024 603 3088 huno
620 3025 713 3111 ipsum
733 3043 850 3108 pessum
872 3045 906 3088 aa
927 3033 1026 3087 netum
1048 3021 1242 3088 existimavit.

90 3127 146 3194 Sed
164 3149 261 3214 aeque
274 3126 421 3192 Theodoti
438 3137 600 3191 sectatores
616 3127 680 3192 reri
694 3126 802 3211 aliquid
820 3127 926 3191 elocuti
945 3136 1025 3207 suut,
1049 3145 1146 3210 neque
1161 3123 1245 3192 Noe·

90 3243 133 3295 tus
151 3243 202 3296 eut
222 3229 314 3296 Notat
333 3230 485 3314 disaipuii,
515 3229 564 3315 qui
583 3228 738 3309 inactus,
769 3229 824 3294 huc
848 3239 895 3294 est
918 3229 1079 3315 iusipiens,
1110 3229 1186 3314 quod
1207 3229 1243 3292 ad

89 3337 143 3399 rim
160 3333 273 3419 ingenii
289 3353 324 3396 ao
340 3332 506 3396 facultatem
525 3333 690 3418 pertinent,
712 3331 810 3418 potius
827 3343 871 3396 est
888 3332 1041 3410 dicendus,
1065 3353 1130 3396 cum
1147 3341 1245 3394 utros·

90 3459 143 3522 que
156 3459 191 3501 uo
207 3447 326 3500 ceteras
341 3455 444 3500 amnes
459 3455 475 3498 a
489 3433 614 3500 veritate
630 3435 803 3499 aberrantes
818 3455 922 3499 sacrae
936 3433 1040 3498 literae
1053 3435 1242 3518 redarguant.

171 3536 321 3623 Quocirca
339 3537 387 3624 qui
404 3549 530 3603 mentem
548 3538 578 3602 iu
595 3539 651 3602 dea
671 3527 798 3601 defixam
816 3537 938 3617 habeat,
962 3537 1069 3622 quique
1092 3557 1241 3602 sacrarum
1262 3551 1321 3621 usp.
1335 3552 1379 3604 ιιι.

88 3643 237 3708 literarum
257 3662 293 3704 ae
312 3641 433 3727 spiritus
451 3640 547 3706 saneti
569 3641 725 3726 splendore
748 3641 927 3705 illuminatus
949 3640 1054 3720 fuerit,
1079 3641 1106 3703 ei
1128 3650 1187 3705 tata
1210 3639 1246 3702 il·

90 3745 182 3808 ioeum
203 3742 337 3808 doctriua
355 3765 420 3808 cum
439 3743 533 3808 iaciiis
552 3745 587 3809 ad
604 3743 814 3821 refellendum,
839 3754 899 3808 tum
920 3745 1046 3808 amentia
1063 3742 1141 3806 omni
1159 3740 1246 3825 piena
1271 3769 1274 3774 ¹

89 3847 234 3912 rideatur.
289 3843 347 3911 Est
369 3848 446 3911 euim
471 3847 596 3932 insignis
620 3847 770 3911 cuiusdam
797 3847 851 3910 hoo
876 3845 1016 3911 audaciae
1047 3843 1177 3922 facinus,
1209 3864 1245 3907 ac

90 3969 268 4036 magnopere
289 3961 477 4015 excaecatam
495 3960 621 4016 mentem
636 3950 714 4014 iliam
735 3959 851 4034 oportet
871 3969 938 4012 csse
955 3965 1029 4034 quac
1046 3946 1169 4010 eundem
1193 3968 1245 4032 pa·

91 4061 163 4116 uem
182 4073 248 4116 csse
272 4051 351 4116 dicat
366 4064 396 4118 et
413 4055 535 4118 eundem
558 4052 664 4129 titium,
688 4062 775 4135 atque
793 4051 917 4114 cundem
940 4050 1066 4132 denique
1083 4069 1155 4122 ,esse
1178 4071 1246 4135 pes·

91 4175 167 4219 sum.
210 4153 296 4240 Quae
312 4156 360 4240 qui
377 4157 521 4240 garriunt,
546 4156 619 4219 sutis
636 4175 689 4218 eos
706 4163 786 4216 recta
805 4152 866 4237 ipsa
885 4151 960 4215 ratio
979 4152 1137 4216 discernet.
1172 4151 1246 4219 Ete-

92 4261 150 4321 nim
172 4259 219 4344 qui
239 4259 302 4322 deri
328 4268 423 4344 potest
443 4269 474 4323 at
490 4260 567 4324 idem
586 4268 670 4346 pater
686 4255 725 4320 sit
743 4277 777 4320 aa
799 4256 894 4319 iilius?
936 4252 1014 4319 Nam
1038 4255 1064 4319 si
1087 4255 1163 4320 didius
1185 4267 1243 4336 est,

91 4381 212 4426 necesse
232 4371 279 4425 est
293 4360 416 4425 alicuius
432 4361 471 4426 sit
488 4361 580 4443 iilius,
605 4383 621 4426 a
638 4359 750 4446 quasit
766 4359 895 4444 genitus.
940 4355 995 4424 Sin
1019 4370 1103 4446 pater
1124 4370 1188 4438 est,
1212 4379 1247 4421 se

93 4461 184 4548 ipsum
202 4485 347 4552 generare
364 4463 436 4530 uidit
451 4475 560 4554 potest.
605 4462 713 4553 Neque
731 4465 809 4528 enim
823 4462 853 4526 id
870 4462 982 4550 ipsum,
1006 4463 1083 4548 quod
1104 4461 1180 4526 ilius
1202 4461 1245 4524 di·
